3104 5296
850 457 891 515 92
1251 458 1306 517 ΙΙΙ.
1335 459 1486 517 lia-182

285 643 374 718 Quod
392 644 502 703 autem
524 644 563 705 ad
585 644 682 705 verba
700 643 818 705 attinet
841 644 926 706 haud
949 646 1019 705 sine
1043 646 1176 706 consilio
1199 649 1268 707 tarn
1290 647 1384 719 longa
1405 646 1487 704 utitur

240 745 441 817 expositione
474 747 578 818 poeta.
614 746 697 806 Nam
732 746 840 821 plures
875 746 973 807 simul
1008 747 1095 808 locos
1133 748 1314 808 homericos
1347 747 1487 807 illustrare
1540 814 1541 817 ρ

242 844 320 905 vult.
346 845 492 906 Primum
515 846 615 908 libera
638 847 779 920 quadam
803 847 985 909 imitatione
1009 850 1155 922 sequitur
1180 872 1204 907 v.
1230 850 1271 909 28
1294 865 1378 923 sqq:

929 946 1023 1026 αὐτὰρ
1045 945 1203 1022 Ὀδυσσεὺς

484 1046 578 1109 πολλὰ
600 1046 674 1126 πρὸς
697 1045 796 1125 ἠέλιον
819 1047 953 1126 κεφαλὴν
975 1047 1059 1128 τρέπε
1083 1049 1318 1127 παμφανόωντα,

485 1150 575 1209 δῦναι
598 1147 793 1229 ἐπειγόμενος·
818 1148 854 1227 δη
878 1149 933 1229 γὰρ
957 1149 1091 1227 μενέαινε
1114 1149 1243 1211 νέεσθαι.

485 1248 525 1323 ὡς
550 1246 578 1311 δ’
605 1246 642 1310 ὅτ’
669 1248 745 1331 ἀνὴρ
769 1250 892 1330 δόρποιο
915 1251 1064 1329 λιλαίεται,
1088 1246 1141 1336 ᾧτε
1165 1261 1306 1332 πανῆμαρ

484 1353 566 1414 νειὸν
589 1349 632 1414 άν’
659 1352 781 1432 ἕλκητον
803 1355 855 1433 βόε
878 1355 981 1415 οἴνοπε
1004 1354 1117 1433 πηκτὸν
1141 1353 1277 1434 άροτρον,

486 1453 637 1529 ἀσπασίως
661 1451 692 1516 d’
717 1454 775 1536 άρα
798 1467 837 1540 τῷ
860 1454 968 1518 κατέδυ
991 1457 1069 1533 φάος
1093 1455 1202 1535 ἠελίοιο
1225 1481 1251 1517 κ.
1270 1480 1294 1517 τ.
1313 1460 1347 1532 λ,

241 1559 275 1616 at
306 1556 404 1617 simul
433 1557 539 1618 locum
572 1573 669 1633 quem
701 1559 867 1633 spectabat
898 1574 1055 1620 exornare
1083 1560 1195 1634 voluit,
1219 1561 1315 1634 idque
1338 1560 1413 1621 iecit
1432 1558 1488 1618 aliis

242 1659 388 1720 eiusdem
422 1659 555 1720 Homeri
588 1660 668 1721 locis
705 1660 867 1721 adhibitis.
910 1662 1007 1721 Addit
1045 1662 1132 1722 enim
1171 1663 1287 1723 novale
1324 1662 1401 1722 illud
1433 1672 1488 1720 esse

242 1763 395 1833 quattuor
416 1763 565 1836 iugerum
589 1766 625 1833 (σ.
651 1763 715 1823 374
750 1761 927 1840 ,τετράγυον
951 1756 980 1820 δ’
1007 1761 1085 1840 εἴη’)
1108 1779 1171 1837 quo
1195 1779 1244 1825 vs.
1268 1765 1331 1824 179
1352 1779 1398 1837 sq.
1421 1759 1487 1822 audi·

241 1863 365 1923 toribus
387 1862 420 1923 in
445 1867 589 1925 mentem
613 1868 743 1926 revocet
766 1882 790 1923 ο.
815 1866 877 1925 311

485 1965 512 2025 εί
534 1960 564 2026 δ’
589 1956 629 2026 αὖ
652 1964 702 2026 καὶ
725 1965 792 2046 βόες
815 1959 873 2026 εἶεν
897 1963 1066 2044 ἐλαυνέμεν,
1088 1965 1122 2026 οἴ
1139 1987 1193 2046 περ
1217 1963 1340 2045 άριστοι,

484 2067 614 2140 αἴθωνες
637 2068 758 2149 μεγάλοι
780 2090 805 2127 κ.
826 2090 849 2127 τ.
871 2072 895 2127 λ.

241 2169 288 2230 sic
317 2170 521 2231 occasionem
552 2174 668 2232 nactus
700 2171 798 2246 addit,
833 2185 994 2243 quaenam
1021 2170 1119 2231 boves
1143 2171 1284 2246 optimae
1308 2170 1375 2231 sint
1397 2170 1490 2231 haben·

240 2270 316 2330 dae:
353 2270 584 2348 ,Στυμφαιίδες,
610 2271 847 2348 είναετιζόμεναι,
869 2268 1035 2350 κεραελκέες
1057 2272 1090 2330 αἲ
1112 2267 1169 2351 μεηί
1195 2268 1343 2348 άρισται”,
1367 2272 1491 2345 glossam

240 2371 350 2443 glossa
386 2374 561 2447 explicans.
596 2374 680 2434 Nam
717 2372 1038 2449 εἰναετιζόμεναι
1076 2373 1156 2433 nihil
1190 2373 1254 2433 nisi
1289 2370 1493 2447 interpretatio
1543 2380 1544 2389 ¹

195 2494 197 2498 ’
242 2476 293 2534 est
324 2476 458 2550 epitheti
488 2476 614 2536 obscuri
646 2477 680 2535 et
710 2472 920 2552 ἀμφιμαχήτου
943 2497 969 2533 κ.
996 2475 1036 2534 19
1064 2472 1153 2551 ,βοὸς
1179 2471 1357 2551 ἕννεώροιο”
1386 2475 1423 2535 de
1444 2487 1494 2546 qua
1542 2468 1543 2472 ’

243 2591 320 2636 voce
351 2577 450 2651 igitur
478 2593 541 2638 non
573 2578 706 2651 adoptat
737 2576 954 2637 Callimachus
982 2592 1093 2637 eorum
1117 2576 1310 2651 opinionem,
1334 2576 1497 2650 dequibus
1544 2572 1545 2575 ’

242 2677 436 2739 Aristoteles
459 2678 527 2752 agit
549 2678 578 2738 h.
602 2695 632 2738 a.
655 2678 707 2738 Vi.
729 2680 781 2739 21.
803 2674 986 2755 3;”Ομηρόν
1006 2694 1080 2753 φασι
1099 2673 1294 2753 πεποιηκέναι
1316 2672 1393 2748 τινές
1413 2673 1497 2754 ὀρθῶς
1547 2695 1548 2736 1

241 2777 406 2855 ποιήσαντα
446 2776 572 2858 ,άρσενα
603 2778 821 2856 πενταέτηρον”
848 2777 898 2838 καὶ
921 2778 953 2838 τὸ
985 2776 1075 2857 ,βοὸς
1099 2775 1285 2857 έννεάροιο”·
1310 2777 1500 2838 δύνασθαι

241 2877 311 2958 γὰρ
345 2878 498 2940 ταύτόν.
533 2881 643 2955 Neque
670 2881 791 2956 dubito,
822 2880 1002 2954 quiaillud
1033 2876 1266 2958 κεραελκέες
1295 2884 1390 2952 (quae
1418 2879 1501 2940 lectio

241 2981 363 3055 optime
395 2998 414 3042 a
443 2982 636 3043 Schneidero
668 2983 801 3043 defensa
831 2985 892 3052 est)
923 2985 1093 3055 tamquam
1117 2982 1445 3055 interpretamentum
1466 2979 1504 3040 sit

242 3083 398 3143 homerici
430 3083 579 3143 adiectivi
611 3079 849 3162 ὀρθοκραιράων,
879 3083 974 3156 idque
1011 3083 1208 3143 adiectivum
1244 3081 1460 3143 Callimachus
1487 3097 1505 3141 a

242 3182 447 3243 substantivo
477 3181 563 3262 κέρας
590 3186 795 3246 derivaverit.
818 3184 859 3244 rt
882 3185 995 3245 eodem
1016 3186 1148 3245 tandem
1172 3199 1270 3244 versu
1298 3185 1352 3244 ubi
1374 3184 1506 3245 occurrit

246 3284 344 3360 ,βοῶν
379 3281 640 3364 ὀρθοκραιράον”,
672 3288 823 3349 inductus
851 3287 979 3347 stabula
1010 3287 1130 3347 indicat
1166 3301 1242 3346 voce
1274 3286 1383 3345 minus
1417 3285 1507 3346 solita

243 3384 408 3463 κόπρος;
432 3391 468 3446 Σ.
492 3390 556 3450 573

488 3487 520 3548 ἕν
542 3484 571 3549 δ’
600 3487 708 3568 ἀγέλην
731 3489 836 3566 ποίησε
859 3490 940 3566 βοῶν
964 3484 1200 3567 ὀρθοκραιράων·

486 3590 521 3650 αί
541 3587 573 3651 δέ
597 3590 665 3668 βόες
687 3595 807 3669 χρυσοῖο
830 3590 979 3668 τετεύχατο
1004 3585 1176 3667 κασσιτέρου
1200 3610 1238 3663 τε,

487 3697 637 3775 μυκηθμῷ
661 3687 690 3751 δ’
716 3689 775 3750 ἀπὸ
799 3690 913 3769 κόπρου
939 3688 1130 3750 ἐπεσσεύοντο
1154 3689 1290 3767 νομόνδε.

288 3794 324 3853 In
356 3795 473 3854 ceteris
503 3811 629 3869 quoque
661 3796 782 3855 formas
815 3795 996 3855 homericae
1025 3785 1136 3868 ὦλκα,
1158 3791 1317 3869 τέμνειν
1342 3797 1402 3855 etc.
1427 3799 1511 3855 recte

244 3897 406 3971 servavit;
430 3898 513 3970 quod
537 3901 648 3958 autem
673 3898 777 3958 forma
804 3902 946 3972 θεηται
970 3902 1021 3966 (an
1045 3893 1187 3971 dipteri)
1212 3911 1292 3955 usus
1316 3900 1376 3971 est,
1401 3897 1433 3957 id
1456 3897 1511 3957 lor·

244 3998 333 4057 tasse
367 3998 560 4059 documento
594 4015 667 4059 esse
702 4000 819 4073 poterit
851 3999 1051 4058 Zenodoteae
1082 3997 1211 4056 lectioni
1242 3999 1279 4054 Α.
1307 4000 1368 4058 198
1400 3991 1509 4057 τῶνδ’

245 4093 341 4157 ἄλλων
376 4096 455 4170 οὔτις
490 4099 606 4177 ὅρητο
643 4100 692 4169 (ο1.
726 4105 761 4157 Α.
787 4103 839 4169 bb)
876 4115 951 4159 eum
988 4099 1108 4158 lavisse
1143 4098 1181 4158 de
1212 4114 1276 4171 qua
1307 4099 1514 4160 Aristarchus

249 4195 372 4276 ,ἀγνοεῖ
390 4196 422 4259 δὲ
446 4198 489 4260 ότι
513 4199 650 4278 Δωρικὸν
673 4199 833 4278 μίγνεται”.
860 4234 899 4243 -
925 4202 1052 4260 Novum
1078 4215 1154 4260 vero
1186 4204 1236 4260 est
1270 4198 1324 4274 ,τὰ
1352 4196 1383 4258 δὲ
1416 4201 1515 4275 φάεα

245 4299 450 4377 μηκύνανται”
483 4303 566 4375 quod
597 4301 765 4376 Apollonio
788 4301 851 4370 (IV.
878 4305 952 4371 961)
984 4303 1030 4362 ita
1054 4301 1175 4376 placuit
1196 4302 1335 4362 imitari:
1366 4300 1516 4380 ,εἰαρινοῦ

246 4401 407 4477 μηκύνεται
429 4399 540 4480 ἤματος
565 4395 664 4462 αίσα.”

290 4604 478 4666 Transitum
515 4606 554 4665 ad
589 4621 663 4666 eam
697 4608 834 4681 partem,
866 4622 929 4681 qua
958 4607 996 4667 de
1029 4605 1160 4667 urbibus
1191 4606 1311 4667 Dianae
1342 4608 1456 4684 sooria,
1481 4609 1518 4671 de
