3320 5432
771 1687 836 1758 ΙΙΙ.

520 1939 764 2023 HYMNUS
791 1939 853 2022 [N
877 1940 1094 2024 DELUM.

669 2151 845 2220 (Hymnus
866 2150 940 2219 N.)

713 2391 898 2399 ——n—

212 2656 344 2730 Hymno
370 2657 494 2730 quarto,
517 2655 578 2730 cui,
603 2671 666 2716 non
687 2654 886 2728 longitudine
907 2654 976 2714 sola
997 2653 1179 2730 excellenti,
1201 2655 1269 2730 ipse
1290 2657 1323 2717 ni
1347 2657 1440 2719 fallor

162 2761 262 2834 poeta
297 2756 440 2830 palmam
471 2757 644 2832 deferebat,
680 2757 811 2829 quantis
838 2757 944 2830 potuit
971 2756 1120 2816 laudibus
1144 2757 1371 2819 sanctissimae
1395 2759 1439 2819 in-

161 2859 259 2919 sulae
287 2858 423 2930 gloriam
453 2873 615 2918 exornans
638 2872 734 2932 saepe
760 2856 989 2932 Callimachus,
1014 2859 1053 2917 ab
1077 2857 1168 2930 epica
1196 2859 1379 2920 narratione
1403 2875 1441 2920 ac

162 2961 306 3022 dictione
329 2959 486 3019 decedens
510 2958 683 3034 paulisper,
708 2958 826 3032 lyricos
849 2959 1055 3032 tragicosque
1079 2959 1191 3031 poetas
1215 2957 1352 3020 libenter
1375 2976 1439 3022 seo·

163 3065 265 3123 tatur.
302 3060 369 3136 Quo
403 3059 440 3120 fit
470 3063 507 3120 ut
537 3075 668 3122 carmen
696 3060 874 3134 Deliacum,
907 3061 984 3121 licet
1008 3061 1048 3121 ad
1072 3059 1260 3133 exemplum
1284 3062 1439 3124 homerici

162 3165 202 3224 in
234 3162 417 3238 Apollinem
451 3162 565 3235 hymni
596 3161 822 3236 compositum,
848 3161 1020 3221 verborum
1048 3160 1153 3221 colore
1176 3176 1214 3221 ao
1237 3176 1354 3235 genere
1378 3165 1439 3224 dic·

163 3266 266 3326 tionis
289 3265 453 3338 aliquanto
476 3265 543 3324 iam
562 3264 689 3336 longius
709 3263 748 3323 ab
773 3263 907 3337 antiqua
930 3263 1094 3322 homerica
1114 3262 1250 3324 dialecto
1277 3269 1439 3326 remotum

164 3367 213 3428 sit
245 3380 345 3441 quam
378 3365 521 3438 hymnus
555 3365 672 3425 tertius
704 3378 723 3423 a
754 3378 816 3436 quo
845 3366 967 3438 tamen,
999 3363 1028 3422 ei
1063 3363 1139 3436 quid
1167 3364 1270 3441 video,
1294 3367 1441 3441 perbrevi

165 3469 324 3544 temporis
358 3467 463 3543 spatio
485 3467 586 3527 distat
613 3460 643 3535 ¹).
668 3465 824 3539 Equidem
849 3466 879 3524 si
902 3465 935 3524 in
955 3465 1089 3537 legendo
1112 3465 1232 3538 lyricae
1256 3468 1440 3542 tragicaeve

164 3571 318 3632 dictionis
352 3568 539 3642 exemplum
570 3570 716 3628 occurret
742 3569 925 3627 memoratu
949 3566 1082 3639 dignum
1107 3566 1140 3627 id
1163 3582 1225 3628 non
1251 3569 1439 3646 neglegam

163 3674 337 3748 praecipue
359 3675 470 3732 tamen
494 3672 545 3731 hic
568 3685 693 3745 quoque
717 3670 908 3748 adonicum
932 3685 1118 3729 sermonem
1142 3672 1319 3732 attendam.

212 3774 261 3833 Ab
288 3774 491 3834 invocatione
514 3772 652 3833 solemni
670 3765 691 3842 ²)
716 3787 853 3832 exorsus
877 3772 965 3833 hisee
992 3773 1097 3832 verbis
1121 3775 1216 3847 poeta
1240 3788 1371 3834 carmen
1395 3775 1438 3833 in·

164 3877 303 3936 conasse
327 3875 407 3936 mihi
431 3874 573 3935 videtur:

212 3975 267 4037 Vs.
295 3977 323 4036 1.
394 3973 456 4052 Τὴν
479 3972 562 4055 ἱερὴν
584 3965 608 4034 ὦ
631 3969 711 4050 θυμὲ
733 3970 766 4033 τὸ
789 3981 847 4032 νῦν
870 3972 976 4052 χρόνος
999 3968 1086 4035 εἴποτ
1113 3972 1208 4034 ἀεῖσαι

391 4080 502 4153 Δῆλον,
524 4074 705 4146 Ἀπόλλωνος
728 4073 942 4155 κουροτρόφον·
966 4067 985 4154 ἦ
1009 4072 1063 4154 μὲν
1086 4073 1198 4136 ἅπασαι

391 4177 555 4254 Καιιλάδες,
578 4177 610 4236 αἳ
631 4175 733 4253 νήσων
756 4175 908 4256 ἱερώταται
931 4175 975 4236 εἰν
999 4173 1047 4236 o‘rll
1065 4181 1185 4255 κεῖνται,

390 4275 525 4356 elopem,
547 4282 645 4356 Δῆλος
669 4271 697 4337 δ’
724 4273 818 4338 ἐθέλει
840 4275 876 4336 τὰ
899 4286 1000 4358 πρῶτα
1023 4275 1168 4358 φέρεσθαι

203 4561 222 4626 ¹)
240 4563 316 4612 Varia
338 4561 370 4608 de
392 4560 441 4608 hac
463 4573 491 4607 re
513 4559 607 4606 indicia
632 4558 750 4619 exposuit
768 4560 978 4620 oppugnavitqne
995 4559 1108 4608 lihrlich.
1126 4559 1142 4606 l.
1160 4559 1177 4607 l.
1195 4574 1220 4621 p.
1240 4561 1279 4608 1³.
1296 4559 1356 4621 Ipse
1373 4561 1437 4608 Ehr-

165 4642 261 4690 liohins
279 4641 312 4688 ud
329 4653 424 4688 annum
443 4641 491 4686 264
510 4639 632 4698 hymnum
651 4636 785 4685 Deliacum
803 4638 946 4685 detrudens
962 4639 1027 4687 mihi
1044 4639 1148 4699 quidem
1165 4653 1216 4688 non
1232 4641 1367 4700 persuasit

201 4718 221 4786 ³)
240 4722 278 4768 Cl.
297 4735 355 4780 pag.
375 4721 389 4766 5
408 4723 434 4766 el
451 4721 490 4765 45.
