3104 5296
73 105 121 166 IV.
148 106 321 165 1444150
671 107 731 166 145

110 293 324 366 sequentibus
356 292 504 353 versibus
534 307 575 353 ex
599 308 678 354 suae
701 293 820 354 aetatis
843 292 1043 367 mythologie
1065 297 1165 368 auget
1189 297 1338 356 sternat

67 396 234 457 Pindarica
252 395 331 456 dum
353 394 451 455 adicit
472 394 605 468 imagini
623 395 774 455 ardentes
793 394 967 469 cyclopum
988 394 1143 457 officinas.
1164 398 1201 456 In
1222 398 1338 470 quibus

67 497 221 559 vocabulo
255 493 501 575 θερμάστρατ
542 496 598 565 (ita
640 496 727 556 enim
768 511 843 556 oum
879 495 1035 556 Meinelrio
1069 496 1241 571 legendum
1277 502 1338 568 est)

66 600 211 660 00111100
241 597 396 659 indicavit
429 598 532 672 poeta,
564 612 645 671 quos
676 597 801 671 proprio
833 598 963 658 nomine
989 597 1152 660 Homerus
1175 615 1238 660 non
1262 601 1339 661 indi·

65 701 206 776 caverat,
234 700 264 760 10
293 699 436 759 enimin
460 697 594 760 Vulcani
619 698 748 760 officina
771 700 980 760 describenda
1002 707 1063 777 ττῦρ
1095 702 1191 762 modo
1214 702 1341 763 dixerat

66 800 114 880 (Σ.
140 804 205 864 474
240 799 367 880 ,χαλκὸν
398 794 426 860 δ’
453 797 485 860 ἕν
507 798 581 881 πυρὶ
603 799 759 878 βάλλεν”);
791 799 1000 880 πυράγρην
1033 805 1145 863 autom
1169 819 1210 864 ex
1233 805 1338 879 hoplo-

66 904 157 979 poeia
180 906 291 964 noster
315 904 506 979 desumpsit.

109 1004 165 1066 Vs.
189 1006 252 1066 146
273 1003 397 1065 lebetas
417 1019 498 1078 quos
518 1005 681 1065 Homerus
704 1002 839 1075 αἴθωνας
859 1019 1104 1078 nonnumquam
1117 1007 1209 1083 dixit,
1233 1027 1337 1083 παρτ-

65 1106 239 1184 τμήταυς
263 1108 358 1167 vocat
376 1108 495 1182 noster,
516 1106 718 1167 homericum
738 1104 925 1182 τνολύκμητας
941 1107 1109 1168 innovans.
1125 1108 1338 1187 -1αχεσσι

66 1225 139 1270 cum
160 1208 393 1270 recentioribus
412 1208 558 1283 scripsit;
577 1208 757 1283 praesentis
778 1208 865 1269 enim
886 1208 992 1268 forma
1013 1206 1109 1286 ἰαχέα,
1128 1211 1163 1271 in'
1174 1213 1338 1285 tragoedia

66 1311 150 1372 haud
177 1311 374 1384 infrequens,
397 1310 460 1384 ipsi
484 1310 624 1370 Homero
647 1309 811 1382 incognita
835 1312 905 1369 erat
928 1310 982 1382 qui
1005 1312 1168 1384 praesenti
1192 1315 1337 1387 tempore

67 1411 138 1490 ἰάχα
173 1414 304 1472 tantum
334 1411 474 1472 adhibet.
516 1411 586 1471 Non
618 1412 729 1471 tamen
759 1410 853 1482 longe
890 1408 1108 1472 callimachus
1142 1413 1175 1472 in
1209 1414 1269 1473 hac
1304 1428 1338 1474 re

67 1514 231 1576 aberravit
238 1533 246 1589 ;
287 1513 425 1574 occurrit
464 1512 551 1573 enim
590 1512 623 1572 11
661 1513 834 1572 homericis
874 1513 1007 1585 hymnis
1045 1515 1187 1574 aoristus
1217 1513 1337 1592 ἰάχησεν

65 1617 184 1692 (hymn.
216 1616 251 1674 in
285 1613 383 1674 00101.
416 1615 478 1683 20).
509 1613 619 1686 Neque
652 1613 757 1688 magis
788 1613 966 1688 culpandus
991 1617 1052 1691 est,
1076 1616 1159 1689 quod
1183 1611 1337 1693 ἄραβος

63 1718 105 1777 (10
132 1717 225 1792 clipei
249 1716 374 1790 fragore
393 1716 486 1791 dixit,
510 1730 584 1775 cum
608 1714 771 1775 Homerus
793 1715 896 1775 semel
918 1717 965 1787 (Κ.
979 1718 1053 1786 371)
1074 1732 1111 1778 00
1133 1718 1337 1778 substantivo

62 1833 147 1879 usus
166 1818 325 1893 crepitum
345 1817 492 1878 dentium
515 1812 631 1894 ἄραβον
654 1818 811 1878 vocasset.
837 1816 926 1892 Quod
949 1817 1105 1879 immutat
1128 1821 1248 1895 noster,
1270 1835 1337 1880 ver·

62 1919 145 1980 bum
169 1916 318 1997 ἀραβῆσατ
343 1920 376 1979 01
398 1915 615 1996 ἀμφαραβῆσαι
636 1919 832 1980 recordatus.

111 2021 234 2083 Versus
260 2022 321 2080 147
346 2022 544 2080 structuram
563 2019 699 2080 minime
723 2021 906 2094 elegantem
929 2034 969 2082 ne
990 2022 1182 2082 coniecturis
1202 2023 1336 2096 corrige·

55 2138 143 2184 nnus
161 2125 232 2185 iure
258 2127 369 2185 monet
397 2124 578 2185 Schneider.
606 2126 713 2198 Auget
737 2141 851 2186 versus
875 2126 1050 2186 duritatem
1074 2123 1222 2184 vocabuli
1245 2131 1336 2200 τῆμος

54 2239 148 2287 meus
166 2225 318 2287 insolitus
337 2225 376 2286 de
395 2241 458 2298 quo
478 2226 545 2286 dixi
562 2241 659 2301 supra
672 2240 742 2300 pag.
759 2220 1333 2303 131110101100001111000124.

114 2428 168 2490 Vs.
192 2431 265 2489 148.
289 2426 419 2505 Πηνειὸς
443 2421 474 2488 ‹l‘
500 2426 556 2501 οὐκ
578 2419 663 2500 αὖτις
687 2425 809 2507 ἐχάζετο,
832 2433 919 2505 μῖμνε
943 2421 971 2487 δ’
997 2423 1105 2505 ὁμοίως

289 2526 427 2608 καρτερὸς
451 2525 490 2601 ὥς
513 2527 548 2589 τὰ
570 2537 679 2607 πρῶτα·
702 2528 780 2601 θοὰς
805 2523 833 2589 δ’
865 2527 1003 2607 ἐστήσατο
1027 2527 1122 2605 δίνας,

197 2630 260 2691 150
289 2628 383 2690 εἰσόκε
406 2629 438 2691 οἱ
461 2627 565 2708 Koraia
588 2627 725 2692 ἐκέκλετο·
753 2630 860 2714 ,σῴζεο
883 2632 1004 2712 χαίρων,

290 2730 387 2816 σῴζεσ·
411 2730 451 2811 μὴ
475 2732 512 2794 σύ
535 2727 558 2812 γ’
585 2730 663 2811 ἐμεῖο
687 2732 790 2817 πάθῃς
812 2732 906 2794 κακὸν
930 2732 1027 2793 εἵνεκα
1050 2730 1139 2809 τῆσδε

289 2828 348 2892 ἀντ’
382 2832 588 2912 ἐλεημοσύνης·
612 2834 728 2914 χάριτος
752 2832 786 2894 δέ
808 2857 852 2895 τοι
875 2828 962 2895 ἔσσετ’
989 2831 1132 2912 ἀμοιβή.”

111 2936 156 2997 De
176 2951 254 2997 voce
277 2926 360 3008 αὖτις
380 2937 445 2997 iam
466 2938 589 2999 dictum
605 2954 703 3012 supra
723 2953 793 3013 pag.
811 2939 860 2998 13.
882 2938 970 3014 Quod
986 2937 1142 3012 sequitur,
1167 2931 1338 3013 ἐχάζετο,

56 3037 244 3098 secundm
259 3053 356 3099 usum
377 3039 576 3100 homericum
597 3040 743 3100 adhibuit
760 3041 952 3116 accuratius,
973 3040 1093 3114 opinor,
1111 3052 1209 3111 quarn
1233 3059 1338 3116 ,καρ-

62 3137 177 3217 τερὸς
210 3137 374 3218 ἕμτμνε”
409 3142 492 3214 quod
528 3142 582 3201 vix
612 3141 700 3217 spice
732 3141 855 3202 dictum
885 3141 1021 3215 videtur,
1045 3153 1124 3200 nam
1146 3138 1226 3198 nihil
1251 3138 1338 3199 aliud

65 3240 155 3302 10101
184 3241 248 3301 nisi
282 3236 510 3319 ,ἐκαρτέρησε”;
544 3240 622 3302 10110
645 3245 757 3302 autem
784 3256 864 3302 usus
888 3241 976 3301 vocis
999 3232 1137 3318 καρτερὸς
1160 3255 1274 3300 vereor
1296 3256 1337 3301 ne

67 3354 128 3403 nou
164 3341 248 3402 00110
283 3342 473 3404 defendatur
503 3358 600 3403 versu
639 3342 665 3402 1.
700 3344 763 3402 242
799 3358 861 3416 quo
904 3342 1028 3404 Helena
1062 3342 1193 3402 Ulixem
1227 3345 1338 3401 ταλα-

69 3443 245 3523 σίφρονα
279 3444 439 3505 laudavlt:
475 3437 553 3521 ,ἀλλ’
586 3436 651 3504 οἷον
678 3437 741 3504 τόδ’
773 3441 849 3522 ἔρεξε
879 3440 929 3502 καὶ
963 3442 1029 3521 ἔτλη
1059 3442 1198 3523 καρτερὸς
1229 3440 1338 3523 ἀνήρ”.

69 3544 185 3606 Itidem
208 3545 426 3607 recentiorum
449 3546 555 3620 magis
578 3561 676 3620 quam
700 3546 834 3606 Homeri
860 3561 958 3606 usum
981 3546 1128 3618 sequitur
1151 3561 1338 3606 memorans

70 3646 213 3708 Peneum
247 3645 492 3724 ,στήσασθαι
522 3644 573 3719 τὰς
604 3646 720 3719 δίνας”.
752 3647 803 3706 110
833 3647 921 3707 enim
952 3648 1052 3707 Attici
1083 3647 1188 3707 dicere
1223 3647 1338 3722 solent,

69 3748 236 3826 στήσασθαι
258 3746 309 3807 τὸν
332 3747 417 3827 ῥοῦν,
439 3749 523 3823 quod
546 3750 656 3810 noster
675 3748 738 3809 alio
759 3748 853 3809 modo
873 3749 1027 3809 iudicavit
1047 3763 1094 3808 vs.
1119 3749 1180 3808 133
1204 3744 1339 3826 ,ἠρώησε

68 3846 160 3929 μέγαν
183 3846 287 3927 died&
312 3849 429 3910 Oontra
452 3851 535 3925 apud
558 3849 738 3911 Homerum
760 3852 795 3909 Φ.
810 3851 873 3910 313
895 3847 978 3926 ,ἵστη
997 3852 1099 3926 κῦμα”
1120 3851 1217 3910 attolle
1235 3851 1339 3911 0κάαο
1399 3902 1400 3906 ,

68 3952 166 4027 valet,
197 3952 233 4011 01
262 3949 398 4029 ἴσχεσθαι
431 3954 467 4011 Φ.
501 3954 564 4013 336
598 3951 734 4012 inhibere
763 3966 874 4024 aquas.
901 3951 1067 4012 -Versu
1103 3953 1165 4012 150
1200 3951 1340 4029 εἰσόκε,

68 4054 185 4115 vitiose
216 4053 350 4127 dicium,
381 4053 499 4114 iniuria
529 4055 640 4113 tamen
675 4053 814 4114 editores
846 4055 919 4128 post
946 4053 1142 4115 Meinekium
1165 4055 1337 4127 corrigunt.

68 4154 248 4216 Commune
280 4155 367 4215 enim
394 4155 512 4214 vitium
536 4154 567 4214 id
592 4169 664 4215 esse
687 4155 837 4214 omnibus
860 4155 914 4228 qui
939 4154 1128 4215 Callimachi
1151 4155 1339 4229 exemplum

65 4260 259 4331 sequuntur,
284 4256 399 4316 multis
421 4255 530 4317 docuit
552 4255 775 4316 Schneiderus.

1231 4362 1258 4404 10
