3090 5294
824 441 865 499 58
1266 444 1324 503 111.
1351 443 1482 503 36-40

215 650 245 708 p.
259 634 334 703 600)
356 630 453 709 „daeg
473 653 523 709 μαι
542 631 655 711 πύργος
668 625 821 708 Ἑλλήνων
840 629 976 708 πατρίς”,
996 632 1031 692 et
1046 630 1188 705 profecto
1209 628 1331 705 optime
1344 628 1484 690 Cratetis

215 736 294 797 illud
317 735 527 797 decantatum
548 736 684 796 noverat
708 733 924 795 callimachus
948 732 1047 807 (Diog.
1072 733 1177 792 Laert.
1200 731 1253 792 VI.
1279 733 1332 801 98)

461 835 516 916 οὐχ
538 828 579 909 είς
601 835 714 915 πάτρας
737 857 788 914 μοι
809 834 932 914 πύργος,
955 832 991 896 ού
1015 833 1068 912 μία
1091 830 1185 913 στέγη.

260 940 429 1000 Postremo
460 939 557 1023 ξυνη
588 943 647 1008 (vs.
681 940 734 1008 38)
764 938 923 1011 tragicum
956 937 1008 998 est
1037 952 1096 998 nec
1127 935 1347 1012 Homericum,
1380 937 1414 995 et
1442 935 1486 995 ite

216 1057 341 1115 quoque
364 1037 483 1100 άλσεα
508 1045 567 1112 (vs.
589 1040 652 1116 38),
676 1039 836 1114 siquidem
863 1039 920 1100 vix
944 1038 1078 1099 dubium
1100 1039 1177 1112 quin
1204 1039 1314 1098 nostro
1337 1037 1407 1098 loco
1432 1037 1485 1096 mi·

215 1159 277 1204 nus
312 1143 503 1205 indicaverit
539 1140 650 1220 Ι,τύπον
680 1140 863 1219 σύνδενδρον
903 1139 985 1218 ὕδωρ
1016 1137 1140 1218 ἔχοντα”
1171 1138 1222 1210 (cf.
1255 1137 1359 1199 Schol.
1392 1137 1418 1197 D
1448 1137 1485 1197 ad

217 1247 250 1307 Β.
276 1248 351 1316 506)
378 1261 478 1319 quam
499 1243 628 1322 τέμενος,
650 1245 687 1304 ut
710 1243 904 1304 vocabulum
928 1242 1074 1303 adhibuit
1096 1241 1169 1302 Eur.
1197 1240 1309 1300 troad.
1336 1241 1376 1300 15

461 1343 556 1424 ἔρημα
579 1339 608 1405 δ’
633 1341 707 1423 άλοη
730 1341 781 1404 καί
803 1348 885 1404 θεῶν
908 1340 1065 1422 ἀνάκτορα.

260 1549 314 1611 VS.
340 1553 392 1612 39.
930 1537 970 1618 ὧς
994 1542 1010 1607 ὁ
1033 1541 1088 1624 μὲν
1111 1543 1202 1606 εἰπὼν

439 1653 541 1729 μῦθον
564 1647 725 1730 ίπεκρήηνε
747 1647 880 1729 καρήατι.
904 1649 989 1728 βαῖνε
1013 1644 1045 1708 δὲ
1067 1648 1162 1726 κούρη
1195 1713 1198 1722 ,

438 1749 544 1811 λευκὸν
567 1748 615 1811 ἐπί
638 1754 789 1830 Κρηταῖον
812 1747 880 1832 ὅρος
902 1748 1105 1829 κεκομημίνον
1127 1750 1195 1834 etp,

441 1850 530 1913 ἔνθεν
554 1846 595 1913 ἐνί
617 1846 771 1913 Ὠκεανόν·
794 1849 901 1925 πολέας
925 1847 954 1911 δ’
981 1849 1132 1925 ἐπελέξατο
1154 1852 1276 1929 νύμφας

441 1953 548 2027 [πάσας
572 1951 708 2032 είνετίας,
729 1953 827 2027 πάσας
851 1951 892 2014 ἔτι
914 1953 1025 2027 παῖδας
1049 1951 1211 2033 άμίτρους)

437 2059 518 2135 χαῖρε
542 2050 574 2115 tt
597 2055 745 2136 Κοίρανος
769 2054 901 2134 ποταμὸς
924 2052 1008 2137 μέγα,
1029 2060 1110 2137 χαῖρε
1133 2051 1165 2116 δὲ
1190 2055 1305 2134 Τηθύς,

339 2158 381 2217 45
439 2157 548 2218 οὕνεκα
571 2154 740 2238 θυγατέρας
764 2156 898 2236 Λητωίδι
921 2154 1040 2236 πέμπον
1062 2155 1215 2237 άμορβούς
1233 2153 1262 2230 ¹).

262 2258 358 2319 Redit
381 2273 456 2320 cum
478 2260 662 2321 narratione
686 2261 727 2321 ad
739 2260 867 2336 epicum
886 2275 989 2334 genus
1008 2260 1079 2335 ipsa
1100 2261 1212 2336 dietio;
1236 2261 1357 2322 attam
1377 2259 1487 2336 primis

219 2361 327 2421 verbis
349 2360 479 2422 lieentia
501 2362 642 2436 quadam
662 2362 765 2422 utitur
784 2362 895 2422 noster
913 2361 947 2422 in
972 2377 1050 2422 voce
1070 2359 1299 2441 λπενιρήηνε.
1318 2362 1404 2423 Nam
1426 2376 1489 2422 ver·

217 2462 296 2522 bum
319 2458 509 2541 ἐπικραίνειν,
531 2464 615 2536 quod
639 2463 671 2523 in
691 2462 791 2524 Iliade
811 2466 844 2524 et
867 2462 1013 2537 Odyssea
1036 2479 1163 2539 semper
1185 2479 1258 2525 eam
1279 2463 1348 2523 vim
1368 2463 1489 2524 obtinet

219 2565 265 2640 ut,
297 2564 381 2637 quod
412 2564 452 2624 ad
483 2580 617 2627 sensum
648 2566 797 2643 pertinet,
828 2565 912 2626 ferat
934 2567 1234 2640 interpretationem
1258 2564 1488 2626 Grammatico·

218 2681 292 2726 rum
326 2663 478 2743 „oporte
508 2664 657 2727 ἐπιθεῖναι
687 2667 855 2747 πράγματι”
889 2667 940 2737 (cf.
973 2684 1003 2729 v.
1030 2668 1189 2730 Lecuwen
1220 2667 1316 2728 Ench.
1348 2682 1379 2742 p.
1404 2669 1488 2741 494),

220 2766 437 2829 callimachus
461 2784 537 2830 cum
556 2770 656 2845 stirpe
678 2791 749 2848 κρυτ
774 2769 944 2831 cohaerere
967 2770 1097 2844 quidem
1117 2771 1186 2846 ipse
1207 2784 1334 2844 quoque
1358 2769 1441 2831 vidit
1459 2769 1490 2829 et

219 2871 329 2943 aperte
360 2869 556 2942 significavit
586 2869 780 2950 (,,λπενιρήηνε
810 2869 1013 2950 κυρήσεθ’)
1041 2887 1101 2934 nee
1125 2874 1237 2932 tamen
1260 2873 1492 2946 interpretatur

219 2966 378 3030 ἐπιτελέσαι
400 2972 458 3032 sed
480 2974 588 3047 potius
613 2970 725 3052 κρατί
748 2974 920 3053 βεβαιῶσαι,
939 2982 1082 3053 κυρῶσαι,
1105 2975 1249 3049 Iuppiter
1268 2973 1356 3034 enim
1377 2973 1493 3047 capitis

218 3075 301 3133 nutu
324 3088 389 3134 non
412 3076 452 3136 ad
475 3073 573 3135 finem
600 3075 761 3149 promissa
784 3076 939 3152 perducit,
964 3077 1020 3137 sed
1041 3075 1161 3136 firmat.
1186 3076 1226 3136 Et
1246 3076 1279 3135 ni
1302 3073 1396 3135 fallor
1415 3074 1497 3134 latet

219 3174 455 3248 quodammodo
486 3175 563 3236 talis
594 3175 816 3251 interpretatio
841 3178 873 3237 in
897 3177 1002 3238 Schol.
1027 3177 1068 3238 ad
1093 3179 1126 3238 Β.
1152 3179 1216 3239 419
1241 3170 1340 3247 (οὐδ’
1368 3171 1428 3254 ἄρα
1451 3174 1497 3235 πώ

219 3274 251 3335 ολ
279 3272 464 3356 ἐπεκραίαινε
490 3276 640 3356 Κρονίων)
672 3278 728 3339 ubi
757 3278 876 3352 legitur
907 3279 1115 3340 adnotatum:
1152 3277 1222 3355 „tad
1246 3286 1299 3338 τοῦ
1322 3298 1368 3337 πυ)
1393 3275 1500 3337 ἐλπίδα

219 3375 371 3438 ὑπολείπει
390 3386 441 3457 τῆς
460 3377 555 3458 εὐχῆς
576 3376 624 3439 ἐπί
644 3375 677 3439 δὲ
699 3381 832 3452 Θεανοῦς
852 3377 1047 3441 ἀνένευσε
1067 3380 1237 3460 Κρονίαν”.
1258 3379 1379 3441 Eodem
1400 3380 1502 3453 igitur

220 3479 286 3540 fere
317 3480 420 3541 redire
450 3481 645 3543 scholiastae
673 3483 800 3544 videtur
824 3480 856 3542 τὸ
880 3479 1038 3560 λπυιρῆναι
1061 3492 1100 3565 τῷ
1124 3478 1286 3542 ἐπινεῦσαι.
1310 3481 1403 3542 Idem
1428 3495 1499 3542 cen·

220 3582 288 3641 suit
320 3580 548 3659 Callimachus,
576 3598 651 3644 cum
674 3584 755 3645 haec
779 3582 934 3645 scriberet
955 3584 1037 3645 bene
1059 3600 1187 3645 memor
1210 3599 1322 3646 eorum
1346 3597 1431 3656 quae
1456 3582 1497 3642 sd

220 3682 349 3744 Thetim
373 3684 516 3759 Iuppiter
537 3685 621 3746 dixit
644 3687 682 3746 A.
708 3686 790 3747 526:

598 3785 634 3848 ού
658 3784 714 3866 γάρ
737 3784 809 3865 ἐμὸν
831 3786 1046 3867 παλινάγρετον
1069 3780 1137 3848 odt'
1163 3782 1315 3863 ἀπατηλὸν

442 3881 509 3948 οὐδ’
535 3884 799 3966 ἀτελεύτητον
822 3886 866 3948 ὅτι
887 3909 939 3948 κεν
963 3892 1078 3972 κεφαλῇ
1102 3887 1281 3948 κατανεύσω.

221 3988 302 4050 Cum
327 4004 403 4049 vero
429 3985 607 4069 ,ἐπικρήηνε
629 3990 774 4069 κυρήσεθ’
800 3991 914 4052 eodem
936 3992 1039 4053 redire
1067 3992 1180 4066 poetae
1205 3991 1312 4050 visum
1333 3989 1378 4048 sit
1397 3990 1499 4063 atque

220 4093 335 4173 κεφαλγ
355 4086 506 4151 ἐπινεῦσαι
525 4093 576 4164 (ci.
596 4093 654 4154 111.
676 4093 728 4165 28)
754 4094 856 4154 oritur
875 4093 1026 4169 suspicio,
1051 4091 1203 4166 quamvis
1225 4091 1318 4166 levis,
1331 4090 1498 4166 placuisse

256 4385 275 4450 ¹)
293 4388 424 4436 Lacunam
442 4389 533 4437 etetnit
550 4391 609 4449 poet
626 4401 664 4437 ve.
684 4389 714 4436 41
737 4387 917 4444 Schneiderus,
936 4400 1040 4436 versum
1057 4387 1218 4435 intercidisse
1232 4387 1352 4447 opinatus
1370 4399 1422 4446 quo
1441 4401 1501 4435 ner-

220 4467 325 4517 rabatur
349 4469 376 4515 in
402 4469 477 4516 creta
503 4468 587 4515 insule
610 4467 756 4515 Amnisides
780 4481 795 4514 ιι
820 4467 902 4514 Βίαντι
927 4468 1016 4527 accipi,
1043 4467 1121 4514 telem
1145 4469 1230 4514 autem
1249 4480 1352 4514 versum
1369 4480 1450 4514 rersn
1469 4469 1501 4516 te

219 4550 319 4595 tentum
337 4561 387 4594 non
405 4548 530 4608 postulari
556 4547 694 4594 iudicabat.
721 4545 848 4606 Equidem
875 4547 1019 4606 putaverim
1038 4546 1132 4594 melino
1152 4546 1208 4593 loco
1227 4546 1334 4607 consuli,
1352 4545 1374 4592 si
1392 4559 1501 4595 versum

221 4629 262 4689 43,
279 4627 401 4675 hocloco
419 4627 486 4675 mele
504 4628 633 4688 iteratum,
651 4629 734 4674 totum
752 4625 893 4674 deleamus.
911 4626 995 4682 Quare
1013 4626 1114 4674 uncinis
1131 4625 1232 4673 inclusi.
