3090 5294
61 475 87 534 1.
115 474 246 535 72-73
461 551 466 561 ·
678 474 719 534 er

62 663 137 723 doto
151 662 289 723 Matutae
301 663 415 723 multis
427 664 500 737 post
511 664 605 723 annis
620 664 697 732 nato
709 676 805 735 quam
820 662 950 736 scripsit
962 661 1187 736 Callimachus,
1200 677 1331 735 prorsus
1392 614 1398 670 ’ἶ
1509 638 1513 648 ’

62 763 151 823 aliud
174 764 272 824 inerit
294 765 327 824 in
358 764 491 838 reliquis
515 766 663 825 versibus
683 768 716 825 et
735 766 908 825 evanescet
932 779 1006 824 cum
1027 764 1167 824 imitatio
1181 798 1221 807 —
1235 780 1332 838 quarn

63 864 165 925 etiam
189 879 274 926 nuno
301 866 409 926 inesse
439 881 521 940 nego
541 900 582 909 -
603 868 672 926 tum
695 866 889 940 oppugnatio
914 865 1111 926 Callimachi.
1141 866 1251 939 Neque
1275 868 1334 927 boc

62 966 147 1039 fugit
166 968 304 1028 lanium.
325 969 451 1029 Vellem
472 984 547 1029 vero
566 983 629 1029 non
649 968 728 1028 talia
740 968 958 1040 excogitasset
969 969 1007 1027 ut
1022 968 1218 1028 sententiam
1231 968 1333 1028 semel

62 1070 250 1143 susceptam
272 1069 456 1130 defenderet
474 1070 583 1143 qualia
602 1085 687 1130 nunc
707 1070 826 1143 promit
845 1084 875 1143 p.
901 1071 952 1129 54.
975 1069 1144 1130 Contendit
1163 1069 1250 1128 enim
1267 1070 1334 1129 iam

63 1168 260 1230 callimacho
281 1186 413 1231 versum
435 1173 495 1231 731
518 1173 631 1230 notum
652 1170 763 1245 fuisse,
777 1173 811 1230 at
822 1171 988 1244 ignorasse
1001 1185 1075 1230 eum
1089 1170 1332 1243 Aristarchum3

62 1270 203 1331 Cratetis
236 1271 350 1332 deinde
384 1272 579 1347 discipulum
614 1272 814 1332 Zenodotum
849 1271 988 1332 bialoten
1020 1271 1168 1330 hausisse
1201 1286 1331 1330 versum

61 1373 164 1431 istum
185 1387 226 1432 ex
245 1371 334 1433 fonte
349 1374 488 1446 quodam
502 1374 621 1448 ignoto,
634 1388 732 1446 quern
744 1375 855 1434 tamen
868 1374 934 1433 iam
947 1372 1093 1433 novisset
1105 1371 1331 1433 Callimachus.

61 1473 145 1534 Rern
180 1474 354 1536 admodum
386 1476 630 1551 improbabilem
665 1474 819 1535 iudicabit
850 1475 1043 1548 quicumque
1067 1489 1179 1536 secum
1203 1476 1333 1548 reputat

5 1646 8 1647 ⁷
61 1578 220 1648 quantam
243 1591 356 1637 curam
377 1578 410 1636 in
431 1577 565 1638 Homeri
589 1576 782 1638 editionibus
801 1578 962 1652 parandis,
983 1578 1194 1649 versibusque
1215 1577 1333 1651 spuriis

60 1678 214 1738 notandis
236 1680 311 1738 ante
334 1679 560 1739 Aristarchum
583 1692 709 1751 quoque
732 1678 799 1737 iam
824 1677 1021 1751 antiquiores
1048 1678 1258 1738 Alexandrini
1282 1679 1333 1738 ad·

59 1779 233 1839 bibuerint.
258 1778 397 1840 Versum
431 1781 543 1840 autem
576 1780 617 1839 N.
644 1780 705 1840 731
731 1793 751 1838 1
775 1778 972 1839 Callimacho
994 1765 1027 1839 in
1052 1780 1120 1840 suis
1144 1779 1332 1853 exemplari·

59 1880 123 1940 bus
144 1880 444 1942 110010011111110
464 1882 503 1942 de
520 1895 580 1941 suo
604 1879 765 1940 adiectum
790 1879 861 1940 ideo
880 1881 942 1941 sibi
953 1881 1116 1955 persuasit
1127 1881 1237 1940 lanius
1249 1880 1332 1953 quod

59 1981 93 2041 in
106 1982 216 2043 verbis
233 1979 325 2058 „dila
336 1979 433 2059 μέλειν
444 1979 586 2061 detecto?
600 1981 746 2043 consulto
759 1998 779 2042 a
792 1982 998 2059 Callimacho,
1016 1982 1193 2043 secundum
1206 1996 1331 2042 morem

59 2084 262 2144 homericum
289 2082 340 2159 ,τὸ
371 2080 441 2143 titio
460 2081 535 2162 πρὸς
553 2082 586 2142 τὸ
605 2079 703 2162 ἕτερον
722 2083 943 2162 ooyruxrtotoon
965 2084 1102 2144 videbat.
1127 2082 1168 2142 Et
1189 2081 1332 2157 profecto

59 2201 161 2262 grave
184 2184 224 2245 de
247 2186 309 2246 hac
331 2201 366 2246 re
389 2184 510 2246 bellum
536 2185 597 2245 fuit
619 2184 704 2244 inter
726 2185 959 2258 grammaticos
978 2184 1225 2259 Alexandrinos,
1248 2182 1331 2259 aliis,

60 2302 198 2362 quorum
223 2286 285 2346 fuit
308 2287 526 2362 Aristarchus
557 2286 748 2359 simpliciter
778 2286 966 2347 notantibus
997 2288 1171 2348 discrimen
1195 2301 1215 2346 a
1237 2287 1332 2361 poeta

57 2388 257 2463 neglectum,
292 2388 364 2449 aliis
395 2388 516 2448 mirum
548 2388 707 2461 quantum
738 2403 773 2448 se
796 2390 1020 2461 torquentibus
1042 2392 1080 2450 ut
1103 2406 1123 2450 a
1145 2388 1205 2449 tali
1226 2387 1331 2462 negle-

56 2490 171 2565 gentia
204 2489 383 2552 Homerum
420 2489 619 2550 vindicarent
654 2488 704 2558 (cf.
737 2488 852 2550 Scholl.
889 2490 929 2550 ad
964 2493 989 2551 1.
1014 2493 1096 2564 313;
1132 2490 1217 2558 472).
1250 2489 1330 2566 Quid

57 2592 99 2652 de
135 2606 174 2651 11
205 2606 239 2651 re
272 2591 489 2652 Callimachus
517 2590 669 2650 statuerit
700 2589 731 2648 id
762 2604 851 2666 sane,
883 2592 920 2650 ut
951 2593 1038 2652 recte
1068 2593 1181 2654 monet
1209 2592 1330 2665 lanius,
1458 2660 1462 2674 ἱ

57 2693 163 2767 liquet
193 2708 235 2753 ex
266 2692 369 2767 ipsius
400 2692 547 2753 versibus
575 2692 613 2752 de
636 2691 753 2765 quibus
776 2692 922 2767 agimus
947 2695 981 2753 11
1003 2694 1079 2753 11001
1102 2694 1239 2754 ulterius
1261 2695 1330 2767 ipse

58 2809 251 2870 progressus
274 2794 318 2855 sit
340 2808 439 2867 quam
463 2794 635 2870 Homerus
660 2793 771 2856 habuit
795 2809 859 2867 quo
880 2810 916 2856 se
935 2795 1120 2857 defenderet
1138 2796 1329 2856 unumalte·

55 2911 174 2956 mmve
208 2895 325 2956 locum.
362 2896 482 2956 Verum
518 2911 623 2969 neque
658 2911 773 2956 versus
808 2898 846 2955 Ν.
878 2898 942 2958 730
968 2913 1037 2971 sqq.
1074 2900 1136 2959 buc
1170 2899 1330 2973 pertinere

55 3000 137 3073 puto
167 3011 271 3070 neque
301 2997 398 3074 locos,
434 2998 539 3071 qualis
571 3002 622 3059 est
655 3000 679 3059 Ι.
711 3000 774 3059 313
809 2993 861 3074 ,ὃς
891 2993 911 3078 χ’
947 2995 1044 3077 ἕτερον
1075 2995 1128 3076 μὲν
1158 2999 1259 3083 πεύθῃ
1288 2997 1332 3058 ἑνὶ

54 3095 174 3177 φρεσὶν,
207 3094 278 3158 dito
310 3094 342 3157 δὲ
365 3098 466 3182 εἴπρ”,
488 3100 532 3159 111
555 3100 643 3161 enim
667 3101 705 3160 de
729 3101 853 3160 duabus
876 3102 1006 3161 tantum
1030 3102 1127 3162 rebus
1150 3117 1257 3162 sermo
1281 3105 1332 3162 est

56 3203 90 3261 01
122 3197 193 3259 ἄλλα
224 3201 333 3275 posuit
362 3205 458 3276 poeta
488 3202 543 3262 ubi
573 3203 698 3277 proprie
723 3198 821 3279 ἕτερον
844 3203 920 3276 poni
951 3203 1109 3277 oportuit;
1141 3205 1176 3262 11
1205 3201 1331 3262 firmius

56 3304 129 3364 erat
169 3301 366 3363 callimacho
410 3303 590 3363 subsidium
625 3304 659 3362 in
695 3303 842 3363 versibus
877 3303 1042 3376 Odysseae
1076 3326 1105 3382 η.
1145 3305 1206 3364 123
1241 3308 1332 3377 (quos

56 3420 174 3466 versus
206 3404 277 3464 eius
309 3406 427 3465 aetatis
458 3404 579 3464 criticis
608 3404 765 3478 genuinos
796 3406 830 3464 et
854 3405 1005 3478 antiquos
1029 3406 1117 3467 visos
1141 3421 1213 3467 esse
1237 3422 1331 3467 nemo

56 3507 219 3581 negabitlz

303 3614 355 3685 τῆς
378 3603 476 3686 ἕτερον
500 3603 554 3684 μέν
576 3600 608 3665 θ’
633 3605 786 3666 elideretur
810 3611 903 3690 λευρῷ
928 3605 971 3666 ἐνὶ
995 3607 1079 3693 χώρῳ

305 3706 433 3788 τέρσεται
457 3705 555 3793 ἠελίῳ,
576 3705 675 3787 ἑτέρας
700 3703 728 3767 δ’
756 3705 813 3787 ἄρα
837 3730 867 3768 τε
891 3708 1045 3788 τρυγόωσι,

303 3808 392 3882 ἄλλοις
415 3806 448 3869 δὲ
470 3805 639 3888 τραπέουσι,
660 3808 789 3888 πάροιθε
813 3805 846 3868 δέ
869 3803 889 3868 τ’
917 3806 1049 3887 ὄμφακές
1070 3811 1124 3870 εἰσι

305 3907 401 3983 ἄνθος
424 3908 568 3987 ἀφιεῖσαι,
589 3907 684 3987 ἕτεραι
708 3905 739 3968 δ’
766 3908 1011 3989 ὑποπερκάζοντι.

100 4014 142 4074 Et
165 4015 198 4074 in
222 4015 282 4075 bac
305 4030 431 4088 quoque
454 4030 489 4074 re
520 4014 762 4089 praeceptorem
790 4014 940 4074 imitatus
965 4016 1016 4075 est
1039 4017 1226 4090 Apollonius
1250 4019 1331 4080 Rho·

57 4118 130 4178 dius
153 4131 230 4176 cum
254 4116 279 4176 I.
305 4117 370 4177 250
392 4115 547 4176 scriberet
569 4112 661 4191 „detq
686 4109 712 4173 δ’
742 4114 782 4186 εἰς
806 4112 904 4194 ἕτερον
927 4111 1135 4195 ὀλοφύρεται”.

104 4251 143 4262 -
166 4225 349 4296 παρῆκας
375 4216 593 4279 Callimachus
613 4232 677 4277 non
698 4233 739 4277 ex
760 4218 923 4278 homerica
935 4218 1072 4280 dictione
1085 4222 1205 4280 sumsit
1217 4237 1331 4281 verum

57 4336 100 4382 ex
130 4319 281 4394 tragicis3
317 4319 401 4393 apud
425 4319 605 4378 Homerum
635 4319 732 4394 enim,
762 4319 816 4391 qui
848 4333 950 4392 neque
973 4318 1173 4399 παραδιδόναι
1196 4325 1332 4396 usurpat

57 4436 163 4495 neque
198 4416 337 4497 παριέναι
375 4434 412 4480 00
451 4434 550 4480 sensu
590 4434 686 4492 quem
715 4435 800 4479 nunc
829 4421 962 4495 obtinet,
998 4422 1119 4482 rariora
1153 4421 1332 4495 composita

58 4525 137 4583 sunt
159 4536 237 4583 cum
262 4521 496 4596 praepositione
518 4517 599 4598 παρὰ
623 4536 662 4581 11
685 4519 928 4594 significatione.
951 4522 1068 4583 Contra
1088 4523 1172 4598 apud
1193 4524 1332 4596 tragicos

59 4624 142 4684 satis
165 4623 318 4697 frequens
341 4637 438 4698 usus;
471 4636 534 4681 non
557 4620 664 4682 solum
689 4622 805 4682 dieitur
836 4627 973 4701 παρεῖναι
1001 4624 1106 4703 κράνος
1130 4621 1188 4683 τινὶ
1218 4625 1331 4695 (veluti
