3068 5288
679 494 719 553 57

60 686 144 754 erat)
168 686 323 761 pepercit,
348 687 385 744 ut
407 686 479 744 tam
499 683 605 758 ipsam
626 680 769 741 insulam
789 661 918 740 sacram
938 691 1037 751 quam
1057 676 1184 736 insulae
1204 675 1341 735 numina

61 786 154 847 omni
178 789 310 847 ornaret
332 770 517 861 splendore,
543 786 578 844 at
599 783 727 859 proprio
747 780 934 857 splendore,
960 793 1063 853 neque
1082 777 1216 851 Delphis
1236 791 1340 850 neque

61 887 205 947 Athenis
235 887 353 948 debito.
385 887 422 946 ln
457 885 587 946 Deliaco
618 885 741 959 hymno
773 897 909 942 -nam
938 882 977 941 de
1001 879 1118 942 ceteris
1141 878 1340 939 carminibus

61 990 180 1051 deinde
213 990 450 1050 videamus-
478 989 593 1050 statim
628 988 668 1048 ab
703 988 796 1048 initio
832 986 1004 1047 consilium
1039 997 1136 1043 suum
1170 979 1340 1056 patefacit,

61 1106 164 1167 supra
194 1091 329 1152 modum
357 1090 533 1153 adsolitum
565 1092 707 1152 insulam
735 1105 800 1151 non
830 1088 968 1149 laudans
999 1085 1106 1146 solum
1131 1083 1188 1144 sed
1211 1082 1340 1159 propria

61 1192 270 1267 mythologie
293 1208 466 1254 cremans.

108 1294 220 1368 Surgit
244 1296 332 1354 enim
352 1295 464 1355 Insula
483 1310 525 1356 ex
545 1295 702 1356 homerici
728 1296 842 1369 poetae
870 1289 1144 1366 prosopographia
1167 1288 1207 1348 ad
1227 1302 1339 1348 veram

61 1394 319 1470 mythologiam,
352 1411 426 1456 cum
466 1397 659 1457 describitur
681 1411 701 1456 a
723 1396 835 1455 nostro
859 1392 1046 1453 insularum
1070 1390 1167 1450 choro
1190 1388 1339 1465 praeiens

62 1497 104 1557 ad
127 1497 262 1557 Patrem
286 1497 452 1558 Oceanum
476 1503 535 1569 (vs.
563 1500 630 1568 lbi:

289 1595 362 1658 ἀλλά
385 1598 418 1659 οἱ
437 1597 474 1661 οὐ
498 1597 660 1678 νεμεσητὸν
684 1595 729 1659 er
751 1596 885 1680 πρώτῃσι
907 1591 1064 1675 λέγεσθαι,

288 1693 390 1760 duab?
416 1697 446 1773 ἐς
465 1694 613 1761 ’.Ωοιεανόν
635 1720 666 1760 τε
688 1696 739 1759 καλ
763 1695 793 1772 ἐς
819 1696 961 1776 Τιτηνίδα
986 1694 1095 1773 Τηθὺν

288 1807 377 1878 νῆσοι
399 1798 597 1879 ἀολλίζονται,
620 1797 666 1861 ehi
689 1795 717 1862 δ’
745 1798 866 1878 ἔξαρχος
889 1795 1002 1874 ὁδεύει,

62 1902 122 1962 sed
146 1902 228 1962 haec
250 1903 472 1979 mythologice
496 1904 602 1965 forma
625 1918 689 1963 non
713 1903 776 1977 ipsi
798 1904 913 1978 poetae
936 1900 1070 1961 debetur
1090 1914 1204 1959 verum
1224 1898 1339 1973 aetati,

62 2017 126 2064 nec
160 2003 195 2063 in
228 2002 307 2064 Delo
342 2004 425 2081 sola,
462 2005 519 2066 sed
555 2006 588 2064 in
622 2004 740 2065 ceteris
775 2018 902 2077 quoque
936 2002 1033 2062 terris
1064 2000 1173 2061 fluviis
1197 1999 1341 2059 fontibus

62 2105 215 2164 occurrit.
236 2104 346 2179 Neque
365 2120 403 2166 eo
422 2120 618 2182 magnopere
635 2105 675 2166 ab
695 2103 932 2178 antiquioribus
952 2102 1108 2178 deflectit,
1122 2101 1207 2176 quod
1219 2116 1340 2161 memo-

63 2208 118 2266 rat
152 2205 280 2266 rabulas
314 2207 489 2277 (homerico
524 2210 639 2283 poetae
669 2208 813 2268 nondum
844 2205 984 2266 fortasse
1018 2207 1115 2264 notas
1145 2205 1180 2264 at
1210 2203 1341 2263 Pindari

63 2307 176 2368 aetate
206 2310 364 2382 receptas)
395 2309 434 2369 de
465 2309 602 2385 pristino
626 2309 753 2370 insulae
776 2310 880 2383 statu,
904 2309 1052 2367 attamen
1075 2307 1123 2367 ita
1145 2307 1212 2366 iam
1236 2305 1341 2366 multo

63 2411 235 2485 praestare
268 2410 430 2472 videbitur
468 2412 585 2473 ceteris
619 2412 725 2472 terris.
766 2410 896 2471 Etenim
931 2408 1095 2469 constabit
1128 2423 1193 2468 non
1228 2407 1341 2468 eadem

63 2511 193 2572 ratione
224 2513 337 2573 natam
369 2527 442 2573 esse
473 2513 575 2575 Delon
603 2528 666 2587 qua
690 2515 816 2573 ceteras
839 2511 978 2587 insulas,
1004 2510 1080 2584 quia
1103 2508 1186 2569 alias
1210 2510 1341 2583 quidem

65 2617 128 2685 (vs.
153 2614 223 2684 aot:

333 2711 370 2774 τὰ
392 2714 540 2795 πρώτιστα
563 2713 653 2797 μέγας
675 2713 748 2788 θεὸς
774 2711 865 2796 οὔρεα
886 2712 1001 2774 θείνων

290 2813 357 2898 ἄορι
379 2818 558 2899 τριγλώχινι,
579 2818 613 2880 τό
636 2817 668 2880 οἱ
690 2821 822 2898 Τελχῖνες
845 2813 978 2893 ἔτευξαν,

290 2917 402 2997 νήσους
425 2919 556 2994 εἰναλίας
579 2919 740 3001 εἰργάζετο,
761 2915 852 2998 νέρθε
876 2913 909 2979 di
931 2915 1029 2990 πάσας

289 3015 322 3079 λιι
344 3019 457 3082 νεάταν
480 3019 602 3101 ὤχλισσε
624 3018 675 3082 καλ
697 3020 857 3082 ελσειιύλισε
879 3018 1034 3103 θαλάσση,

62 3123 99 3181 at
133 3119 231 3181 Delos
266 3136 308 3182 ex
338 3123 399 3184 dea
429 3140 527 3198 quam
559 3125 703 3201 luppiter
733 3125 803 3200 ipse
835 3139 895 3184 suo
923 3136 1035 3183 amore
1059 3122 1211 3196 dignatus
1235 3124 1339 3198 esset,

62 3222 174 3283 insula
207 3226 279 3284 erat
311 3224 399 3286 iacta
424 3220 455 3297 ¹).
499 3227 597 3288 Porro
632 3227 731 3302 elegit
761 3226 846 3287 inter
876 3226 986 3286 varias
1017 3224 1221 3284 narrationes
1252 3238 1340 3300 eam,

61 3340 148 3400 quae
180 3340 347 3388 summam
379 3343 492 3390 sacrae
515 3329 642 3390 insulae
665 3329 742 3390 dare
764 3330 876 3404 posset
898 3328 1103 3404 dignitatem.
1123 3326 1194 3386 Non
1218 3326 1341 3401 placuit

61 3427 150 3501 quod
181 3426 280 3501 vulgo
310 3428 512 3506 narrabatur,
544 3430 697 3491 Asterien
721 3445 796 3491 cum
820 3430 908 3490 lovis
931 3428 1116 3503 repudiaret
1139 3442 1285 3488 amorem
1309 3428 1342 3487 in

62 3529 268 3589 coturnicem
291 3530 331 3590 ab
354 3546 392 3591 eo
416 3546 488 3592 esse
513 3533 691 3607 mutatam,
717 3530 832 3591 deinde
856 3546 933 3591 vero
954 3528 1097 3591 insulam
1114 3544 1187 3589 esse
1203 3527 1340 3602 factam;

60 3630 169 3691 altera
204 3645 330 3705 quoque
361 3633 504 3694 narratio
536 3632 677 3709 reicitur,
711 3648 794 3706 quae
822 3632 948 3693 ferebat
970 3631 1040 3692 suis
1064 3632 1170 3707 ipsam
1193 3630 1343 3706 precibus

98 3934 120 4001 ¹)
137 3937 195 3994 Qua
212 3941 296 3986 aetate
313 3939 402 3988 tabula
419 3940 497 4000 vulgo
514 3941 613 3989 eredita
627 3941 660 3989 de
677 3941 763 3988 insula
779 3943 901 4001 vagante,
919 3953 986 4000 quae
1004 3940 1065 3988 ooei
1082 3940 1163 3988 illlam
1181 3940 1248 3987 lueis
1265 3940 1341 3988 deum

61 4020 208 4080 parituram
226 4020 380 4080 recepisset,
397 4034 457 4069 oum
474 4023 621 4069 narratione
638 4021 670 4069 de
688 4022 801 4076 Δελοτίσ,
818 4020 901 4068 altera
919 4020 980 4068 θοοὶ
996 4019 1063 4082 fllia,
1080 4020 1106 4066 in
1123 4019 1234 4068 insulam
1244 4023 1343 4067 munta

62 4098 203 4155 coaluerit,
222 4110 328 4158 prorsus
351 4113 402 4147 non
426 4103 533 4147 consta
557 4101 673 4148 Dixerim
698 4103 785 4148 nmen
807 4099 932 4147 homerici
948 4098 1038 4158 hymni
1054 4101 1157 4157 poetam
1177 4098 1292 4147 tabulam
1310 4099 1343 4147 de

63 4179 126 4226 Ooei
148 4178 203 4225 illia
229 4179 329 4226 Asterie
352 4180 467 4228 nondum
485 4181 614 4240 eognltam
630 4180 766 4237 habuisse,
783 4180 827 4239 qui
844 4179 961 4240 protecto
978 4178 1071 4226 Delum
1090 4191 1141 4225 nou
1158 4179 1194 4226 lta
1209 4180 1341 4238 alloquen-

62 4261 118 4306 tem
136 4257 242 4306 runaut
259 4258 398 4307 Latonam:
419 4262 513 4321 ‚Aproi
528 4261 626 4320 rodim
644 4262 749 4323 θύγατιρ
765 4262 867 4318 μεγάλου
884 4258 983 4306 Κολοιο”
1002 4257 1024 4305 al
1041 4270 1143 4305 sorores
1157 4271 1201 4305 eas
1216 4262 1342 4318 putasset.

63 4337 130 4385 (lum
153 4338 260 4398 antiqua
280 4338 440 4399 mythologie
464 4336 542 4405 (quae
567 4340 686 4387 houden
709 4339 821 4386 Hecates
839 4338 901 4385 teolt
917 4336 1038 4399 matrem)
1057 4338 1224 4395 cohaerebat,
1242 4339 1341 4400 opinor,

63 4417 134 4478 quod
152 4431 232 4477 parva
248 4417 334 4465 insula
350 4418 416 4466 Delo
434 4419 518 4466 noina
531 4419 630 4479 Ἑκάτης
647 4425 716 4478 apocr
735 4416 870 4465 dicebatur
887 4417 929 4477 (ei.
947 4417 1040 4465 flemus
1057 4417 1147 4464 Delius
1164 4416 1233 4478 apud
1249 4417 1341 4464 Athen.

63 4494 128 4544 inv.
146 4495 249 4558 dth).
276 4497 395 4557 Neglexit
421 4500 508 4546 autem
534 4497 707 4546 Oalllmaohus
730 4523 761 4532 -
784 4496 811 4543 id
837 4497 906 4556 quod
931 4510 1088 4557 magnopere
1110 4497 1190 4543 miror
1216 4498 1241 4543 iu
1265 4500 1342 4558 poeta

62 4577 203 4625 artifieioso
210 4602 241 4611 -
252 4578 482 4637 oonmnguinitatla
492 4577 637 4635 duculum,
654 4577 724 4637 quod
740 4589 798 4624 cum
813 4576 911 4624 Latona
926 4578 1044 4625 Asterien
1056 4576 1198 4624 seeundum
1209 4577 1341 4637 antiquam

65 4656 253 4717 mythologiam
270 4657 360 4704 iunxit
