3104 5296
803 462 864 522 106
1213 470 1270 530 III.
1296 471 1475 530 alr—248

449 656 553 730 „devd
576 651 818 731 φερεσσακέεσσιν
846 652 1042 735 ἐμιτρώσαντο
1067 656 1224 735 χαρείαις”.

202 756 323 817 Attulit
357 757 441 817 hunc
472 756 580 816 locum
611 756 649 816 de
679 758 737 817 Ian
760 772 790 831 p.
817 759 869 834 29,
893 759 979 819 idem
1005 762 1116 821 autem
1140 761 1190 820 vir
1212 761 1327 821 doctus
1351 759 1478 833 optime

200 875 230 933 p.
264 860 326 918 104
350 859 519 932 disputans
542 857 581 917 de
600 858 720 918 nostris
745 860 902 934 versibus,
935 861 1071 922 adducto
1095 862 1229 923 Homeri
1252 862 1291 922 Σ.
1317 860 1383 922 569
1407 876 1476 934 sqq.

199 975 296 1034 quern
328 959 435 1020 locum
465 961 614 1020 accurate
645 960 792 1033 sequitur
816 960 1043 1039 Callimachus,
1070 964 1250 1025 luculenter
1273 964 1478 1024 demonstra·

199 1063 246 1123 vit
280 1078 327 1123 vs.
360 1063 424 1122 243
456 1062 510 1121 ubi
540 1062 665 1123 codices
687 1061 858 1139 πλήσσωσιν
882 1067 939 1124 aut
965 1065 1127 1125 πλίσσωσιν
1155 1066 1318 1141 exhibent,
1343 1080 1387 1125 ex
1413 1065 1476 1125 Ho-

199 1179 287 1224 mero
310 1163 507 1224 reddendum
530 1179 602 1224 esse
627 1163 822 1225 Callimacho
845 1163 1047 1242 ῥήσσωσιν
1070 1169 1154 1242 quod
1182 1167 1276 1228 unice
1302 1165 1373 1227 loco
1403 1181 1477 1227 con·

199 1266 297 1326 venit.
317 1266 366 1325 Ex
385 1264 489 1325 isdem
512 1265 646 1325 Homeri
670 1265 817 1325 versibus
841 1267 908 1326 iam
933 1267 1051 1329 Scheer
1071 1269 1134 1338 (1.1
1158 1285 1187 1343 p.
1204 1271 1221 1329 7
1238 1270 1270 1328 et
1289 1268 1340 1337 12)
1362 1268 1477 1328 effece-

198 1370 257 1441 rat,
278 1366 642 1433 Σ.57001111111111111111
662 1367 863 1428 intellexisse
887 1384 962 1429 curn
977 1371 1137 1430 Zenodoto
1149 1369 1233 1428 λίνον
1245 1369 1378 1429 chordae
1390 1370 1480 1430 atino

194 1470 295 1544 faciae
321 1462 352 1544 ¹),
377 1483 452 1527 cum
475 1470 587 1528 contra
610 1468 799 1542 Apollonius
823 1471 940 1530 eadem
967 1472 1090 1531 ratione
1115 1474 1211 1544 atque
1238 1471 1479 1544 Aristophanes

199 1572 233 1630 et
261 1570 469 1630 Aristarchus
508 1573 617 1629 cantas
649 1585 747 1645 penus
779 1570 810 1630 id
844 1586 917 1631 esse
944 1572 1043 1633 vellet
1066 1573 1116 1643 (11.
1141 1571 1271 1632 Merkel.
1290 1572 1411 1647 protep.
1437 1574 1480 1633 ad

200 1673 346 1747 Apollon.
378 1689 408 1746 p.
432 1670 517 1742 CLI).
541 1671 651 1744 Neque
677 1672 760 1745 fugit
784 1672 973 1733 Scheerium
998 1670 1109 1757 ὁμαρτῇ
1132 1674 1302 1748 scripsisse
1327 1673 1478 1735 Callima·

200 1776 308 1851 chum,
343 1774 568 1835 Aristarchum
605 1789 680 1833 vero
715 1770 838 1851 ἁμαρτή.
874 1775 919 1835 De
951 1776 1003 1835 his
1036 1777 1135 1849 igitur
1162 1775 1310 1835 versibus
1337 1790 1402 1835 non
1426 1779 1481 1836 est

200 1878 284 1951 quod
307 1877 424 1937 addam
447 1879 521 1950 post
543 1875 714 1949 diligentes
738 1876 879 1937 Scheerii
903 1879 936 1937 et
959 1877 1040 1937 lanii
1068 1877 1204 1938 labores.
1228 1871 1249 1943 ²l

241 1978 346 2039 Versu
366 1975 815 2056 11111124411.παρενθέτως
838 1981 936 2040 adicit
947 2014 985 2023 —
998 1981 1154 2056 relapsus,
1176 1982 1213 2040 ut
1224 1980 1480 2055 soletinparen·

202 2080 297 2155 thesi,
318 2081 358 2140 ad
379 2079 563 2153 aequalium
584 2095 770 2140 sermonem
785 2097 940 2155 -pauca
961 2083 1108 2143 verbaut
1118 2081 1256 2142 lectores
1268 2082 1480 2154 antiquitatis

202 2183 311 2242 minus
346 2181 465 2256 peritos
501 2184 642 2255 moneat,
674 2183 816 2242 nondum
854 2183 969 2257 priscis
1000 2183 1065 2243 illis
1095 2184 1296 2258 temporibus
1323 2185 1482 2245 inventas

201 2285 302 2344 fuisse
336 2284 432 2343 tibias
464 2299 505 2343 ex
537 2284 665 2344 ossibus
700 2284 839 2344 cervinis
878 2284 1060 2345 fabricatas.
1096 2285 1133 2345 In
1169 2300 1233 2358 qua
1266 2286 1482 2347 adnotatione

203 2387 395 2446 memoriam
427 2388 514 2447 certe
550 2386 649 2447 coluit
678 2387 895 2461 praeceptoris
918 2387 980 2462 sui,
1004 2386 1159 2462 Philotae,
1184 2387 1291 2447 verbis
1326 2383 1479 2472 „tideo

200 2485 344 2547 κακὸν”
376 2488 479 2548 doctis
513 2487 713 2548 auditoribus
736 2488 769 2547 iu
793 2489 986 2548 memoriam
1009 2504 1166 2549 revocans
1190 2504 1245 2548 eos
1268 2503 1387 2548 versus
1411 2490 1478 2563 qui·

201 2590 261 2650 bus
285 2585 370 2650 ὀστέα
394 2590 450 2650 illa
473 2585 590 2668 νέβρεια
618 2590 794 2649 indicasset
816 2590 1029 2650 subobscure:

444 2690 606 2772 γηρύσαιτο
631 2687 663 2750 δὲ
687 2688 792 2768 νεβρὸς
816 2687 875 2750 ἀπὸ
899 2689 1001 2768 ψυχὴν
1025 2686 1150 2750 ὀλέσασα

490 2787 586 2868 ὀξείης
609 2791 719 2851 κάκτου
742 2790 841 2867 τύμμα
864 2788 1068 2868 φυλαξαμένη,

201 2895 251 2965 (11.
272 2895 412 2969 Hesych.
436 2892 631 2964 11111111
652 2895 685 2954 11
704 2893 778 2954 Α111.
805 2894 982 2963 11.71).-
1000 2895 1115 2955 Restat
1139 2897 1176 2955 ut
1200 2894 1297 2958 verbo
1320 2909 1477 2956 moneam

201 3001 288 3067 (nam
320 2997 358 3056 de
389 2996 478 3056 vocis
508 2986 583 3055 οὖλα
615 2995 848 3069 significatione
880 2997 946 3055 iam
977 3011 1048 3071 pag.
1075 2998 1116 3057 25
1141 2996 1218 3065 dixi)
1242 2997 1478 3075 κατεκροτά-

200 3099 308 3169 trior
341 3114 387 3158 vs.
413 3098 476 3157 247
507 3099 624 3157 natum
648 3097 778 3169 quidem
799 3113 871 3158 esse
895 3113 937 3158 ex
960 3098 1143 3158 imitatione
1168 3097 1302 3158 Homeri
1327 3101 1365 3155 Λ.
1395 3100 1477 3160 160:

204 3198 308 3277 „innoc
338 3192 407 3259 κείν’
440 3195 508 3276 ὄχεα
537 3198 741 3278 epomidem,
773 3203 807 3259 at
831 3199 1066 3260 Callimachum
1091 3215 1132 3260 ex
1154 3199 1369 3273 posteriorum
1396 3203 1478 3261 tem·

200 3317 315 3377 porum
345 3316 406 3361 usu
435 3301 641 3361 intransitive
672 3300 807 3361 verbum
839 3300 1035 3376 adhibuisse,
1070 3303 1104 3361 11
1125 3301 1173 3360 111
1198 3315 1371 3375 usurpasse
1396 3305 1434 3362 ut
1458 3316 1478 3361 a

200 3402 331 3462 nomine
353 3400 497 3480 κρόταλον
519 3402 693 3463 derivaret.

246 3604 490 3679 subiunguntur
513 3621 627 3666 versus
650 3606 688 3666 de
712 3605 834 3680 templo
858 3605 1051 3680 Ephesiaco:

241 3705 296 3767 Vs,
324 3705 398 3767 248.
444 3711 524 3767 κεῖνο
548 3704 580 3767 δέ
602 3728 647 3766 τοι
671 3704 820 3783 μετέπειτα
843 3705 910 3785 περὶ
933 3703 1037 3785 βρέτας
1061 3704 1286 3785 εὐρυθὲμεθλαν

447 3803 517 3885 δῶμ’
542 3805 632 3887 ἤρθη·
656 3817 708 3868 τοῦ
733 3802 765 3869 δ’
790 3805 827 3868 ob'
849 3830 876 3867 τι
898 3807 1046 3886 θεώτεραι)
1070 3805 1175 3885 ὄψεται
1198 3805 1269 3886 ἠὼς,

324 3912 388 3971 250
444 3907 511 3972 οὐδ’
538 3908 738 3990 daverdtrpov‘
763 3907 814 3989 ῥέα
837 3932 889 3970 κεν
913 3913 1053 3971 Πυθῶνα
1075 3907 1230 3989 παρέλθοι.

199 4012 263 4072 Vix
286 4013 457 4086 quisquam
489 4014 581 4075 hodie
608 4017 709 4091 extat,
734 4014 811 4087 quin
835 4013 1034 4088 praeclaram
1060 4013 1190 4088 Bergkii
1213 4014 1479 4076 emendationem

234 4245 255 4314 ¹)
272 4249 344 4295 Herio
365 4249 602 4309 interpretationem
628 4248 814 4295 Callimachum
838 4245 931 4293 deinde
955 4247 1084 4307 respuisse
1110 4242 1192 4309 (quod
1216 4245 1271 4292 vult
1291 4244 1409 4308 Soheer.)
1428 4260 1480 4294 non

201 4329 286 4377 1111111
303 4342 335 4375 ex
351 4329 438 4387 hymn.
457 4329 498 4375 iv.
518 4330 566 4376 304
592 4329 713 4388 quoniam
740 4328 825 4387 ipsum
851 4338 954 4384 qnoque
982 4325 1089 4372 verbum
1114 4326 1165 4372 alio
1182 4325 1218 4371 ibi
1246 4338 1322 4371 sensu
1345 4327 1482 4386 accepisse

199 4409 312 4456 ridetur:
331 4409 390 4456 vide
407 4409 474 4456 inira
498 4409 529 4455 ed
549 4421 609 4456 eum
630 4411 724 4456 locum.

234 4483 255 4552 2)
273 4489 311 4535 De
327 4489 397 4535 vocis
414 4484 473 4535 αὖθι
490 4501 539 4534 usu
557 4488 725 4535 callimachus
743 4486 801 4533 vide
821 4497 879 4545 pag.
899 4485 938 4530 13.
957 4483 1038 4531 Versu
1057 4484 1208 4530 1111111246
1228 4496 1278 4529 non
1294 4495 1354 4530 oum
1373 4483 1482 4531 Schnei-

201 4567 263 4613 dero
281 4570 341 4626 poet
355 4568 456 4631 Σάρδιας
473 4566 706 4627 interpungendum
725 4569 849 4625 1111111
868 4564 1024 4624 praepositio
1042 4566 1063 4618 l,·
1081 4563 1113 4609 ad
1127 4562 1228 4626 Σάρδιας
1245 4565 1475 4623 quoquepertinet

203 4647 235 4694 11.
253 4647 320 4694 inira
338 4647 371 4693 ed
388 4647 421 4692 11.
441 4647 463 4693 7.
