3104 5286
825 422 887 486 iac

216 615 328 673 tamen
358 611 439 671 haec
468 612 540 686 ipsa
570 627 624 671 ars
657 627 736 672 mox
759 615 872 687 poetas
895 612 1051 674 incitabat
1074 615 1112 673 ut
1138 613 1275 673 eandem
1306 612 1498 674 libertatem

216 714 438 788 sequerentur,
463 712 572 786 itaque
595 728 659 772 non
682 713 845 774 Tellurem
869 714 1046 774 modo'sed
1068 714 1211 789 patrium
1236 729 1363 788 quoque
1386 715 1498 775 solum

217 814 326 874 divino
349 813 481 873 nomine
508 814 639 887 saepius
662 816 776 888 poetae
800 817 1013 889 ornavemnt;
1038 816 1115 889 quin
1136 815 1237 876 etiam
1257 817 1345 891 ipsas
1368 817 1498 877 insulas

217 915 428 996 regionesque
457 917 628 988 tamquam
659 929 797 989 persona
827 916 1000 976 induerant
1022 916 1259 992 Aristophanes
1282 933 1320 978 ec
1343 918 1438 978 Plato
1462 920 1497 978 in

217 1017 258 1076 iis
280 1016 399 1076 fabulis
419 1015 454 1075 in
477 1015 594 1090 quibus
612 1016 683 1075 sive
702 1015 796 1075 Demi
818 1017 888 1076 sive
912 1017 1043 1078 Insulae
1063 1018 1198 1078 chomm
1217 1018 1415 1080 formabant.
1433 1020 1498 1079 Sed

217 1117 280 1178 11111
313 1118 394 1177 haec
428 1117 536 1177 audax
566 1117 727 1190 quaedam
759 1118 903 1178 inventio
942 1120 972 1177 ei
1002 1119 1134 1194 similis,
1166 1134 1230 1194 qua
1259 1135 1339 1180 usus
1369 1121 1496 1181 Aristo·

216 1219 340 1293 phanes
368 1217 476 1278 Nubes
504 1219 537 1277 in
568 1217 703 1278 dearum
730 1218 923 1279 rettulerant
947 1235 1135 1295 numemm,
1160 1235 1263 1294 neque
1293 1221 1403 1295 magis
1434 1222 1497 1281 hae

217 1323 297 1380 sunt
316 1319 552 1395 comparandae
572 1334 647 1379 cum
668 1319 788 1378 Insulis
809 1317 1000 1380 callimachi
1019 1336 1118 1394 quam
1137 1321 1263 1396 Aegina
1282 1322 1338 1382 illa
1356 1338 1401 1382 ex
1421 1338 1497 1384 aere

221 1422 308 1481 iacta
341 1436 423 1496 quae
458 1419 715 1495 conspiciebatur
745 1420 778 1479 in
808 1421 930 1497 templo
961 1421 1114 1497 Delphico
1138 1416 1158 1492 ¹)
1189 1424 1246 1483 aut
1275 1422 1381 1483 Urbes
1412 1439 1498 1498 quae

219 1523 406 1584 ferebantur
428 1523 461 1583 in
485 1522 664 1582 Ptolemaei
687 1537 807 1597 pompa
829 1522 1034 1598 Dionysiaca.

274 1624 454 1698 Distinguit
495 1623 534 1683 ab
569 1623 610 1682 iis
645 1623 796 1683 omnibus
835 1624 965 1685 Insulas
1007 1623 1244 1687 Oallimacheas
1285 1627 1497 1704 genealogia,

219 1726 348 1801 propria
390 1725 440 1784 dis
481 1723 561 1784 solis
602 1725 636 1783 et
681 1724 828 1798 personis
864 1739 939 1784 vere
973 1726 1103 1788 divinis.
1162 1727 1249 1803 Quae
1288 1729 1496 1805 genealogia,

219 1843 418 1901 quamquam
452 1826 534 1887 latet
567 1828 689 1900 auctor,
714 1826 865 1901 exemplo
896 1829 1008 1887 tamen
1039 1827 1173 1888 Hesiodi
1203 1829 1327 1889 nititur.
1355 1830 1443 1889 Nam
1467 1831 1504 1902 si

218 1928 355 1989 flumina
371 1944 413 1988 ex
433 1928 560 1989 Oceano
584 1928 655 1986 orta
675 1927 838 2002 dicuntur,
859 1927 888 1986 si
908 1927 942 1987 111
962 1927 1199 1989 Oceaninarum
1220 1930 1367 2004 catalogo
1384 1930 1497 2005 Theop.

219 2033 294 2093 359.
319 2033 382 2093 317
415 2032 576 2107 Europam
607 2032 704 2104 atque
727 2030 842 2090 Asiam
874 2030 1036 2091 Hesiodus
1059 2031 1257 2091 memoravit
1276 2064 1316 2074 -
1337 2031 1417 2092 licet
1440 2031 1499 2092 ille

218 2133 348 2207 quidem
372 2133 411 2192 de
434 2132 590 2207 nymphis
616 2131 864 2206 cognominibus
887 2133 1027 2193 necdum
1051 2134 1090 2193 de
1113 2135 1219 2194 terrae
1242 2133 1389 2208 partibus
1414 2135 1500 2194 haec

218 2235 367 2295 docuisse
390 2234 553 2309 putandus
579 2234 624 2293 sit
638 2267 678 2275 —
695 2233 781 2293 haud
805 2234 947 2294 multum
971 2233 1011 2294 ab
1035 2236 1106 2295 eius
1129 2234 1257 2308 placitis
1280 2235 1417 2296 deflexit
1439 2238 1498 2310 qui

218 2351 261 2396 ex
284 2334 410 2395 Oceano
430 2334 560 2394 Insulas
580 2349 705 2408 quoque
725 2350 828 2409 genus
852 2336 968 2395 ducere
987 2336 1134 2396 narravit
1146 2327 1179 2405 ²).
1199 2335 1257 2394 Est
1279 2337 1392 2396 autem
1413 2337 1499 2397 haec

217 2437 439 2512 mythologice
462 2436 628 2510 augendae
652 2436 748 2509 ratio,
774 2450 856 2509 quae
879 2436 919 2495 ad
943 2436 1067 2496 cultum
1086 2436 1153 2497 1911
1172 2436 1289 2510 surgit,
1307 2437 1349 2496 iis
1367 2439 1497 2513 tempo·

217 2538 307 2598 ribus
338 2537 453 2613 quibus
483 2537 618 2597 florebat
648 2536 868 2597 Callimachus
899 2538 1082 2597 communis
1112 2552 1215 2611 neque
1242 2540 1353 2598 nostro
1376 2541 1498 2613 poetae

216 2640 354 2715 propria.
380 2639 440 2699 Sed
464 2639 589 2700 accedit
612 2638 732 2712 aliquid
752 2639 785 2697 in
808 2638 1007 2699 Oallimacho
1029 2640 1113 2713 quod
1133 2638 1359 2699 observatione
1378 2642 1498 2700 nostra

216 2755 281 2801 non
310 2741 481 2815 indignum
508 2741 564 2800 sit:
596 2739 773 2800 identidem
801 2740 906 2815 enim,
935 2741 1044 2800 nescio
1070 2755 1111 2800 an
1142 2741 1219 2800 data
1241 2755 1339 2814 opera
1361 2743 1397 2801 et
1421 2756 1496 2801 con·

215 2842 316 2918 sulio,
348 2843 436 2902 19111
466 2842 499 2900 in
530 2856 567 2901 eo
602 2856 728 2914 quoque
762 2856 898 2900 servans
932 2857 1059 2902 morem
1094 2842 1236 2915 antiquis
1267 2841 1373 2915 poetis
1406 2841 1497 2901 haud

215 2945 375 3018 ignotam,
413 2944 528 3003 statim
559 2958 679 3003 novam
710 2943 801 3002 illam
833 2943 1020 3003 Insularum
1052 2943 1291 3017 mythologiam
1322 2944 1497 3005 coniimdit

215 3060 290 3105 cum
314 3045 378 3104 alia
400 3045 540 3117 quadam
564 3043 710 3103 doctrina
734 3043 943 3118 physicorum
979 3045 1086 3119 magis
1116 3043 1245 3118 placitis
1269 3046 1495 3121 convenienti,

215 3161 313 3219 quam
337 3148 449 3205 tamen
472 3145 696 3219 mythologice
718 3144 860 3219 fingendi
884 3146 1081 3220 dicendique
1097 3147 1222 3206 ratione
1245 3160 1325 3205 usus
1349 3152 1495 3210 enarrat.

214 3246 299 3306 Nam
322 3246 465 3320 proiecto
489 3247 613 3320 siquis
637 3246 756 3306 Oceani
779 3244 864 3305 filias
888 3247 966 3306 dicit
988 3247 1127 3322 insulas,
1153 3247 1230 3306 deas
1253 3261 1296 3306 ex
1315 3247 1373 3307 deo
1395 3252 1497 3310 natas

215 3347 385 3421 intellegit.
409 3347 483 3407 Alia
506 3350 617 3408 autem
641 3348 765 3408 ratione
789 3348 820 3407 in
844 3363 953 3407 rerum
975 3350 1127 3408 naturam
1147 3348 1345 3422 processisse
1363 3348 1497 3411 insulas

249 3553 269 3618 ¹)
286 3556 342 3603 Nisi
357 3555 406 3603 hoo
423 3554 473 3602 fuit
490 3555 602 3614 Aeginae
616 3555 749 3616 Nymphae
772 3555 938 3603 simulacrum
955 3552 1043 3620 (Pane.
1057 3557 1088 3604 K
1103 3558 1186 3617 11111,
1207 3556 1234 3603 id
1251 3556 1321 3616 quod
1338 3560 1443 3605 cumbet
1460 3557 1496 3606 de

213 3636 326 3695 Aeginae
343 3635 417 3694 cigno
433 3634 460 3680 in
478 3634 590 3695 Olympii
607 3635 677 3683 Iovia
696 3636 793 3696 templo
812 3637 887 3683 Pane.
905 3637 933 3683 V.
953 3638 1026 3685 111.

248 3710 267 3775 ²)
286 3712 427 3763 Fatendum
450 3717 491 3762 eet
513 3728 563 3761 non
587 3718 657 3762 certo
681 3717 776 3763 certina
800 3730 832 3763 ex
848 3716 937 3776 hymni
955 3716 1042 3763 verbis
1058 3715 1128 3762 eiticl
1144 3714 1226 3775 patrie
1242 3713 1300 3761 loco
1317 3713 1417 3762 Insulie
1433 3729 1496 3767 esse

213 3796 352 3843 Oceanum.
375 3795 519 3843 Verisimile
540 3797 626 3842 tamen
650 3795 686 3840 ite
701 3795 824 3849 ,Ὠκιανὸν
841 3797 879 3843 nal
898 3796 986 3860 μητὸρα
1012 3791 1110 3856 Τη119”
1130 3795 1213 3855 accipi
1230 3796 1349 3854 oportere
1366 3797 1496 3854 quoniam

212 3874 345 3936 Rhodum,
362 3875 522 3922 Oamarinam
540 3874 604 3920 aliae
621 3877 703 3921 terrea
717 3888 821 3934 qnoque
839 3888 870 3922 ex
888 3875 989 3923 Oceano
1008 3878 1077 3922 ortas
1096 3874 1240 3922 docueruut
1255 3873 1449 3935 mythographi.
1465 3902 1494 3912 -

245 3952 404 4001 litu-lichiam
429 3955 456 4000 111
479 3953 559 4013 libro,
583 3966 661 4012 quem
685 3953 787 4000 laudavi
810 3955 927 4016 saepius,
946 3967 1004 4014 pag.
1025 3954 1124 4001 84-85
1142 3953 1174 4000 de
1192 3953 1301 4012 singulis
1318 3954 1413 4003 insulta
1431 3970 1493 4005 cau·

212 4046 255 4081 eae
268 4034 466 4092 investigantem
480 4045 527 4080 cur
537 4035 582 4079 ent
600 4034 627 4079 in
645 4034 761 4092 catalogo
780 4035 965 4081 enumerentur
982 4035 1028 4080 ant
1045 4033 1147 4080 silentio
1164 4036 1370 4096 praetereantur,
1386 4037 1493 4084 omnino

212 4113 285 4172 aequi
306 4125 358 4159 uon
381 4124 495 4173 possum.
519 4112 630 4159 Maxime
654 4116 740 4160 antem
757 4113 874 4173 refragor
891 4114 946 4160 viro
963 4113 1050 4171 sagaci
1066 4114 1102 4160 ite
1119 4111 1243 4160 scribenti
1260 4125 1286 4172 p.
1304 4113 1337 4159 81
1356 4111 1491 4176 „Quom

212 4207 249 4240 vs.
262 4193 343 4240 1118
361 4190 523 4253 Philadelpho
540 4190 616 4239 heliae
632 4190 706 4239 marie
722 4205 819 4254 repham
833 4189 987 4254 praedicitur
1004 4190 1071 4239 haud
1093 4194 1178 4238 lem
1194 4187 1255 4238 mihi
1269 4189 1353 4239 videar
1368 4193 1493 4256 111911111νί

213 4270 329 4319 Oceanum
351 4274 376 4318 al
402 4270 493 4334 Tethyn
515 4270 542 4318 in
565 4269 609 4318 hoa
629 4269 735 4317 umiae
755 4286 771 4317 a
793 4268 955 4332 Philadelpho
976 4272 1001 4317 ei
1017 4269 1121 4317 Arciade
1139 4285 1187 4317 aea
1206 4268 1313 4317 dicerene
1329 4284 1387 4318 ecee.
1406 4270 1488 4320 Elian

214 4349 301 4413 Tethys
327 4349 415 4398 Oceani
435 4365 503 4399 saror
519 4349 645 4413 eadamque
662 4364 723 4397 acor
738 4347 816 4397 eral’'.
834 4350 963 4397 Pervertit
979 4349 1038 4396 talia
1056 4349 1234 4409 interpretatio
1251 4349 1374 4397 carminis
1391 4351 1487 4400 Deliaci

211 4444 255 4490 ac,
272 4430 298 4476 ni
316 4429 400 4491 fallor,
413 4431 493 4477 totius
510 4429 684 4488 mythologiac
702 4430 892 4477 Callimacheee
909 4430 1043 4477 rationem.
1058 4430 1121 4486 Quia
1145 4442 1241 4489 quaeso
1264 4430 1330 4477 <leue
1346 4431 1485 4486 Ptolemaei·

211 4511 288 4571 primi
309 4510 448 4571 occupabit
470 4510 566 4567 vicem,
591 4510 612 4555 ei
630 4508 818 4569 Philadelphus
834 4510 885 4557 iam
904 4510 1021 4557 Oceanus
1039 4509 1104 4556 erit?
1121 4509 1188 4558 Num
1203 4509 1302 4569 Legide
1320 4511 1424 4559 Ureuue
1440 4511 1484 4558 erit

212 4591 239 4635 91
255 4589 378 4636 Berenice
396 4589 466 4649 prior
483 4588 570 4638 Gaea?
589 4615 619 4622 —
639 4589 759 4635 Oetorum
777 4587 809 4634 dc
827 4589 876 4635 hoc
893 4588 1081 4649 interpretandi
1097 4601 1192 4648 genere
1211 4589 1243 4635 91.
1261 4588 1328 4636 inira
1346 4603 1371 4650 p.
1391 4592 1446 4638 188.
1550 4635 1551 4641 ,
