<?xml version="1.0" encoding="UTF-8"?>
<!DOCTYPE html PUBLIC "-//W3C//DTD XHTML 1.0 Transitional//EN"
    "http://www.w3.org/TR/xhtml1/DTD/xhtml1-transitional.dtd">
<html xmlns="http://www.w3.org/1999/xhtml" xml:lang="en" lang="en">
 <head>
  <title>
</title>
<meta http-equiv="Content-Type" content="text/html;charset=utf-8" />
  <meta name='ocr-system' content='tesseract 3.04.00' />
  <meta name='ocr-capabilities' content='ocr_page ocr_carea ocr_par ocr_line ocrx_word'/>
</head>
<body>
  <div class='ocr_page' id='page_1' title='image "./studiacallimach01kuipgoog_0140.png"; bbox 0 0 3104 5296; ppageno 0'>
   <div class='ocr_carea' id='block_1_1' title="bbox 61 460 859 525">
    <p class='ocr_par' dir='ltr' id='par_1_1' title="bbox 61 460 859 525">
     <span class='ocr_line' id='line_1_1' title="bbox 61 460 859 525; baseline -0.004 -3"><span class='ocrx_word' id='word_1_1' title='bbox 61 462 112 524; x_wconf 87' lang='lat' dir='ltr'><strong>IV.</strong></span> <span class='ocrx_word' id='word_1_2' title='bbox 138 463 270 525; x_wconf 80' lang='grc'><strong>62-67</strong></span> <span class='ocrx_word' id='word_1_3' title='bbox 668 460 728 520; x_wconf 80' lang='grc'><strong>127</strong></span> <span class='ocrx_word' id='word_1_4' title='bbox 853 496 859 507; x_wconf 86' lang='lat'><strong>·</strong></span> 
     </span>
    </p>
   </div>
   <div class='ocr_carea' id='block_1_2' title="bbox 52 643 1339 3377">
    <p class='ocr_par' dir='ltr' id='par_1_2' title="bbox 52 643 1335 1644">
     <span class='ocr_line' id='line_1_2' title="bbox 59 643 1333 733; baseline -0.004 -19"><span class='ocrx_word' id='word_1_5' title='bbox 59 653 278 715; x_wconf 77' lang='lat' dir='ltr'><strong>Callimachus</strong></span> <span class='ocrx_word' id='word_1_6' title='bbox 289 652 330 713; x_wconf 87' lang='lat'><strong>11.</strong></span> <span class='ocrx_word' id='word_1_7' title='bbox 352 651 393 711; x_wconf 84' lang='lat'><strong>38</strong></span> <span class='ocrx_word' id='word_1_8' title='bbox 408 645 509 733; x_wconf 83' lang='grc' dir='ltr'><strong><em>πέδρν</em></strong></span> <span class='ocrx_word' id='word_1_9' title='bbox 532 647 663 727; x_wconf 73' lang='grc' dir='ltr'><strong><em>λείβουσι</em></strong></span> <span class='ocrx_word' id='word_1_10' title='bbox 687 648 752 719; x_wconf 85' lang='lat' dir='ltr'><strong>(ubi</strong></span> <span class='ocrx_word' id='word_1_11' title='bbox 775 647 896 709; x_wconf 88' lang='lat' dir='ltr'><strong>rectius</strong></span> <span class='ocrx_word' id='word_1_12' title='bbox 919 647 1057 732; x_wconf 72' lang='lat' dir='ltr'><strong>sonasse</strong></span> <span class='ocrx_word' id='word_1_13' title='bbox 1080 647 1170 722; x_wconf 82' lang='lat' dir='ltr'><strong>legas</strong></span> <span class='ocrx_word' id='word_1_14' title='bbox 1192 643 1333 718; x_wconf 83' lang='grc' dir='ltr'><strong><em>πέδοι).</em></strong></span> 
     </span>
     <span class='ocr_line' id='line_1_3' title="bbox 55 749 1334 831; baseline -0.006 -14"><span class='ocrx_word' id='word_1_15' title='bbox 55 756 195 831; x_wconf 82' lang='lat' dir='ltr'><strong>Saepius</strong></span> <span class='ocrx_word' id='word_1_16' title='bbox 218 756 339 829; x_wconf 86' lang='lat' dir='ltr'><strong>autem,</strong></span> <span class='ocrx_word' id='word_1_17' title='bbox 360 767 398 813; x_wconf 90' lang='lat' dir='ltr'><strong>ea</strong></span> <span class='ocrx_word' id='word_1_18' title='bbox 421 750 547 812; x_wconf 88' lang='lat' dir='ltr'><strong>ratione</strong></span> <span class='ocrx_word' id='word_1_19' title='bbox 570 766 634 824; x_wconf 88' lang='lat' dir='ltr'><strong>qua</strong></span> <span class='ocrx_word' id='word_1_20' title='bbox 656 749 839 823; x_wconf 82' lang='lat' dir='ltr'><strong>Aeschylus</strong></span> <span class='ocrx_word' id='word_1_21' title='bbox 858 749 892 810; x_wconf 91' lang='lat' dir='ltr'><strong>in</strong></span> <span class='ocrx_word' id='word_1_22' title='bbox 911 749 1071 825; x_wconf 82' lang='lat' dir='ltr'><strong>exemplis</strong></span> <span class='ocrx_word' id='word_1_23' title='bbox 1083 765 1181 826; x_wconf 89' lang='lat' dir='ltr'><strong>supra</strong></span> <span class='ocrx_word' id='word_1_24' title='bbox 1192 750 1334 811; x_wconf 87' lang='lat' dir='ltr'><strong>laudatis</strong></span> 
     </span>
     <span class='ocr_line' id='line_1_4' title="bbox 54 852 1334 932; baseline -0.002 -15"><span class='ocrx_word' id='word_1_25' title='bbox 54 857 145 932; x_wconf 81' lang='lat' dir='ltr'><strong>iecit,</strong></span> <span class='ocrx_word' id='word_1_26' title='bbox 180 855 369 930; x_wconf 78' lang='lat' dir='ltr'>genetivum</span> <span class='ocrx_word' id='word_1_27' title='bbox 399 853 585 915; x_wconf 86' lang='lat' dir='ltr'><strong>adiecerunt</strong></span> <span class='ocrx_word' id='word_1_28' title='bbox 618 868 680 927; x_wconf 90' lang='lat' dir='ltr'><strong>quo</strong></span> <span class='ocrx_word' id='word_1_29' title='bbox 716 853 773 913; x_wconf 88' lang='lat' dir='ltr'><strong>aut</strong></span> <span class='ocrx_word' id='word_1_30' title='bbox 803 852 889 913; x_wconf 89' lang='lat' dir='ltr'><strong>orbis</strong></span> <span class='ocrx_word' id='word_1_31' title='bbox 919 853 1021 914; x_wconf 88' lang='lat' dir='ltr'><strong>totius</strong></span> <span class='ocrx_word' id='word_1_32' title='bbox 1051 868 1126 928; x_wconf 91' lang='lat' dir='ltr'><strong>pars</strong></span> <span class='ocrx_word' id='word_1_33' title='bbox 1157 855 1215 914; x_wconf 90' lang='lat' dir='ltr'><strong>aut</strong></span> <span class='ocrx_word' id='word_1_34' title='bbox 1244 856 1334 916; x_wconf 87' lang='lat' dir='ltr'><strong>certa</strong></span> 
     </span>
     <span class='ocr_line' id='line_1_5' title="bbox 52 952 1332 1035; baseline -0.001 -16"><span class='ocrx_word' id='word_1_35' title='bbox 52 959 147 1033; x_wconf 79' lang='lat' dir='ltr'><strong>regio</strong></span> <span class='ocrx_word' id='word_1_36' title='bbox 177 958 382 1018; x_wconf 83' lang='lat' dir='ltr'><strong>indicaretur.</strong></span> <span class='ocrx_word' id='word_1_37' title='bbox 413 957 465 1017; x_wconf 87' lang='lat' dir='ltr'><strong>lta</strong></span> <span class='ocrx_word' id='word_1_38' title='bbox 492 955 532 1016; x_wconf 91' lang='lat' dir='ltr'><strong>ad</strong></span> <span class='ocrx_word' id='word_1_39' title='bbox 562 969 712 1016; x_wconf 88' lang='lat' dir='ltr'><strong>normam</strong></span> <span class='ocrx_word' id='word_1_40' title='bbox 740 953 903 1028; x_wconf 88' lang='lat' dir='ltr'><strong>aeschylei</strong></span> <span class='ocrx_word' id='word_1_41' title='bbox 928 952 1078 1035; x_wconf 76' lang='grc' dir='ltr'><strong><em>Εὐρώπης</em></strong></span> <span class='ocrx_word' id='word_1_42' title='bbox 1102 953 1194 1017; x_wconf 88' lang='grc' dir='ltr'><strong><em>πέδον</em></strong></span> <span class='ocrx_word' id='word_1_43' title='bbox 1217 957 1332 1032; x_wconf 86' lang='lat' dir='ltr'><strong>Sopho·</strong></span> 
     </span>
     <span class='ocr_line' id='line_1_6' title="bbox 53 1053 1334 1136; baseline 0 -16"><span class='ocrx_word' id='word_1_44' title='bbox 53 1060 125 1120; x_wconf 88' lang='lat' dir='ltr'><strong>cles</strong></span> <span class='ocrx_word' id='word_1_45' title='bbox 147 1059 235 1119; x_wconf 71' lang='lat' dir='ltr'><strong>Aac.</strong></span> <span class='ocrx_word' id='word_1_46' title='bbox 250 1058 314 1119; x_wconf 77' lang='lat'><strong>730</strong></span> <span class='ocrx_word' id='word_1_47' title='bbox 337 1063 409 1136; x_wconf 59' lang='lat' dir='ltr'><strong>„poc</strong></span> <span class='ocrx_word' id='word_1_48' title='bbox 421 1056 531 1128; x_wconf 83' lang='grc' dir='ltr'><strong><em>οἰκείας</em></strong></span> <span class='ocrx_word' id='word_1_49' title='bbox 549 1053 663 1117; x_wconf 86' lang='grc' dir='ltr'><strong><em>πέδον”</em></strong></span> <span class='ocrx_word' id='word_1_50' title='bbox 676 1057 776 1132; x_wconf 80' lang='lat' dir='ltr'><strong>dixit3</strong></span> <span class='ocrx_word' id='word_1_51' title='bbox 799 1059 834 1117; x_wconf 86' lang='lat' dir='ltr'><strong>at</strong></span> <span class='ocrx_word' id='word_1_52' title='bbox 852 1058 932 1118; x_wconf 86' lang='lat' dir='ltr'><strong>certi</strong></span> <span class='ocrx_word' id='word_1_53' title='bbox 948 1059 1117 1120; x_wconf 90' lang='lat' dir='ltr'><strong>cniusdam</strong></span> <span class='ocrx_word' id='word_1_54' title='bbox 1137 1060 1199 1121; x_wconf 93' lang='lat' dir='ltr'><strong>loci</strong></span> <span class='ocrx_word' id='word_1_55' title='bbox 1216 1074 1334 1120; x_wconf 91' lang='lat' dir='ltr'><strong>nomen</strong></span> 
     </span>
     <span class='ocr_line' id='line_1_7' title="bbox 52 1157 1335 1237; baseline -0.002 -14"><span class='ocrx_word' id='word_1_56' title='bbox 52 1163 188 1223; x_wconf 84' lang='lat' dir='ltr'>additur</span> <span class='ocrx_word' id='word_1_57' title='bbox 206 1162 240 1221; x_wconf 92' lang='lat' dir='ltr'><strong>in</strong></span> <span class='ocrx_word' id='word_1_58' title='bbox 260 1159 426 1235; x_wconf 84' lang='lat' dir='ltr'>Sophoclis</span> <span class='ocrx_word' id='word_1_59' title='bbox 446 1174 542 1221; x_wconf 87' lang='lat' dir='ltr'><strong>versu</strong></span> <span class='ocrx_word' id='word_1_60' title='bbox 565 1159 689 1221; x_wconf 79' lang='grc' dir='ltr'><strong><em>Ρλιλλοσλ.</em></strong></span> <span class='ocrx_word' id='word_1_61' title='bbox 707 1161 790 1221; x_wconf 84' lang='grc'><strong>1454</strong></span> <span class='ocrx_word' id='word_1_62' title='bbox 815 1157 944 1237; x_wconf 82' lang='grc' dir='ltr'>Λήμνου</span> <span class='ocrx_word' id='word_1_63' title='bbox 967 1157 1060 1220; x_wconf 83' lang='grc' dir='ltr'><strong><em>πέδον</em></strong></span> <span class='ocrx_word' id='word_1_64' title='bbox 1083 1164 1117 1222; x_wconf 89' lang='lat' dir='ltr'><strong>et</strong></span> <span class='ocrx_word' id='word_1_65' title='bbox 1139 1161 1248 1222; x_wconf 81' lang='lat' dir='ltr'><strong>Electr.</strong></span> <span class='ocrx_word' id='word_1_66' title='bbox 1271 1162 1335 1222; x_wconf 81' lang='lat'><strong>730</strong></span> 
     </span>
     <span class='ocr_line' id='line_1_8' title="bbox 54 1257 1335 1341; baseline 0 -20"><span class='ocrx_word' id='word_1_67' title='bbox 54 1265 207 1340; x_wconf 78' lang='grc' dir='ltr'><strong><em>Κρισαῖον</em></strong></span> <span class='ocrx_word' id='word_1_68' title='bbox 230 1258 333 1338; x_wconf 87' lang='grc' dir='ltr'><strong><em>πέδον,</em></strong></span> <span class='ocrx_word' id='word_1_69' title='bbox 355 1278 430 1323; x_wconf 90' lang='lat' dir='ltr'><strong>cum</strong></span> <span class='ocrx_word' id='word_1_70' title='bbox 455 1263 571 1337; x_wconf 89' lang='lat' dir='ltr'><strong>quibus</strong></span> <span class='ocrx_word' id='word_1_71' title='bbox 594 1262 746 1324; x_wconf 86' lang='lat' dir='ltr'><strong>convenit</strong></span> <span class='ocrx_word' id='word_1_72' title='bbox 765 1260 954 1323; x_wconf 80' lang='lat' dir='ltr'><strong>Callimachi</strong></span> <span class='ocrx_word' id='word_1_73' title='bbox 972 1257 1189 1341; x_wconf 84' lang='grc' dir='ltr'><strong><em>Ὀμφολλιον</em></strong></span> <span class='ocrx_word' id='word_1_74' title='bbox 1213 1259 1335 1323; x_wconf 89' lang='grc' dir='ltr'><strong><em>πέδον</em></strong></span> 
     </span>
     <span class='ocr_line' id='line_1_9' title="bbox 53 1362 1335 1439; baseline 0 -15"><span class='ocrx_word' id='word_1_75' title='bbox 53 1365 94 1435; x_wconf 84' lang='grc' dir='ltr'><strong>(Ι.</strong></span> <span class='ocrx_word' id='word_1_76' title='bbox 109 1367 163 1434; x_wconf 79' lang='grc'><strong>45)</strong></span> <span class='ocrx_word' id='word_1_77' title='bbox 188 1366 222 1425; x_wconf 93' lang='lat' dir='ltr'><strong>et</strong></span> <span class='ocrx_word' id='word_1_78' title='bbox 244 1364 461 1439; x_wconf 89' lang='lat' dir='ltr'><strong>Lycophronis</strong></span> <span class='ocrx_word' id='word_1_79' title='bbox 476 1398 515 1408; x_wconf 94' lang='lat'>—</span> <span class='ocrx_word' id='word_1_80' title='bbox 532 1365 630 1425; x_wconf 88' lang='lat' dir='ltr'><strong>habet</strong></span> <span class='ocrx_word' id='word_1_81' title='bbox 653 1365 741 1425; x_wconf 88' lang='lat' dir='ltr'><strong>enirn</strong></span> <span class='ocrx_word' id='word_1_82' title='bbox 764 1364 798 1424; x_wconf 94' lang='lat' dir='ltr'><strong>in</strong></span> <span class='ocrx_word' id='word_1_83' title='bbox 822 1364 945 1425; x_wconf 89' lang='lat' dir='ltr'><strong>deliciis</strong></span> <span class='ocrx_word' id='word_1_84' title='bbox 965 1381 1077 1427; x_wconf 88' lang='lat' dir='ltr'><strong>vocem</strong></span> <span class='ocrx_word' id='word_1_85' title='bbox 1096 1362 1246 1426; x_wconf 90' lang='grc' dir='ltr'><strong><em>πέδον-</em></strong></span> <span class='ocrx_word' id='word_1_86' title='bbox 1259 1367 1335 1424; x_wconf 75' lang='grc' dir='ltr'><strong><em>Ἀνε-</em></strong></span> 
     </span>
     <span class='ocr_line' id='line_1_10' title="bbox 52 1462 1334 1544; baseline 0.003 -20"><span class='ocrx_word' id='word_1_87' title='bbox 52 1466 187 1544; x_wconf 83' lang='grc' dir='ltr'><strong><em>μωρελος</em></strong></span> <span class='ocrx_word' id='word_1_88' title='bbox 209 1462 303 1526; x_wconf 86' lang='grc' dir='ltr'><strong><em>πέδον</em></strong></span> <span class='ocrx_word' id='word_1_89' title='bbox 326 1470 385 1536; x_wconf 88' lang='lat' dir='ltr'><strong>(vs.</strong></span> <span class='ocrx_word' id='word_1_90' title='bbox 406 1468 511 1536; x_wconf 83' lang='grc'><strong>1073).</strong></span> <span class='ocrx_word' id='word_1_91' title='bbox 534 1466 654 1527; x_wconf 80' lang='lat' dir='ltr'><strong>Eodem</strong></span> <span class='ocrx_word' id='word_1_92' title='bbox 675 1467 770 1526; x_wconf 91' lang='lat' dir='ltr'><strong>modo</strong></span> <span class='ocrx_word' id='word_1_93' title='bbox 794 1466 892 1540; x_wconf 85' lang='lat' dir='ltr'><strong>igitur</strong></span> <span class='ocrx_word' id='word_1_94' title='bbox 914 1467 1012 1528; x_wconf 87' lang='lat' dir='ltr'><strong>huius</strong></span> <span class='ocrx_word' id='word_1_95' title='bbox 1035 1468 1124 1529; x_wconf 88' lang='lat' dir='ltr'><strong>vocis</strong></span> <span class='ocrx_word' id='word_1_96' title='bbox 1147 1484 1243 1529; x_wconf 88' lang='lat' dir='ltr'><strong>usum</strong></span> <span class='ocrx_word' id='word_1_97' title='bbox 1268 1482 1334 1528; x_wconf 88' lang='lat' dir='ltr'><strong>am·</strong></span> 
     </span>
     <span class='ocr_line' id='line_1_11' title="bbox 52 1557 959 1644; baseline 0.001 -16"><span class='ocrx_word' id='word_1_98' title='bbox 52 1567 195 1644; x_wconf 88' lang='lat' dir='ltr'><strong>plilicari</strong></span> <span class='ocrx_word' id='word_1_99' title='bbox 220 1569 429 1630; x_wconf 81' lang='lat' dir='ltr'><strong>videmusne</strong></span> <span class='ocrx_word' id='word_1_100' title='bbox 452 1567 598 1629; x_wconf 84' lang='lat' dir='ltr'><strong>vocabuli</strong></span> <span class='ocrx_word' id='word_1_101' title='bbox 622 1557 715 1639; x_wconf 77' lang='grc' dir='ltr'><strong><em>οὖδας</em></strong></span> <span class='ocrx_word' id='word_1_102' title='bbox 739 1567 790 1639; x_wconf 86' lang='lat' dir='ltr'><strong>(ci.</strong></span> <span class='ocrx_word' id='word_1_103' title='bbox 815 1583 845 1642; x_wconf 88' lang='lat' dir='ltr'><strong>p.</strong></span> <span class='ocrx_word' id='word_1_104' title='bbox 874 1568 959 1634; x_wconf 80' lang='lat'>124).</span> 
     </span>
    </p>

    <p class='ocr_par' dir='ltr' id='par_1_3' title="bbox 53 1664 1338 2458">
     <span class='ocr_line' id='line_1_12' title="bbox 104 1664 1336 1748; baseline 0.002 -19"><span class='ocrx_word' id='word_1_105' title='bbox 104 1670 209 1731; x_wconf 87' lang='lat' dir='ltr'><strong>Versu</strong></span> <span class='ocrx_word' id='word_1_106' title='bbox 234 1672 277 1731; x_wconf 82' lang='grc'><strong>64</strong></span> <span class='ocrx_word' id='word_1_107' title='bbox 306 1685 371 1731; x_wconf 92' lang='lat' dir='ltr'><strong>non</strong></span> <span class='ocrx_word' id='word_1_108' title='bbox 401 1664 511 1730; x_wconf 90' lang='lat' dir='ltr'><strong>minus</strong></span> <span class='ocrx_word' id='word_1_109' title='bbox 541 1669 704 1731; x_wconf 87' lang='lat' dir='ltr'><strong>homerice</strong></span> <span class='ocrx_word' id='word_1_110' title='bbox 731 1673 885 1748; x_wconf 80' lang='grc' dir='ltr'><strong><em>θοῦρον</em></strong></span> <span class='ocrx_word' id='word_1_111' title='bbox 916 1670 1038 1731; x_wconf 64' lang='lat' dir='ltr'><strong>salomi</strong></span> <span class='ocrx_word' id='word_1_112' title='bbox 1070 1671 1206 1733; x_wconf 84' lang='lat' dir='ltr'><strong>Martem</strong></span> <span class='ocrx_word' id='word_1_113' title='bbox 1237 1686 1336 1746; x_wconf 85' lang='lat' dir='ltr'><strong>quam</strong></span> 
     </span>
     <span class='ocr_line' id='line_1_13' title="bbox 53 1769 1336 1848; baseline -0.002 -15"><span class='ocrx_word' id='word_1_114' title='bbox 53 1771 210 1848; x_wconf 82' lang='lat' dir='ltr'><strong>panoplia</strong></span> <span class='ocrx_word' id='word_1_115' title='bbox 241 1787 316 1832; x_wconf 90' lang='lat' dir='ltr'><strong>enm</strong></span> <span class='ocrx_word' id='word_1_116' title='bbox 347 1771 497 1832; x_wconf 91' lang='lat' dir='ltr'><strong>indutum</strong></span> <span class='ocrx_word' id='word_1_117' title='bbox 529 1785 602 1831; x_wconf 88' lang='lat' dir='ltr'><strong>esse</strong></span> <span class='ocrx_word' id='word_1_118' title='bbox 629 1769 751 1831; x_wconf 87' lang='lat' dir='ltr'><strong>indicat</strong></span> <span class='ocrx_word' id='word_1_119' title='bbox 774 1770 863 1830; x_wconf 88' lang='lat' dir='ltr'><strong>hisce</strong></span> <span class='ocrx_word' id='word_1_120' title='bbox 888 1771 994 1832; x_wconf 86' lang='lat' dir='ltr'><strong>verbis</strong></span> <span class='ocrx_word' id='word_1_121' title='bbox 1021 1769 1336 1848; x_wconf 65' lang='lat' dir='ltr'><strong>„iudicaretur</strong></span> 
     </span>
     <span class='ocr_line' id='line_1_14' title="bbox 53 1866 1335 1946; baseline 0 -11"><span class='ocrx_word' id='word_1_122' title='bbox 53 1872 211 1935; x_wconf 52' lang='lat' dir='ltr'><strong>{varod</strong></span> <span class='ocrx_word' id='word_1_123' title='bbox 239 1866 271 1944; x_wconf 79' lang='grc' dir='ltr'><strong>ι).</strong></span> <span class='ocrx_word' id='word_1_124' title='bbox 292 1872 410 1934; x_wconf 80' lang='lat' dir='ltr'><strong>Contra</strong></span> <span class='ocrx_word' id='word_1_125' title='bbox 428 1887 531 1934; x_wconf 87' lang='lat' dir='ltr'><strong>novas</strong></span> <span class='ocrx_word' id='word_1_126' title='bbox 550 1887 603 1933; x_wconf 90' lang='lat' dir='ltr'><strong>res</strong></span> <span class='ocrx_word' id='word_1_127' title='bbox 630 1873 663 1932; x_wconf 89' lang='lat' dir='ltr'><strong>et</strong></span> <span class='ocrx_word' id='word_1_128' title='bbox 688 1872 827 1933; x_wconf 83' lang='lat' dir='ltr'><strong>Homero</strong></span> <span class='ocrx_word' id='word_1_129' title='bbox 847 1873 1028 1946; x_wconf 80' lang='lat' dir='ltr'><strong>incognitas</strong></span> <span class='ocrx_word' id='word_1_130' title='bbox 1048 1874 1177 1937; x_wconf 87' lang='lat' dir='ltr'><strong>aliunde</strong></span> <span class='ocrx_word' id='word_1_131' title='bbox 1197 1875 1335 1936; x_wconf 86' lang='lat' dir='ltr'><strong>afferens</strong></span> 
     </span>
     <span class='ocr_line' id='line_1_15' title="bbox 55 1973 1335 2056; baseline 0.002 -19"><span class='ocrx_word' id='word_1_132' title='bbox 55 1982 121 2048; x_wconf 89' lang='lat' dir='ltr'><strong>(vs.</strong></span> <span class='ocrx_word' id='word_1_133' title='bbox 144 1979 197 2046; x_wconf 84' lang='grc'><strong>55)</strong></span> <span class='ocrx_word' id='word_1_134' title='bbox 217 1977 256 2036; x_wconf 88' lang='lat' dir='ltr'><strong>de</strong></span> <span class='ocrx_word' id='word_1_135' title='bbox 275 1975 395 2036; x_wconf 89' lang='lat' dir='ltr'><strong>Boreae</strong></span> <span class='ocrx_word' id='word_1_136' title='bbox 415 1973 578 2050; x_wconf 84' lang='lat' dir='ltr'><strong>spelunca,</strong></span> <span class='ocrx_word' id='word_1_137' title='bbox 599 1989 681 2048; x_wconf 87' lang='lat' dir='ltr'><strong>quae</strong></span> <span class='ocrx_word' id='word_1_138' title='bbox 702 1990 743 2035; x_wconf 88' lang='lat' dir='ltr'><strong>ex</strong></span> <span class='ocrx_word' id='word_1_139' title='bbox 764 1976 891 2049; x_wconf 87' lang='lat' dir='ltr'><strong>septem</strong></span> <span class='ocrx_word' id='word_1_140' title='bbox 910 1978 1075 2038; x_wconf 89' lang='lat' dir='ltr'><strong>constaret</strong></span> <span class='ocrx_word' id='word_1_141' title='bbox 1094 1978 1253 2056; x_wconf 84' lang='lat' dir='ltr'><strong>cavernis,</strong></span> <span class='ocrx_word' id='word_1_142' title='bbox 1267 1978 1335 2039; x_wconf 88' lang='lat' dir='ltr'><strong>iure</strong></span> 
     </span>
     <span class='ocr_line' id='line_1_16' title="bbox 56 2072 1337 2155; baseline 0.002 -16"><span class='ocrx_word' id='word_1_143' title='bbox 56 2094 121 2139; x_wconf 91' lang='lat' dir='ltr'><strong>sno</strong></span> <span class='ocrx_word' id='word_1_144' title='bbox 155 2093 278 2138; x_wconf 86' lang='lat' dir='ltr'><strong>novum</strong></span> <span class='ocrx_word' id='word_1_145' title='bbox 312 2077 459 2151; x_wconf 83' lang='lat' dir='ltr'><strong>procudit</strong></span> <span class='ocrx_word' id='word_1_146' title='bbox 488 2076 686 2137; x_wconf 85' lang='lat' dir='ltr'><strong>adiectivum</strong></span> <span class='ocrx_word' id='word_1_147' title='bbox 717 2072 956 2155; x_wconf 81' lang='grc' dir='ltr'><strong><em>ἕπτάμνχος,</em></strong></span> <span class='ocrx_word' id='word_1_148' title='bbox 985 2093 1088 2153; x_wconf 85' lang='lat' dir='ltr'><strong>neque</strong></span> <span class='ocrx_word' id='word_1_149' title='bbox 1124 2080 1202 2141; x_wconf 90' lang='lat' dir='ltr'><strong>illud</strong></span> <span class='ocrx_word' id='word_1_150' title='bbox 1229 2081 1337 2154; x_wconf 87' lang='lat' dir='ltr'><strong>inepte</strong></span> 
     </span>
     <span class='ocr_line' id='line_1_17' title="bbox 57 2176 1338 2256; baseline 0.001 -15"><span class='ocrx_word' id='word_1_151' title='bbox 57 2180 217 2241; x_wconf 79' lang='lat' dir='ltr'><strong>formavit</strong></span> <span class='ocrx_word' id='word_1_152' title='bbox 240 2181 298 2240; x_wconf 86' lang='lat' dir='ltr'><strong>aut</strong></span> <span class='ocrx_word' id='word_1_153' title='bbox 320 2178 511 2254; x_wconf 86' lang='lat' dir='ltr'><strong>inconsulte,</strong></span> <span class='ocrx_word' id='word_1_154' title='bbox 536 2194 611 2239; x_wconf 92' lang='lat' dir='ltr'><strong>cum</strong></span> <span class='ocrx_word' id='word_1_155' title='bbox 634 2176 747 2256; x_wconf 81' lang='grc' dir='ltr'><strong><em>μυχοὺς</em></strong></span> <span class='ocrx_word' id='word_1_156' title='bbox 766 2181 875 2253; x_wconf 86' lang='lat' dir='ltr'><strong>partes</strong></span> <span class='ocrx_word' id='word_1_157' title='bbox 894 2179 1068 2254; x_wconf 87' lang='lat' dir='ltr'><strong>speluncae</strong></span> <span class='ocrx_word' id='word_1_158' title='bbox 1088 2181 1229 2242; x_wconf 87' lang='lat' dir='ltr'><strong>indicare</strong></span> <span class='ocrx_word' id='word_1_159' title='bbox 1242 2196 1338 2256; x_wconf 89' lang='lat' dir='ltr'><strong>posse</strong></span> 
     </span>
     <span class='ocr_line' id='line_1_18' title="bbox 58 2276 1337 2365; baseline 0.001 -22"><span class='ocrx_word' id='word_1_160' title='bbox 58 2285 233 2358; x_wconf 80' lang='lat' dir='ltr'><strong>appareret</strong></span> <span class='ocrx_word' id='word_1_161' title='bbox 266 2297 307 2342; x_wconf 86' lang='lat' dir='ltr'><strong>ex</strong></span> <span class='ocrx_word' id='word_1_162' title='bbox 337 2303 356 2339; x_wconf 87' lang='grc' dir='ltr'><strong>ι.</strong></span> <span class='ocrx_word' id='word_1_163' title='bbox 386 2282 449 2342; x_wconf 87' lang='grc'><strong>236</strong></span> <span class='ocrx_word' id='word_1_164' title='bbox 481 2277 576 2358; x_wconf 84' lang='grc' dir='ltr'><strong><em>μυχὸν</em></strong></span> <span class='ocrx_word' id='word_1_165' title='bbox 599 2276 709 2359; x_wconf 82' lang='grc' dir='ltr'><strong><em>άντρσυ</em></strong></span> <span class='ocrx_word' id='word_1_166' title='bbox 738 2280 789 2351; x_wconf 83' lang='lat' dir='ltr'><strong>(cf.</strong></span> <span class='ocrx_word' id='word_1_167' title='bbox 814 2300 836 2339; x_wconf 88' lang='grc' dir='ltr'><strong><em>ε.</em></strong></span> <span class='ocrx_word' id='word_1_168' title='bbox 861 2282 925 2342; x_wconf 88' lang='grc'><strong>226</strong></span> <span class='ocrx_word' id='word_1_169' title='bbox 956 2291 1039 2365; x_wconf 72' lang='grc' dir='ltr'><strong><em>μυχῷ</em></strong></span> <span class='ocrx_word' id='word_1_170' title='bbox 1063 2282 1184 2355; x_wconf 76' lang='grc' dir='ltr'><strong><em>σπείους</em></strong></span> <span class='ocrx_word' id='word_1_171' title='bbox 1208 2287 1241 2345; x_wconf 83' lang='lat' dir='ltr'><strong>et</strong></span> <span class='ocrx_word' id='word_1_172' title='bbox 1265 2283 1337 2344; x_wconf 80' lang='lat' dir='ltr'><strong>vide</strong></span> 
     </span>
     <span class='ocr_line' id='line_1_19' title="bbox 59 2385 1131 2458; baseline 0.001 -15"><span class='ocrx_word' id='word_1_173' title='bbox 59 2406 88 2443; x_wconf 91' lang='grc' dir='ltr'><strong><em>ν.</em></strong></span> <span class='ocrx_word' id='word_1_174' title='bbox 113 2385 197 2458; x_wconf 82' lang='grc'><strong>363;</strong></span> <span class='ocrx_word' id='word_1_175' title='bbox 222 2405 255 2442; x_wconf 88' lang='grc' dir='ltr'><strong>ω.</strong></span> <span class='ocrx_word' id='word_1_176' title='bbox 280 2385 321 2453; x_wconf 89' lang='grc'><strong>5).</strong></span> <span class='ocrx_word' id='word_1_177' title='bbox 698 2438 702 2445; x_wconf 90' lang='grc'>.</span> <span class='ocrx_word' id='word_1_178' title='bbox 1128 2447 1131 2458; x_wconf 63' lang='grc'><strong>,</strong></span> 
     </span>
    </p>

    <p class='ocr_par' dir='ltr' id='par_1_4' title="bbox 61 2480 1337 2763">
     <span class='ocr_line' id='line_1_20' title="bbox 107 2480 1336 2563; baseline 0.002 -18"><span class='ocrx_word' id='word_1_179' title='bbox 107 2484 254 2559; x_wconf 85' lang='lat' dir='ltr'><strong>Sequens</strong></span> <span class='ocrx_word' id='word_1_180' title='bbox 274 2485 385 2544; x_wconf 89' lang='lat' dir='ltr'><strong>autem</strong></span> <span class='ocrx_word' id='word_1_181' title='bbox 407 2497 521 2543; x_wconf 88' lang='lat' dir='ltr'><strong>versus</strong></span> <span class='ocrx_word' id='word_1_182' title='bbox 544 2480 1006 2563; x_wconf 71' lang='lat' dir='ltr'><strong>„epodov....rdprrdev”</strong></span> <span class='ocrx_word' id='word_1_183' title='bbox 1031 2486 1123 2548; x_wconf 87' lang='lat' dir='ltr'><strong>docet</strong></span> <span class='ocrx_word' id='word_1_184' title='bbox 1143 2487 1244 2548; x_wconf 90' lang='lat' dir='ltr'><strong>ineis</strong></span> <span class='ocrx_word' id='word_1_185' title='bbox 1264 2503 1336 2561; x_wconf 86' lang='lat' dir='ltr'><strong>quo·</strong></span> 
     </span>
     <span class='ocr_line' id='line_1_21' title="bbox 61 2584 1337 2664; baseline 0.001 -17"><span class='ocrx_word' id='word_1_186' title='bbox 61 2602 126 2661; x_wconf 88' lang='lat' dir='ltr'><strong>que</strong></span> <span class='ocrx_word' id='word_1_187' title='bbox 160 2586 276 2647; x_wconf 84' lang='lat' dir='ltr'><strong>lormis</strong></span> <span class='ocrx_word' id='word_1_188' title='bbox 306 2585 486 2646; x_wconf 88' lang='lat' dir='ltr'><strong>Homerum</strong></span> <span class='ocrx_word' id='word_1_189' title='bbox 517 2584 636 2645; x_wconf 88' lang='lat' dir='ltr'><strong>sectari</strong></span> <span class='ocrx_word' id='word_1_190' title='bbox 666 2584 807 2645; x_wconf 86' lang='lat' dir='ltr'><strong>voluisse</strong></span> <span class='ocrx_word' id='word_1_191' title='bbox 839 2586 1074 2649; x_wconf 84' lang='lat' dir='ltr'><strong>Alexandrinos</strong></span> <span class='ocrx_word' id='word_1_192' title='bbox 1106 2603 1186 2663; x_wconf 88' lang='lat' dir='ltr'><strong>quas</strong></span> <span class='ocrx_word' id='word_1_193' title='bbox 1210 2590 1337 2664; x_wconf 88' lang='lat' dir='ltr'><strong>praeter</strong></span> 
     </span>
     <span class='ocr_line' id='line_1_22' title="bbox 62 2685 1335 2763; baseline 0 -13"><span class='ocrx_word' id='word_1_194' title='bbox 62 2703 179 2750; x_wconf 90' lang='lat' dir='ltr'><strong>omnes</strong></span> <span class='ocrx_word' id='word_1_195' title='bbox 199 2687 289 2763; x_wconf 78' lang='lat' dir='ltr'><strong>leges</strong></span> <span class='ocrx_word' id='word_1_196' title='bbox 307 2687 465 2748; x_wconf 81' lang='lat' dir='ltr'><strong>formatas</strong></span> <span class='ocrx_word' id='word_1_197' title='bbox 484 2701 556 2748; x_wconf 83' lang='lat' dir='ltr'><strong>eaeo</strong></span> <span class='ocrx_word' id='word_1_198' title='bbox 577 2685 639 2761; x_wconf 88' lang='lat' dir='ltr'><strong>ipsi</strong></span> <span class='ocrx_word' id='word_1_199' title='bbox 660 2686 815 2749; x_wconf 78' lang='lat' dir='ltr'><strong>viderent.</strong></span> <span class='ocrx_word' id='word_1_200' title='bbox 837 2688 954 2749; x_wconf 86' lang='lat' dir='ltr'><strong>Mirum</strong></span> <span class='ocrx_word' id='word_1_201' title='bbox 974 2690 1061 2751; x_wconf 91' lang='lat' dir='ltr'><strong>enim</strong></span> <span class='ocrx_word' id='word_1_202' title='bbox 1081 2707 1214 2753; x_wconf 87' lang='lat' dir='ltr'><strong>versum</strong></span> <span class='ocrx_word' id='word_1_203' title='bbox 1230 2690 1253 2763; x_wconf 83' lang='grc' dir='ltr'><strong>ξ.</strong></span> <span class='ocrx_word' id='word_1_204' title='bbox 1273 2691 1335 2751; x_wconf 85' lang='grc'><strong>199</strong></span> 
     </span>
    </p>

    <p class='ocr_par' dir='ltr' id='par_1_5' title="bbox 64 2783 1339 3377">
     <span class='ocr_line' id='line_1_23' title="bbox 311 2783 1008 2870; baseline 0.001 -22"><span class='ocrx_word' id='word_1_205' title='bbox 311 2786 343 2848; x_wconf 73' lang='grc' dir='ltr'><strong>ἐκ</strong></span> <span class='ocrx_word' id='word_1_206' title='bbox 365 2783 419 2866; x_wconf 79' lang='grc' dir='ltr'><strong>μὲν</strong></span> <span class='ocrx_word' id='word_1_207' title='bbox 441 2786 589 2867; x_wconf 79' lang='grc' dir='ltr'><strong><em>Κρητάων</em></strong></span> <span class='ocrx_word' id='word_1_208' title='bbox 610 2783 696 2866; x_wconf 75' lang='grc' dir='ltr'><strong><em>γένος</em></strong></span> <span class='ocrx_word' id='word_1_209' title='bbox 719 2785 842 2867; x_wconf 78' lang='grc' dir='ltr'><strong><em>εὔχομαι</em></strong></span> <span class='ocrx_word' id='word_1_210' title='bbox 865 2788 1008 2870; x_wconf 81' lang='grc' dir='ltr'><strong><em>εὐρειάων</em></strong></span> 
     </span>
     <span class='ocr_line' id='line_1_24' title="bbox 64 2889 1336 2968; baseline 0.001 -14"><span class='ocrx_word' id='word_1_211' title='bbox 64 2895 213 2968; x_wconf 86' lang='lat' dir='ltr'><strong>spectare</strong></span> <span class='ocrx_word' id='word_1_212' title='bbox 244 2891 478 2953; x_wconf 77' lang='lat' dir='ltr'><strong>Callimachum</strong></span> <span class='ocrx_word' id='word_1_213' title='bbox 513 2889 620 2964; x_wconf 87' lang='lat' dir='ltr'><strong>quivis</strong></span> <span class='ocrx_word' id='word_1_214' title='bbox 651 2893 804 2953; x_wconf 80' lang='lat' dir='ltr'><strong>concedet</strong></span> <span class='ocrx_word' id='word_1_215' title='bbox 833 2893 895 2953; x_wconf 91' lang='lat' dir='ltr'><strong>nisi</strong></span> <span class='ocrx_word' id='word_1_216' title='bbox 923 2894 978 2968; x_wconf 89' lang='lat' dir='ltr'><strong>qui</strong></span> <span class='ocrx_word' id='word_1_217' title='bbox 1001 2894 1194 2957; x_wconf 83' lang='lat' dir='ltr'><strong>Schneidoro</strong></span> <span class='ocrx_word' id='word_1_218' title='bbox 1217 2895 1336 2955; x_wconf 89' lang='lat' dir='ltr'><strong>obtem·</strong></span> 
     </span>
     <span class='ocr_line' id='line_1_25' title="bbox 64 2991 1339 3070; baseline 0 -15"><span class='ocrx_word' id='word_1_219' title='bbox 64 3009 183 3070; x_wconf 89' lang='lat' dir='ltr'><strong>perans</strong></span> <span class='ocrx_word' id='word_1_220' title='bbox 218 2991 375 3053; x_wconf 83' lang='grc' dir='ltr'><strong><em>ελννλιολων</em></strong></span> <span class='ocrx_word' id='word_1_221' title='bbox 409 2992 581 3066; x_wconf 82' lang='lat' dir='ltr'><strong>legendnm</strong></span> <span class='ocrx_word' id='word_1_222' title='bbox 620 3007 694 3053; x_wconf 88' lang='lat' dir='ltr'><strong>esse</strong></span> <span class='ocrx_word' id='word_1_223' title='bbox 728 2995 839 3054; x_wconf 88' lang='lat' dir='ltr'><strong>nostro</strong></span> <span class='ocrx_word' id='word_1_224' title='bbox 874 3010 971 3056; x_wconf 87' lang='lat' dir='ltr'><strong>versu</strong></span> <span class='ocrx_word' id='word_1_225' title='bbox 1006 2999 1147 3058; x_wconf 86' lang='lat' dir='ltr'><strong>censeat.</strong></span> <span class='ocrx_word' id='word_1_226' title='bbox 1182 2996 1339 3056; x_wconf 84' lang='lat' dir='ltr'><strong>Alliciunt</strong></span> 
     </span>
     <span class='ocr_line' id='line_1_26' title="bbox 66 3094 1338 3173; baseline 0.002 -16"><span class='ocrx_word' id='word_1_227' title='bbox 66 3111 196 3171; x_wconf 88' lang='lat' dir='ltr'><strong>semper</strong></span> <span class='ocrx_word' id='word_1_228' title='bbox 219 3097 368 3155; x_wconf 88' lang='lat' dir='ltr'><strong>nostrum</strong></span> <span class='ocrx_word' id='word_1_229' title='bbox 391 3094 431 3155; x_wconf 87' lang='lat' dir='ltr'><strong>ad</strong></span> <span class='ocrx_word' id='word_1_230' title='bbox 453 3094 671 3155; x_wconf 87' lang='lat' dir='ltr'><strong>imitationem</strong></span> <span class='ocrx_word' id='word_1_231' title='bbox 699 3095 809 3154; x_wconf 90' lang='lat' dir='ltr'><strong>minus</strong></span> <span class='ocrx_word' id='word_1_232' title='bbox 833 3097 974 3170; x_wconf 78' lang='lat' dir='ltr'><strong>vulgata.</strong></span> <span class='ocrx_word' id='word_1_233' title='bbox 999 3098 1051 3159; x_wconf 85' lang='lat' dir='ltr'><strong>Sic</strong></span> <span class='ocrx_word' id='word_1_234' title='bbox 1073 3099 1220 3173; x_wconf 85' lang='lat' dir='ltr'><strong>sequenti</strong></span> <span class='ocrx_word' id='word_1_235' title='bbox 1243 3114 1338 3159; x_wconf 87' lang='lat' dir='ltr'><strong>versu</strong></span> 
     </span>
     <span class='ocr_line' id='line_1_27' title="bbox 66 3196 1339 3271; baseline 0 -12"><span class='ocrx_word' id='word_1_236' title='bbox 66 3199 128 3259; x_wconf 89' lang='lat' dir='ltr'><strong>Iris</strong></span> <span class='ocrx_word' id='word_1_237' title='bbox 161 3198 267 3269; x_wconf 90' lang='lat' dir='ltr'><strong>(cuius</strong></span> <span class='ocrx_word' id='word_1_238' title='bbox 299 3196 523 3271; x_wconf 83' lang='lat' dir='ltr'><strong>genealogiam</strong></span> <span class='ocrx_word' id='word_1_239' title='bbox 553 3211 617 3257; x_wconf 94' lang='lat' dir='ltr'><strong>non</strong></span> <span class='ocrx_word' id='word_1_240' title='bbox 650 3197 813 3258; x_wconf 87' lang='lat' dir='ltr'><strong>Homerus</strong></span> <span class='ocrx_word' id='word_1_241' title='bbox 845 3199 902 3260; x_wconf 91' lang='lat' dir='ltr'><strong>sed</strong></span> <span class='ocrx_word' id='word_1_242' title='bbox 934 3200 1096 3262; x_wconf 87' lang='lat' dir='ltr'><strong>Hesiodus</strong></span> <span class='ocrx_word' id='word_1_243' title='bbox 1128 3215 1203 3260; x_wconf 91' lang='lat' dir='ltr'><strong>eum</strong></span> <span class='ocrx_word' id='word_1_244' title='bbox 1231 3200 1339 3260; x_wconf 88' lang='lat' dir='ltr'><strong>docuit</strong></span> 
     </span>
     <span class='ocr_line' id='line_1_28' title="bbox 70 3295 1338 3377; baseline 0.002 -19"><span class='ocrx_word' id='word_1_245' title='bbox 70 3298 178 3374; x_wconf 77' lang='lat' dir='ltr'><strong>llrcop.</strong></span> <span class='ocrx_word' id='word_1_246' title='bbox 210 3300 285 3368; x_wconf 85' lang='grc'><strong>255)</strong></span> <span class='ocrx_word' id='word_1_247' title='bbox 317 3299 450 3359; x_wconf 84' lang='lat' dir='ltr'><strong>vocatur</strong></span> <span class='ocrx_word' id='word_1_248' title='bbox 481 3295 577 3377; x_wconf 90' lang='grc' dir='ltr'><strong><em>κόρη</em></strong></span> <span class='ocrx_word' id='word_1_249' title='bbox 611 3297 848 3374; x_wconf 75' lang='grc' dir='ltr'><strong><em>Θαύμαντος</em></strong></span> <span class='ocrx_word' id='word_1_250' title='bbox 878 3301 919 3361; x_wconf 90' lang='lat' dir='ltr'><strong>ab</strong></span> <span class='ocrx_word' id='word_1_251' title='bbox 951 3303 1063 3364; x_wconf 88' lang='lat' dir='ltr'><strong>eodem</strong></span> <span class='ocrx_word' id='word_1_252' title='bbox 1094 3303 1189 3377; x_wconf 88' lang='lat' dir='ltr'><strong>poeta</strong></span> <span class='ocrx_word' id='word_1_253' title='bbox 1219 3302 1274 3374; x_wconf 86' lang='lat' dir='ltr'><strong>qui</strong></span> <span class='ocrx_word' id='word_1_254' title='bbox 1304 3302 1338 3362; x_wconf 93' lang='lat' dir='ltr'><strong>in</strong></span> 
     </span>
    </p>
   </div>
   <div class='ocr_carea' id='block_1_3' title="bbox 66 3399 1338 3480">
    <p class='ocr_par' dir='ltr' id='par_1_6' title="bbox 66 3399 1338 3480">
     <span class='ocr_line' id='line_1_29' title="bbox 66 3399 1338 3480; baseline 0.002 -17"><span class='ocrx_word' id='word_1_255' title='bbox 66 3402 166 3477; x_wconf 85' lang='lat' dir='ltr'><strong>epicis</strong></span> <span class='ocrx_word' id='word_1_256' title='bbox 185 3399 264 3460; x_wconf 89' lang='lat' dir='ltr'><strong>alibi</strong></span> <span class='ocrx_word' id='word_1_257' title='bbox 282 3399 419 3461; x_wconf 86' lang='lat' dir='ltr'><strong>fideliter</strong></span> <span class='ocrx_word' id='word_1_258' title='bbox 438 3400 563 3475; x_wconf 86' lang='lat' dir='ltr'><strong>epicam</strong></span> <span class='ocrx_word' id='word_1_259' title='bbox 583 3400 723 3461; x_wconf 85' lang='lat' dir='ltr'><strong>formam</strong></span> <span class='ocrx_word' id='word_1_260' title='bbox 743 3400 837 3480; x_wconf 86' lang='grc' dir='ltr'><strong><em>κούρη</em></strong></span> <span class='ocrx_word' id='word_1_261' title='bbox 858 3406 977 3465; x_wconf 87' lang='lat' dir='ltr'><strong>servat.</strong></span> <span class='ocrx_word' id='word_1_262' title='bbox 1000 3403 1104 3465; x_wconf 75' lang='lat' dir='ltr'><strong>(lausa</strong></span> <span class='ocrx_word' id='word_1_263' title='bbox 1122 3406 1184 3465; x_wconf 90' lang='lat' dir='ltr'><strong>iuit</strong></span> <span class='ocrx_word' id='word_1_264' title='bbox 1195 3401 1338 3479; x_wconf 89' lang='lat' dir='ltr'><strong>hymnus</strong></span> 
     </span>
    </p>
   </div>
   <div class='ocr_carea' id='block_1_4' title="bbox 66 3510 1339 3712">
    <p class='ocr_par' dir='ltr' id='par_1_7' title="bbox 66 3510 1339 3712">
     <span class='ocr_line' id='line_1_30' title="bbox 66 3510 1339 3596; baseline 0.003 -19"><span class='ocrx_word' id='word_1_265' title='bbox 66 3514 254 3577; x_wconf 80' lang='lat' dir='ltr'><strong>homericus</strong></span> <span class='ocrx_word' id='word_1_266' title='bbox 275 3514 310 3572; x_wconf 78' lang='lat' dir='ltr'><strong>itt</strong></span> <span class='ocrx_word' id='word_1_267' title='bbox 339 3510 478 3574; x_wconf 74' lang='lat' dir='ltr'><strong>Cererem</strong></span> <span class='ocrx_word' id='word_1_268' title='bbox 502 3514 567 3574; x_wconf 78' lang='lat'><strong>440</strong></span> <span class='ocrx_word' id='word_1_269' title='bbox 594 3513 705 3592; x_wconf 72' lang='lat' dir='ltr'><strong>„uopqv</strong></span> <span class='ocrx_word' id='word_1_270' title='bbox 726 3512 897 3592; x_wconf 78' lang='grc' dir='ltr'><strong><em>Δημητέρσς</em></strong></span> <span class='ocrx_word' id='word_1_271' title='bbox 917 3512 1043 3596; x_wconf 74' lang='grc' dir='ltr'><strong><em>άμνήν”.</em></strong></span> <span class='ocrx_word' id='word_1_272' title='bbox 1063 3518 1115 3579; x_wconf 82' lang='lat' dir='ltr'><strong>Sic</strong></span> <span class='ocrx_word' id='word_1_273' title='bbox 1136 3516 1339 3592; x_wconf 70' lang='grc' dir='ltr'><strong><em>ἐπαϊξανσυη]</em></strong></span> 
     </span>
     <span class='ocr_line' id='line_1_31' title="bbox 67 3615 1338 3712; baseline 0.004 -34"><span class='ocrx_word' id='word_1_274' title='bbox 67 3618 177 3678; x_wconf 86' lang='lat' dir='ltr'><strong>dativo</strong></span> <span class='ocrx_word' id='word_1_275' title='bbox 208 3615 376 3690; x_wconf 82' lang='lat' dir='ltr'><strong>coniungit</strong></span> <span class='ocrx_word' id='word_1_276' title='bbox 397 3618 433 3676; x_wconf 91' lang='lat' dir='ltr'><strong>ut</strong></span> <span class='ocrx_word' id='word_1_277' title='bbox 456 3616 620 3712; x_wconf 84' lang='lat' dir='ltr'><strong>Odysseae</strong></span> <span class='ocrx_word' id='word_1_278' title='bbox 646 3631 776 3677; x_wconf 89' lang='lat' dir='ltr'><strong>versum</strong></span> <span class='ocrx_word' id='word_1_279' title='bbox 801 3637 826 3674; x_wconf 91' lang='grc' dir='ltr'><strong>κ.</strong></span> <span class='ocrx_word' id='word_1_280' title='bbox 852 3618 915 3678; x_wconf 81' lang='grc'><strong>295</strong></span> <span class='ocrx_word' id='word_1_281' title='bbox 939 3618 1113 3680; x_wconf 85' lang='lat' dir='ltr'><strong>lectoribus</strong></span> <span class='ocrx_word' id='word_1_282' title='bbox 1135 3621 1169 3681; x_wconf 92' lang='lat' dir='ltr'><strong>in</strong></span> <span class='ocrx_word' id='word_1_283' title='bbox 1192 3624 1338 3683; x_wconf 85' lang='lat' dir='ltr'><strong>mentem</strong></span> 
     </span>
    </p>
   </div>
   <div class='ocr_carea' id='block_1_5' title="bbox 67 3727 1339 3922">
    <p class='ocr_par' dir='ltr' id='par_1_8' title="bbox 67 3727 1339 3922">
     <span class='ocr_line' id='line_1_32' title="bbox 67 3727 1339 3831; baseline 0.002 -38"><span class='ocrx_word' id='word_1_284' title='bbox 67 3733 209 3806; x_wconf 85' lang='lat' dir='ltr'><strong>revocet,</strong></span> <span class='ocrx_word' id='word_1_285' title='bbox 231 3745 293 3804; x_wconf 89' lang='lat' dir='ltr'><strong>quo</strong></span> <span class='ocrx_word' id='word_1_286' title='bbox 314 3730 383 3791; x_wconf 93' lang='lat' dir='ltr'><strong>loco</strong></span> <span class='ocrx_word' id='word_1_287' title='bbox 407 3728 500 3813; x_wconf 81' lang='grc' dir='ltr'><strong><em>Κίρκη</em></strong></span> <span class='ocrx_word' id='word_1_288' title='bbox 524 3727 641 3803; x_wconf 81' lang='grc' dir='ltr'><strong><em>έποϊξκι</em></strong></span> <span class='ocrx_word' id='word_1_289' title='bbox 660 3731 788 3790; x_wconf 83' lang='lat' dir='ltr'><strong>dixerat</strong></span> <span class='ocrx_word' id='word_1_290' title='bbox 804 3729 979 3831; x_wconf 74' lang='lat' dir='ltr'><strong>Homerus,</strong></span> <span class='ocrx_word' id='word_1_291' title='bbox 999 3748 1073 3794; x_wconf 92' lang='lat' dir='ltr'><strong>cum</strong></span> <span class='ocrx_word' id='word_1_292' title='bbox 1093 3735 1126 3795; x_wconf 95' lang='lat' dir='ltr'><strong>in</strong></span> <span class='ocrx_word' id='word_1_293' title='bbox 1144 3736 1245 3797; x_wconf 90' lang='lat' dir='ltr'><strong>lliade</strong></span> <span class='ocrx_word' id='word_1_294' title='bbox 1265 3751 1339 3797; x_wconf 91' lang='lat' dir='ltr'><strong>cum</strong></span> 
     </span>
     <span class='ocr_line' id='line_1_33' title="bbox 67 3840 1046 3922; baseline 0.001 -15"><span class='ocrx_word' id='word_1_295' title='bbox 67 3845 257 3907; x_wconf 85' lang='lat' dir='ltr'><strong>accusativo</strong></span> <span class='ocrx_word' id='word_1_296' title='bbox 280 3843 487 3905; x_wconf 89' lang='lat' dir='ltr'><strong>coniunctum</strong></span> <span class='ocrx_word' id='word_1_297' title='bbox 512 3846 599 3905; x_wconf 80' lang='lat' dir='ltr'><strong>esset</strong></span> <span class='ocrx_word' id='word_1_298' title='bbox 622 3848 723 3922; x_wconf 81' lang='grc' dir='ltr'><strong><em>(τεῖχος</em></strong></span> <span class='ocrx_word' id='word_1_299' title='bbox 746 3840 864 3917; x_wconf 77' lang='grc' dir='ltr'><strong><em>ἐπαῖξαι</em></strong></span> <span class='ocrx_word' id='word_1_300' title='bbox 889 3848 933 3904; x_wconf 89' lang='grc' dir='ltr'><strong>Μ.</strong></span> <span class='ocrx_word' id='word_1_301' title='bbox 958 3847 1046 3918; x_wconf 86' lang='grc'><strong>308).</strong></span> 
     </span>
    </p>
   </div>
   <div class='ocr_carea' id='block_1_6' title="bbox 130 4015 1186 4516">
    <p class='ocr_par' dir='ltr' id='par_1_9' title="bbox 130 4015 1186 4516">
     <span class='ocr_line' id='line_1_34' title="bbox 130 4015 1099 4103; baseline 0.001 -19"><span class='ocrx_word' id='word_1_302' title='bbox 130 4023 187 4084; x_wconf 82' lang='lat' dir='ltr'><strong>Vs.</strong></span> <span class='ocrx_word' id='word_1_303' title='bbox 214 4022 267 4083; x_wconf 83' lang='lat'><strong>68.</strong></span> <span class='ocrx_word' id='word_1_304' title='bbox 313 4015 375 4081; x_wconf 81' lang='grc' dir='ltr'><strong><em>ἕνθ’</em></strong></span> <span class='ocrx_word' id='word_1_305' title='bbox 402 4021 432 4082; x_wconf 83' lang='grc' dir='ltr'><strong>οἳ</strong></span> <span class='ocrx_word' id='word_1_306' title='bbox 453 4018 507 4100; x_wconf 79' lang='grc' dir='ltr'><strong>μὲν</strong></span> <span class='ocrx_word' id='word_1_307' title='bbox 530 4021 681 4082; x_wconf 86' lang='grc' dir='ltr'><strong><em>πολίεσσιν</em></strong></span> <span class='ocrx_word' id='word_1_308' title='bbox 705 4019 789 4094; x_wconf 82' lang='grc' dir='ltr'><strong><em>ὅσαις</em></strong></span> <span class='ocrx_word' id='word_1_309' title='bbox 813 4020 984 4102; x_wconf 78' lang='grc' dir='ltr'><strong><em>ἐπεβάλλετο</em></strong></span> <span class='ocrx_word' id='word_1_310' title='bbox 1008 4019 1099 4103; x_wconf 75' lang='grc' dir='ltr'><strong><em>Λητὼ</em></strong></span> 
     </span>
     <span class='ocr_line' id='line_1_35' title="bbox 315 4120 1075 4205; baseline 0.005 -23"><span class='ocrx_word' id='word_1_311' title='bbox 315 4122 425 4201; x_wconf 76' lang='grc' dir='ltr'><strong><em>μίμνον</em></strong></span> <span class='ocrx_word' id='word_1_312' title='bbox 446 4122 647 4202; x_wconf 80' lang='grc' dir='ltr'><strong><em>ἀπειλητῆρες,</em></strong></span> <span class='ocrx_word' id='word_1_313' title='bbox 669 4120 851 4204; x_wconf 84' lang='grc' dir='ltr'><strong><em>άπετράπων</em></strong></span> <span class='ocrx_word' id='word_1_314' title='bbox 875 4121 908 4185; x_wconf 73' lang='grc' dir='ltr'><strong>δὲ</strong></span> <span class='ocrx_word' id='word_1_315' title='bbox 930 4123 1075 4205; x_wconf 79' lang='grc' dir='ltr'><strong><em>δέχεσθαι.</em></strong></span> 
     </span>
     <span class='ocr_line' id='line_1_36' title="bbox 218 4210 1167 4309; baseline 0.004 -25"><span class='ocrx_word' id='word_1_316' title='bbox 218 4226 259 4285; x_wconf 82' lang='grc'><strong>70</strong></span> <span class='ocrx_word' id='word_1_317' title='bbox 315 4233 407 4305; x_wconf 78' lang='grc' dir='ltr'><strong><em>φεῦγε</em></strong></span> <span class='ocrx_word' id='word_1_318' title='bbox 430 4221 483 4303; x_wconf 76' lang='grc' dir='ltr'><strong>μὲν</strong></span> <span class='ocrx_word' id='word_1_319' title='bbox 507 4225 655 4306; x_wconf 74' lang='grc' dir='ltr'><strong><em>Ἀρκαδίη,</em></strong></span> <span class='ocrx_word' id='word_1_320' title='bbox 677 4234 788 4305; x_wconf 84' lang='grc' dir='ltr'><strong><em>φεῦγεν</em></strong></span> <span class='ocrx_word' id='word_1_321' title='bbox 812 4221 841 4286; x_wconf 83' lang='grc' dir='ltr'><strong>δ’</strong></span> <span class='ocrx_word' id='word_1_322' title='bbox 868 4223 936 4305; x_wconf 79' lang='grc' dir='ltr'><strong><em>ὅρος</em></strong></span> <span class='ocrx_word' id='word_1_323' title='bbox 960 4226 1040 4306; x_wconf 81' lang='grc' dir='ltr'><strong><em>ἱερὸν</em></strong></span> <span class='ocrx_word' id='word_1_324' title='bbox 1064 4210 1167 4309; x_wconf 79' lang='grc' dir='ltr'><strong><em>Αάγης</em></strong></span> 
     </span>
     <span class='ocr_line' id='line_1_37' title="bbox 317 4322 1186 4408; baseline 0.006 -23"><span class='ocrx_word' id='word_1_325' title='bbox 317 4325 500 4407; x_wconf 79' lang='grc' dir='ltr'><strong><em>Παρθένιον·</em></strong></span> <span class='ocrx_word' id='word_1_326' title='bbox 523 4336 633 4407; x_wconf 84' lang='grc' dir='ltr'><strong><em>φεῦγεν</em></strong></span> <span class='ocrx_word' id='word_1_327' title='bbox 657 4322 686 4387; x_wconf 83' lang='grc' dir='ltr'><strong>δ’</strong></span> <span class='ocrx_word' id='word_1_328' title='bbox 712 4324 728 4387; x_wconf 80' lang='grc' dir='ltr'>ὁ</span> <span class='ocrx_word' id='word_1_329' title='bbox 752 4324 846 4408; x_wconf 77' lang='grc' dir='ltr'><strong><em>γέρων</em></strong></span> <span class='ocrx_word' id='word_1_330' title='bbox 869 4328 1029 4407; x_wconf 81' lang='grc' dir='ltr'><strong><em>μετόπισθε</em></strong></span> <span class='ocrx_word' id='word_1_331' title='bbox 1056 4329 1186 4407; x_wconf 83' lang='grc' dir='ltr'><strong><em>Φενειὸς,</em></strong></span> 
     </span>
     <span class='ocr_line' id='line_1_38' title="bbox 317 4424 1167 4516; baseline 0.004 -28"><span class='ocrx_word' id='word_1_332' title='bbox 317 4436 408 4509; x_wconf 79' lang='grc' dir='ltr'><strong><em>φεῦγε</em></strong></span> <span class='ocrx_word' id='word_1_333' title='bbox 432 4424 460 4488; x_wconf 88' lang='grc' dir='ltr'><strong>δ’</strong></span> <span class='ocrx_word' id='word_1_334' title='bbox 487 4427 540 4506; x_wconf 81' lang='grc' dir='ltr'><strong>ὅλη</strong></span> <span class='ocrx_word' id='word_1_335' title='bbox 564 4428 714 4506; x_wconf 79' lang='grc' dir='ltr'><strong><em>Πελοπηϊς</em></strong></span> <span class='ocrx_word' id='word_1_336' title='bbox 738 4427 793 4506; x_wconf 82' lang='grc' dir='ltr'><strong>ὅση</strong></span> <span class='ocrx_word' id='word_1_337' title='bbox 817 4428 1025 4507; x_wconf 79' lang='grc' dir='ltr'><strong><em>παρακέκλιται</em></strong></span> <span class='ocrx_word' id='word_1_338' title='bbox 1044 4425 1167 4516; x_wconf 70' lang='grc' dir='ltr'><strong><em>Ἰσθμῷ,</em></strong></span> 
     </span>
    </p>
   </div>
   <div class='ocr_carea' id='block_1_7' title="bbox 71 4555 292 4566">
    <p class='ocr_par' dir='ltr' id='par_1_10' title="bbox 71 4555 292 4566">
     <span class='ocr_line' id='line_1_39' title="bbox 71 4555 292 4566; baseline -0.023 0"><span class='ocrx_word' id='word_1_339' title='bbox 71 4555 292 4566; x_wconf 79' lang='grc'><strong>...-.----</strong></span> 
     </span>
    </p>
   </div>
   <div class='ocr_carea' id='block_1_8' title="bbox 107 4637 894 4702">
    <p class='ocr_par' dir='ltr' id='par_1_11' title="bbox 107 4637 894 4702">
     <span class='ocr_line' id='line_1_40' title="bbox 107 4637 894 4702; baseline -0.001 -15"><span class='ocrx_word' id='word_1_340' title='bbox 107 4637 126 4702; x_wconf 82' lang='grc'><strong>1)</strong></span> <span class='ocrx_word' id='word_1_341' title='bbox 146 4640 186 4687; x_wconf 81' lang='lat' dir='ltr'><strong>Ol.</strong></span> <span class='ocrx_word' id='word_1_342' title='bbox 204 4638 238 4685; x_wconf 80' lang='lat' dir='ltr'><strong>de</strong></span> <span class='ocrx_word' id='word_1_343' title='bbox 256 4637 423 4685; x_wconf 75' lang='lat' dir='ltr'><strong>callimacheo</strong></span> <span class='ocrx_word' id='word_1_344' title='bbox 440 4650 490 4685; x_wconf 88' lang='lat' dir='ltr'><strong>usn</strong></span> <span class='ocrx_word' id='word_1_345' title='bbox 508 4638 585 4686; x_wconf 85' lang='lat' dir='ltr'><strong>huius</strong></span> <span class='ocrx_word' id='word_1_346' title='bbox 604 4638 758 4686; x_wconf 70' lang='lat' dir='ltr'><strong>substantivi</strong></span> <span class='ocrx_word' id='word_1_347' title='bbox 776 4653 834 4700; x_wconf 70' lang='lat' dir='ltr'><strong>pag.</strong></span> <span class='ocrx_word' id='word_1_348' title='bbox 854 4641 894 4690; x_wconf 78' lang='lat' dir='ltr'><strong>ld.</strong></span> 
     </span>
    </p>
   </div>
   <div class='ocr_carea' id='block_1_9' title="bbox 0 0 1574 5296">
    <p class='ocr_par' dir='ltr' id='par_1_12' title="bbox 0 0 1574 5296">
     <span class='ocr_line' id='line_1_41' title="bbox 0 0 1574 5296; baseline 0 0"><span class='ocrx_word' id='word_1_349' title='bbox 0 0 1574 5296; x_wconf 95' lang='lat' dir='ltr'><strong> </strong></span> 
     </span>
    </p>
   </div>
  </div>
 </body>
</html>
