3068 5294
795 433 857 493 158
1202 433 1256 494 IV.
1284 432 1463 493 198-204

185 617 411 694 Callimachus,
435 633 513 679 voce
536 618 764 681 Alexandrinis
785 622 944 697 pergrata,
965 636 1075 697 quam,
1095 636 1225 696 semper
1244 621 1353 682 ionice
1371 616 1465 698 perq

182 720 347 796 scriptam,
373 719 487 780 eodem
515 736 614 781 sensu
642 724 739 797 atque
763 724 815 784 hic
839 722 970 783 adhibet
993 723 1031 784 fr.
1056 715 1126 799 66¹³,
1150 725 1184 783 at
1208 739 1305 784 sensu
1332 724 1464 784 rotundi

183 822 279 882 1159
305 822 359 882 uhi
378 822 425 882 ita
444 820 532 898 λίμνη
556 823 716 885 indicatur
738 840 837 899 quam
857 824 934 884 olim
956 824 1116 898 Theognis
1135 821 1300 903 τροχοειδέα
1320 826 1461 886 dixerat.

184 921 333 983 Ceterum
357 938 420 983 non
444 923 551 997 magis
574 925 773 987 homericum
801 929 851 986 est
878 925 962 999 quod
981 926 1128 999 sequitur
1152 924 1195 987 ob
1219 949 1253 986 τι
1276 926 1462 1003 παλαιὸν,

184 1039 382 1098 quamquam
407 1024 587 1085 defenditur
609 1027 772 1088 homerico
800 1023 855 1103 „oli
880 1048 906 1085 τι
930 1023 996 1087 νέον
1022 1029 1086 1106 γε”.

227 1127 256 1187 A
285 1127 505 1203 sequentibus,
537 1127 575 1188 de
608 1130 724 1202 quihus
756 1130 883 1205 copiose
915 1130 1068 1190 disseruit
1091 1129 1314 1205 Schneiderus,
1340 1129 1373 1189 in
1398 1129 1461 1188 hac

182 1229 399 1304 disputatione
420 1244 537 1289 manus
556 1230 718 1292 abstinere
742 1231 856 1291 satius.
881 1231 988 1292 Pauca
1011 1233 1122 1292 tamen
1146 1234 1223 1291 sunt
1245 1231 1400 1305 notanda,
1426 1230 1461 1289 in

181 1332 297 1406 quibus
319 1332 462 1407 primum
485 1335 537 1392 est
561 1333 758 1395 adiectivum
782 1332 938 1411 τλήμων
967 1349 1015 1395 vs.
1041 1334 1115 1394 202.
1140 1333 1300 1393 Adcurate
1325 1332 1458 1407 quidem

182 1434 221 1494 de
249 1433 346 1494 huius
375 1433 464 1494 vocis
494 1449 556 1493 usu
587 1435 749 1496 homerico
780 1435 966 1496 observavit
996 1434 1204 1495 Aristarchus
1234 1435 1286 1505 (ad
1317 1435 1355 1491 11.
1381 1434 1460 1502 231)

185 1534 247 1612 ηὸτι
282 1533 412 1613 τλήμονα
447 1533 479 1594 οἱ
509 1533 645 1614 νεώτεροι
680 1534 732 1595 τὸν
767 1533 870 1615 ἀτυχῆ,
901 1533 917 1596 δ
947 1533 980 1596 δὲ
1000 1533 1131 1615 Ὅμηρος
1161 1533 1213 1595 τὸν
1236 1533 1382 1613 ιληιικὸν,
1407 1533 1460 1594 τὸν

180 1635 431 1714 1οομενηανόν”,
456 1639 491 1697 et
513 1652 577 1698 non
601 1637 654 1698 diu
679 1640 749 1698 tam
772 1638 872 1700 arctis
895 1637 1012 1699 finibus
1033 1653 1130 1698 usum
1151 1637 1301 1699 adiectivi
1321 1637 1459 1698 circum·

181 1739 339 1814 scriptum
362 1737 463 1798 luisse
487 1738 579 1799 docet
608 1739 851 1801 substantivum
869 1739 1039 1819 τλημοσύνῃ
1062 1739 1171 1816 hymn.
1194 1739 1276 1800 hcm.
1296 1739 1331 1798 ta
1356 1739 1459 1814 Apoll.

184 1841 243 1900 191
270 1840 309 1901 de
340 1840 482 1900 miseriis
505 1840 639 1917 dictum,
663 1856 746 1914 quae
769 1858 789 1903 a
812 1842 862 1902 dis
889 1840 1081 1902 mortalibus
1111 1842 1331 1916 imponuntur.
1368 1841 1459 1918 Quae

181 1941 372 2016 significatio
407 1942 440 2002 in
474 1943 639 2016 tragoedis
671 1943 854 2018 praevaluit
888 1945 922 2004 et
952 1959 972 2004 a
1007 1943 1203 2004 Callimacho
1238 1945 1349 2004 nostro
1385 1943 1459 2005 loco

179 2047 307 2119 recepta
330 2046 390 2104 est.
419 2077 459 2088 -
485 2044 590 2105 Versu
618 2046 681 2106 203
714 2045 842 2120 neglegi
864 2045 1059 2120 positionem
1082 2045 1115 2105 in
1139 2045 1247 2105 verbis
1270 2042 1390 2104 τοῦτό
1416 2067 1460 2121 με

182 2142 305 2223 ῥέξαι,
328 2160 410 2218 quae
434 2146 606 2207 observata
630 2148 700 2207 erat
722 2147 780 2207 111.
806 2147 871 2206 200
898 2144 981 2224 „liqut
1004 2156 1034 2205 rs
1056 2142 1192 2224 ῥέζοοοι”
1216 2147 1251 2206 at
1273 2145 1461 2220 neglegitur

182 2249 285 2309 denuo
308 2247 346 2308 V.
361 2246 403 2306 85
426 2245 455 2305 τί
475 2268 525 2325 μοι
548 2244 600 2307 τὸν
624 2256 734 2328 κοῦρον
758 2246 857 2327 ἔρεξας
877 2250 909 2309 et
925 2247 978 2308 IV.
1001 2249 1065 2309 245
1087 2243 1245 2323 ἀποθύμια
1265 2243 1338 2325 ῥέξω
1358 2262 1459 2309 nemo

182 2350 335 2410 miratur:
374 2348 499 2409 viderat
529 2351 623 2424 poeta
647 2365 721 2410 eam
745 2349 997 2411 inconstantiam
1021 2349 1053 2409 in
1077 2349 1157 2423 ipsis
1180 2347 1314 2408 Homeri
1340 2351 1458 2410 carmi·

181 2453 286 2528 nibus,
310 2453 343 2512 et
366 2466 441 2512 cum
465 2467 599 2512 causam
623 2452 784 2526 ignoraret
807 2454 918 2513 tamen
940 2450 1052 2512 sedulo
1072 2451 1218 2510 sectatus
1237 2450 1298 2509 est.
1323 2449 1459 2511 Maioris

182 2553 340 2614 momenti
359 2554 409 2613 est
433 2552 669 2613 Callimachum
688 2554 721 2613 in
743 2553 932 2628 pronomine
952 2547 1089 2630 ὑμέτερος
1109 2552 1176 2610 iam
1196 2550 1227 2610 id
1248 2552 1459 2613 commisisse

182 2658 217 2716 ut
236 2671 292 2730 pro
312 2653 468 2728 singulari
486 2654 591 2715 forma
610 2654 769 2729 pluralem
788 2656 921 2729 poneret
936 2646 964 2723 ¹).
989 2652 1072 2712 Nam
1088 2652 1188 2712 solam
1207 2652 1366 2711 Iunonem
1380 2652 1457 2714 allo·

181 2760 256 2817 cuta
281 2752 491 2834 ,μδμετέρας
514 2752 657 2827 instro&
677 2755 769 2832 dixit,
793 2771 876 2829 quae
898 2754 996 2815 verba
1015 2769 1077 2814 non
1097 2754 1160 2813 nisi
1184 2753 1277 2813 viad
1302 2755 1459 2815 custodes

179 2857 252 2917 illos
287 2872 368 2931 quos
401 2857 462 2918 sibi
497 2857 644 2918 adiunxit
674 2859 764 2933 Iuno,
797 2857 933 2917 Martem
964 2856 1034 2916 dico
1069 2857 1104 2916 et
1136 2854 1265 2929 Iridem,
1301 2856 1458 2916 traxeris

180 2960 300 3020 liadem
335 2959 432 3033 igitur
466 2958 597 3020 licentia
628 2974 692 3033 qua
721 2960 755 3019 in
783 2959 907 3033 primae
931 2972 1086 3031 personae
1109 2956 1296 3030 pronomine
1319 2957 1457 3034 multoS,

179 3061 358 3121 Homerum
394 3063 437 3131 (Z.
472 3062 536 3120 414
568 3054 664 3138 πατέρ’
701 3056 788 3137 άμδν,
813 3062 849 3118 Π.
876 3061 938 3120 244
962 3054 1100 3137 ἡμέτερος
1133 3056 1287 3135 θεράπων)
1321 3063 1458 3122 secutos

178 3162 258 3222 vidit
288 3161 410 3236 plurale
443 3156 517 3237 ἁμὸς
550 3161 600 3222 vel
631 3157 770 3239 ἡμέτερος
802 3161 952 3222 adhibere
980 3174 1035 3235 pro
1067 3157 1223 3233 singulari
1253 3194 1293 3203 —
1317 3166 1459 3223 noverat

178 3278 423 3336 nonnumquam
447 3263 622 3324 Pindarum
645 3264 767 3324 dixisse
795 3261 904 3340 ,ὕμνοι
928 3257 1082 3339 opsequ?
1107 3262 1140 3321 et
1166 3260 1246 3322 talia
1271 3296 1311 3305 -
1337 3264 1457 3325 eadem

178 3364 314 3439 putabat
347 3365 380 3424 in
415 3366 556 3426 secunda
590 3380 727 3440 persona
759 3365 821 3425 sibi
853 3365 901 3425 uti
929 3364 1024 3424 licere
1049 3356 1081 3433 ²).
1108 3362 1196 3439 Quod
1220 3379 1294 3424 cum
1321 3365 1456 3443 laceret,

179 3466 288 3527 nescio
318 3482 359 3527 an
395 3466 429 3526 in
453 3467 610 3527 memoria
633 3467 782 3527 habuerit
802 3466 890 3528 locos
914 3465 1019 3539 qualis
1044 3466 1095 3525 est
1119 3463 1244 3525 Solonis
1268 3466 1385 3540 fragm.
1414 3471 1456 3529 19

379 3575 436 3627 νῦν
459 3564 492 3627 δὲ
514 3567 551 3628 σὺ
575 3564 629 3645 μὲν
651 3568 786 3629 Σολίοισι
809 3567 905 3628 πολὺν
929 3565 1036 3646 χρόνον
1059 3559 1166 3626 ἐνθάδ’
1194 3563 1333 3627 ἀνάσσων

445 3668 533 3747 τήνδε
554 3668 642 3730 πόλιν
666 3669 761 3742 ναίοις
784 3666 835 3730 καὶ
857 3666 942 3749 γένος
965 3664 1115 3747 ὑμέτερον,

180 3771 231 3832 vel
266 3771 393 3832 Pindari
427 3771 515 3848 Pyth.
550 3772 636 3833 VIII.
670 3774 721 3834 66.
757 3770 811 3848 „rb
836 3766 864 3831 δ’
891 3769 1048 3850 inarabile
1070 3769 1225 3831 πάνδοκον
1249 3767 1324 3830 ναὸν
1347 3768 1455 3831 εὐκλέα

180 3869 329 3948 διανέμων
351 3874 505 3945 Πυθῶνος
528 3870 560 3932 ἐν
582 3872 762 3953 γυάλοις...
787 3871 871 3933 δόσιν
892 3871 1090 3932 πενιαεθλίου
1114 3871 1170 3932 σὺν
1193 3869 1307 3950 ἑορταῖς
1329 3867 1455 3950 ὑμαῖς

179 3971 344 4053 ἕαάγαμες”
379 3974 429 4044 (cs.
465 3974 555 4036 Pind.
590 3975 680 4052 Pplh.
712 3976 782 4036 Vll.
818 3977 879 4047 15).
903 3977 942 4036 In
964 3976 1016 4036 his
1040 3990 1115 4036 vero
1139 3975 1220 4035 locis
1243 3975 1329 4036 inest
1353 3990 1455 4036 causa

180 4076 339 4148 quaedam
369 4076 533 4151 enallages
562 4078 596 4137 et
618 4077 700 4139 ratio
724 4077 801 4138 talis
824 4077 912 4152 quali
935 4077 1115 4153 explicatur
1137 4076 1347 4137 notissimum
1372 4076 1455 4138 illud

181 4176 402 4250 Vergilianum

450 4276 530 4348 „Vos
552 4291 569 4334 o
591 4277 719 4349 Calliope
739 4293 842 4349 precor
862 4279 1011 4349 adspirate
1033 4277 1179 4334 canenti.”

214 4524 233 4588 ¹)
252 4528 290 4574 Oi.
306 4527 353 4574 III.
370 4529 417 4575 999
433 4524 502 4593 (pag.
514 4527 572 4595 109)
587 4534 613 4578 st
628 4531 669 4580 1v.
679 4534 727 4580 999
743 4532 788 4579 ubi
803 4533 912 4597 σφέιιρος
927 4533 1050 4580 adunam
1065 4535 1164 4579 tentum
1179 4544 1316 4592 personam
1331 4532 1453 4592 pertinet

212 4603 234 4671 ²)
252 4608 289 4654 (li.
309 4608 423 4667 spodon.
441 4611 516 4669 Dysc.
533 4626 602 4671 μνον.
619 4625 645 4672 p.
665 4614 711 4659 142
729 4612 757 4658 B.
777 4625 834 4671 sqq.
852 4613 902 4669 (od.
921 4613 949 4660 R.
969 4612 1087 4660 Schnsld.
1105 4626 1131 4671 p.
1150 4608 1218 4675 119).
