3104 5286
681 455 723 517 95

67 645 147 706 trius
166 645 343 706 Phalereus
361 644 593 719 Aesculapium
605 644 747 720 putavit,
769 659 857 720 cum,
879 660 899 704 a
918 645 1076 706 caecitate
1096 644 1233 707 mirifice
1245 662 1338 707 sana·

67 750 133 822 tus,
152 762 277 822 paeane
296 746 475 820 composito
495 745 604 820 palam
628 746 751 821 gratias
770 745 809 807 ob
829 745 989 807 redditam
1010 746 1152 807 salutem
1172 747 1231 809 deo
1254 763 1340 809 novo

66 848 184 909 obtulit
200 842 231 917 ¹).
251 848 411 908 Novimus
431 846 560 907 aliunde
579 863 659 907 mox
682 849 766 922 apud
786 847 1025 909 Alexandrinos
1041 848 1130 909 nullo
1142 865 1207 909 nou
1219 851 1340 910 honore

64 951 221 1011 affectum
252 965 326 1010 esse
345 950 453 1009 ‚deum
477 948 612 1023 Sarapin
619 966 626 1022 ;
659 946 879 1008 Callimachus
913 952 1024 1009 autem
1048 964 1152 1024 neque
1182 951 1340 1026 epigram-

65 1055 154 1112 mate
186 1051 258 1110 LVI
287 1051 354 1111 tale
384 1050 461 1124 quid
484 1049 593 1124 docet,
618 1064 721 1123 neque
744 1049 916 1109 XXXVIII
935 1065 998 1124 quo
1018 1050 1185 1112 Menoetes
1207 1052 1340 1126 qnidam

63 1154 232 1213 Cretensis
254 1155 441 1227 postquam,
467 1151 687 1211 mercenarius
716 1150 856 1210 fortasse
878 1151 989 1227 miles,
1016 1153 1129 1212 contra
1151 1149 1341 1228 Hesperitas

62 1255 237 1330 pugnavit,
267 1253 414 1328 Serapidi
437 1253 534 1312 vovet
557 1266 686 1311 arcum:

285 1349 319 1413 ‘0
341 1353 472 1425 Λύκτιος
495 1351 649 1424 Μενοίτας
671 1349 707 1412 τὰ
728 1351 799 1424 τόξα
821 1346 900 1412 ταῦτ’
925 1350 1053 1413 ἐπειπὼν

289 1454 388 1532 ἔθηκε·
415 1463 484 1538 ,effi
506 1450 593 1532 κέρας
618 1475 662 1514 τοι
686 1453 794 1531 δίδωμι
816 1451 867 1514 καὶ
889 1451 1041 1535 φαρέτρην

289 1556 420 1634 Enipeus·
444 1553 514 1626 τοὺς
539 1549 565 1614 d'
593 1551 710 1625 ὄιστοὺς
729 1553 847 1633 ἔχουσιν
861 1549 1062 1632 Ἑσπερῖται”.

63 1662 149 1721 Nam
174 1674 278 1734 neque
301 1674 365 1733 quo
385 1658 455 1718 loco
479 1659 656 1717 venustum
676 1672 808 1717 carmen
838 1657 1036 1719 dedicaverit
1061 1659 1227 1720 Menoetae
1251 1661 1338 1720 novi·

63 1778 155 1837 mus,
182 1775 285 1835 neque
305 1775 369 1833 qua
389 1773 488 1818 causa
506 1759 617 1818 motus
638 1758 785 1832 Serapidi
803 1759 997 1833 praesertim
1013 1759 1183 1821 donaverit
1202 1777 1295 1822 arma
1308 1756 1340 1831 ²).

109 1977 193 2037 'Iam
236 1989 389 2035 aversum
428 1989 448 2033 a
480 1974 621 2033 summis
663 1952 820 2048 Aegypti¹
839 1974 1027 2034 numinibus
1061 1978 1157 2050 poeta
1192 1978 1340 2038 animum

64 2077 190 2138 habuit.
224 2077 363 2137 Omnem
387 2075 486 2149 igitur
520 2089 651 2149 operam
686 2074 800 2149 perdat
831 2076 885 2149 qui
915 2075 1115 2151 investigare
1144 2078 1236 2154 velit,
1262 2095 1341 2140 num

64 2180 150 2241 forte
181 2180 215 2239 in
245 2178 356 2238 minus
387 2177 473 2236 notis
503 2176 738 2251 Aegyptiorum
773 2175 823 2235 dis
858 2176 1043 2252 deabusque
1076 2180 1187 2240 minus
1226 2182 1343 2241 acriter

64 2280 227 2341 restiterit
250 2281 344 2341 novis
366 2279 432 2339 illis
457 2278 643 2339 hominibus
663 2279 717 2351 qui
737 2293 812 2338 curn
831 2279 996 2341 Hecataeo
1017 2283 1198 2357 ceterisque
1217 2284 1341 2359 Aegyp·

64 2381 181 2442 tiasmi
215 2382 397 2442 fautoribus
419 2381 451 2440 id
475 2380 663 2454 studebant,
699 2381 737 2439 ut
766 2380 891 2440 sensim
922 2382 1143 2443 coalescerent
1174 2386 1342 2460 utriusque

66 2485 211 2544 nationis
246 2484 391 2544 numina.
426 2482 617 2558 Usquamne
647 2481 828 2543 Volcanum
862 2482 910 2543 ita
944 2483 1091 2558 depinxit
1123 2483 1342 2547 callimachus

65 2590 103 2646 ut
146 2600 223 2645 cum
264 2585 428 2646 Hecataeo
469 2582 529 2643 sub
571 2585 642 2643 eins
680 2598 817 2658 persona
858 2585 955 2644 deum
998 2585 1081 2645 Ptah
1112 2591 1294 2661 agnoscas?
1319 2583 1342 2659 ³)

65 2687 259 2760 Usquamne
282 2686 428 2747 Artemis
451 2683 671 2745 Callimachea
690 2685 848 2745 Bubastin
868 2690 1013 2760 revocat,
1035 2689 1093 2747 aut
1111 2688 1225 2763 Apollo
1245 2691 1342 2751 Aroe·

64 2789 131 2864 rin,
165 2787 306 2861 Horum,
338 2786 598 2861 Harpocratem?
629 2786 681 2845 An
712 2786 797 2860 quod
828 2786 925 2846 deum
956 2788 1087 2848 Mendes
1110 2791 1213 2850 sacris
1237 2792 1340 2851 donis·

64 2905 129 2963 que
161 2889 306 2949 coluerat
332 2887 563 2963 Philadelphus
591 2891 625 2947 et
654 2887 756 2947 Ohern
787 2888 886 2948 Panis
916 2890 1048 2951 nomine
1075 2891 1286 2954 invocaverat
1307 2895 1341 2953 in

102 3195 197 3260 ι)11ο1
223 3211 317 3245 novum
345 3197 523 3246 Alexandrinis
550 3198 626 3246 deum
654 3212 712 3247 csse
735 3201 880 3258 Inventum,
902 3201 948 3249 sed
971 3200 1020 3248 deo
1041 3204 1211 3266 Aegyptiace,
1231 3206 1341 3261 „Osirldi

63 3278 219 3326 Rhacoddv·
237 3279 359 3324 maiorem
377 3290 454 3337 qnam
472 3292 586 3337 unquam
604 3281 628 3326 ei
646 3280 731 3326 Inerat
748 3281 846 3328 uultum
861 3295 876 3327 a
890 3281 996 3341 Lagidis
1004 3295 1061 3329 esse
1071 3282 1159 3330 datum
1169 3279 1214 3345 (11.
1224 3283 1342 3346 Brugseh

66 3357 153 3420 01191.
167 3355 261 3404 [sectr.
277 3358 296 3404 L
315 3358 456 3415 110-141)
473 3357 550 3406 hodie
567 3359 683 3419 plerique
701 3361 872 3407 consentiunt.
888 3360 1054 3408 Sacerdotem
1073 3365 1158 3410 autem
1178 3365 1238 3425 „pia
1254 3364 1342 3414 fraus'¹

64 3437 170 3498 quaudo
193 3437 306 3485 fabulam
333 3436 365 3483 de
386 3437 496 3484 Plutone
514 3438 649 3498 Sinopensi
667 3438 699 3484 ad
718 3439 949 3488 commendandum
967 3441 1074 3488 Graecis
1091 3441 1168 3490 deum
1186 3446 1341 3506 Aegyptium

64 3519 179 3578 primum
206 3517 389 3575 excogitaverit
414 3512 458 3579 (11.
481 3517 549 3563 Pleu
570 3515 600 3563 de
623 3515 740 3579 Serapide
761 3531 787 3577 p.
802 3520 817 3565 8
834 3520 907 3581 sqq),
931 3520 1037 3567 minime
1063 3525 1176 3583 constat,
1202 3537 1286 3584 neque
1309 3526 1342 3573 a'd

64 3600 183 3644 nostrum
209 3599 390 3655 argumentum
419 3596 519 3643 attinet.
545 3596 634 3644 Obiter
653 3600 740 3643 tamen
763 3610 854 3645 1111111
878 3600 1005 3646 somnium
1024 3600 1089 3648 illud
1112 3602 1256 3652 Ptolemaei
1273 3604 1342 3665 quod

64 3677 184 3724 referunt
205 3676 345 3736 scriptores
366 3672 677 3733 (recitastist.1v.en;
697 3676 764 3722 Plut.
782 3673 818 3722 Is.
833 3676 874 3737 al)
893 3679 958 3725 mire
977 3678 1085 3726 reddere
1103 3683 1252 3729 memoriam
1272 3684 1343 3732 illius

64 3756 163 3811 somni,
180 3768 232 3814 qno
249 3756 310 3802 olim
327 3769 414 3815 regem
434 3754 609 3801 111111111111
627 3754 786 3801 admonitum
804 3755 885 3804 111111
902 3763 932 3805 11
947 3758 988 3806 dei
1006 3759 1127 3808 Onuridis
1144 3775 1216 3809 sacra
1225 3764 1342 3823 neglecta

64 3838 234 3890 instauraret,
261 3839 347 3882 narrat
372 3847 486 3896 papyrus
514 3832 541 3880 U.
564 3847 596 3880 ex
625 3831 731 3896 Papyris
754 3834 852 3882 Graecis
874 3835 938 3885 Mae.
962 3837 1021 3885 Ant.
1035 3838 1103 3900 pati.
1126 3839 1280 3903 1191111111.
1301 3844 1341 3892 ed.

64 3918 202 3964 Lsemans.
232 3917 313 3975 aptos
337 3918 425 3962 autem
450 3913 483 3959 ad
506 3913 567 3960 talia
593 3913 761 3972 excogitanda
784 3915 931 3964 sacerdotes
953 3918 1093 3978 aegyptios
1117 3919 1198 3968 111111
1224 3923 1343 3970 nummus

63 4008 164 4043 omnes.

99 4069 119 4128 ²)
141 4073 198 4120 1111
219 4073 306 4120 minus
328 4073 467 4120 verisimile
489 4072 554 4119 mihi
575 4071 676 4119 videtur
698 4073 845 4120 Menestam
868 4076 928 4134 post
949 4074 1047 4123 bellum
1069 4078 1194 4126 mansisse
1216 4079 1242 4126 in
1267 4081 1342 4141 Gyre-

64 4154 153 4214 naica,
179 4166 257 4212 quam
279 4152 387 4200 rediisse
409 4153 435 4199 in
458 4153 572 4210 (tretam;
596 4152 665 4212 qnod
687 4166 779 4201 moneo
802 4154 864 4212 quia
878 4155 988 4202 1111111
1006 4155 1054 4202 hoo
1071 4156 1256 4215 epigrammate
1273 4161 1343 4208 efflei

65 4234 118 4280 lam
145 4234 201 4279 tum
228 4232 358 4292 Sarapidis
376 4232 474 4279 cultum
492 4232 518 4276 11
533 4231 599 4277 hanc
616 4232 727 4278 insulam
745 4231 859 4280 adlatum
879 4234 959 4280 111111
976 4233 1019 4290 (11.
1037 4230 1144 4281 Drexler
1162 4235 1232 4295 apud
1249 4239 1342 4286 Rosoh.

64 4313 101 4360 11.
119 4310 188 4371 881).

99 4387 176 4450 31111
198 4390 270 4438 iovis
295 4391 427 4437 Ammonis
450 4388 554 4448 quidem
579 4393 696 4436 naturam
721 4402 751 4437 ex
783 4390 935 4438 Oallimaohi
965 4391 1124 4439 carminibus
1150 4396 1342 4456 cognoscimus,

63 4483 225 4533 quamquam
246 4470 315 4531 apud
339 4470 491 4529 Oyreuaicoe
512 4468 556 4516 ille
578 4469 643 4517 deus
666 4471 767 4516 tantum
790 4483 840 4516 nou
864 4471 1007 4531 princlpem
1032 4470 1165 4520 obtinebat
1187 4474 1343 4533 1111111,11

63 4556 118 4599 lam
136 4552 162 4598 lu
180 4551 325 4609 Euergetas
341 4550 454 4596 nummis
471 4549 579 4595 Ammon
597 4547 689 4596 011111
707 4548 776 4595 Iovis
793 4548 878 4596 locum
895 4553 1006 4610 occupat
1022 4549 1065 4610 (11.
1082 4551 1226 4599 Lumbroso
1242 4551 1342 4602 Becher*

62 4630 120 4681 cher
137 4643 162 4690 p.
181 4627 236 4690 ac).
