<?xml version="1.0" encoding="UTF-8"?>
<!DOCTYPE html PUBLIC "-//W3C//DTD XHTML 1.0 Transitional//EN"
    "http://www.w3.org/TR/xhtml1/DTD/xhtml1-transitional.dtd">
<html xmlns="http://www.w3.org/1999/xhtml" xml:lang="en" lang="en">
 <head>
  <title>
</title>
<meta http-equiv="Content-Type" content="text/html;charset=utf-8" />
  <meta name='ocr-system' content='tesseract 3.04.00' />
  <meta name='ocr-capabilities' content='ocr_page ocr_carea ocr_par ocr_line ocrx_word'/>
</head>
<body>
  <div class='ocr_page' id='page_1' title='image "./studiacallimach01kuipgoog_0227.png"; bbox 0 0 3068 5294; ppageno 0'>
   <div class='ocr_carea' id='block_1_1' title="bbox 818 418 1479 496">
    <p class='ocr_par' dir='ltr' id='par_1_1' title="bbox 818 418 1479 496">
     <span class='ocr_line' id='line_1_1' title="bbox 818 418 1479 496; baseline -0.009 -13"><span class='ocrx_word' id='word_1_1' title='bbox 818 436 880 496; x_wconf 83' lang='lat'><strong>214</strong></span> <span class='ocrx_word' id='word_1_2' title='bbox 1283 423 1325 483; x_wconf 88' lang='lat'><strong>11.</strong></span> <span class='ocrx_word' id='word_1_3' title='bbox 1350 418 1479 479; x_wconf 79' lang='lat'>82-84</span> 
     </span>
    </p>
   </div>
   <div class='ocr_carea' id='block_1_2' title="bbox 212 624 1477 708">
    <p class='ocr_par' dir='ltr' id='par_1_2' title="bbox 212 624 1477 708">
     <span class='ocr_line' id='line_1_2' title="bbox 212 624 1477 708; baseline -0.002 -18"><span class='ocrx_word' id='word_1_4' title='bbox 212 643 308 690; x_wconf 89' lang='lat' dir='ltr'><strong>aures</strong></span> <span class='ocrx_word' id='word_1_5' title='bbox 341 641 416 689; x_wconf 92' lang='lat' dir='ltr'><strong>cum</strong></span> <span class='ocrx_word' id='word_1_6' title='bbox 449 626 529 688; x_wconf 88' lang='lat' dir='ltr'><strong>baec</strong></span> <span class='ocrx_word' id='word_1_7' title='bbox 563 626 769 701; x_wconf 80' lang='lat' dir='ltr'>componeret</span> <span class='ocrx_word' id='word_1_8' title='bbox 803 639 935 685; x_wconf 88' lang='lat' dir='ltr'><strong>versum</strong></span> <span class='ocrx_word' id='word_1_9' title='bbox 971 625 1003 683; x_wconf 87' lang='grc' dir='ltr'><strong>Β.</strong></span> <span class='ocrx_word' id='word_1_10' title='bbox 1033 625 1098 686; x_wconf 81' lang='grc'><strong>468</strong></span> <span class='ocrx_word' id='word_1_11' title='bbox 1133 624 1225 702; x_wconf 76' lang='grc' dir='ltr'><strong><em>,ὅσσα</em></strong></span> <span class='ocrx_word' id='word_1_12' title='bbox 1255 650 1285 690; x_wconf 86' lang='grc' dir='ltr'><strong>τε</strong></span> <span class='ocrx_word' id='word_1_13' title='bbox 1310 625 1411 708; x_wconf 69' lang='grc' dir='ltr'><strong><em>φύλλα</em></strong></span> <span class='ocrx_word' id='word_1_14' title='bbox 1433 625 1477 688; x_wconf 74' lang='grc' dir='ltr'><strong><em>καὶ</em></strong></span> 
     </span>
    </p>
   </div>
   <div class='ocr_carea' id='block_1_3' title="bbox 204 725 1530 4685">
    <p class='ocr_par' dir='ltr' id='par_1_3' title="bbox 211 725 1477 1317">
     <span class='ocr_line' id='line_1_3' title="bbox 213 725 1477 810; baseline 0.004 -20"><span class='ocrx_word' id='word_1_15' title='bbox 213 726 310 790; x_wconf 80' lang='grc' dir='ltr'><strong><em>ἀνθεα</em></strong></span> <span class='ocrx_word' id='word_1_16' title='bbox 340 727 470 808; x_wconf 65' lang='grc' dir='ltr'><strong><em>γίγνεται</em></strong></span> <span class='ocrx_word' id='word_1_17' title='bbox 499 727 594 810; x_wconf 76' lang='grc' dir='ltr'><strong><em>ἀρῃ”,</em></strong></span> <span class='ocrx_word' id='word_1_18' title='bbox 626 742 725 803; x_wconf 89' lang='lat' dir='ltr'><strong>quam</strong></span> <span class='ocrx_word' id='word_1_19' title='bbox 756 727 840 801; x_wconf 91' lang='lat' dir='ltr'><strong>quod</strong></span> <span class='ocrx_word' id='word_1_20' title='bbox 865 725 956 787; x_wconf 91' lang='lat' dir='ltr'><strong>video</strong></span> <span class='ocrx_word' id='word_1_21' title='bbox 978 728 1128 801; x_wconf 80' lang='lat' dir='ltr'><strong>sequenti</strong></span> <span class='ocrx_word' id='word_1_22' title='bbox 1156 744 1254 791; x_wconf 86' lang='lat' dir='ltr'><strong>versu</strong></span> <span class='ocrx_word' id='word_1_23' title='bbox 1278 733 1477 795; x_wconf 82' lang='lat' dir='ltr'><strong>consultcin</strong></span> 
     </span>
     <span class='ocr_line' id='line_1_4' title="bbox 211 828 1477 907; baseline 0 -10"><span class='ocrx_word' id='word_1_24' title='bbox 211 836 282 897; x_wconf 90' lang='lat' dir='ltr'><strong>loco</strong></span> <span class='ocrx_word' id='word_1_25' title='bbox 317 833 480 895; x_wconf 89' lang='lat' dir='ltr'><strong>homerico</strong></span> <span class='ocrx_word' id='word_1_26' title='bbox 510 830 668 892; x_wconf 88' lang='lat' dir='ltr'><strong>imitando</strong></span> <span class='ocrx_word' id='word_1_27' title='bbox 699 844 775 890; x_wconf 93' lang='lat' dir='ltr'><strong>eum</strong></span> <span class='ocrx_word' id='word_1_28' title='bbox 805 828 934 904; x_wconf 80' lang='lat' dir='ltr'>lusisse,</span> <span class='ocrx_word' id='word_1_29' title='bbox 958 829 1055 902; x_wconf 88' lang='lat' dir='ltr'><strong>atque</strong></span> <span class='ocrx_word' id='word_1_30' title='bbox 1077 829 1110 890; x_wconf 93' lang='lat' dir='ltr'><strong>id</strong></span> <span class='ocrx_word' id='word_1_31' title='bbox 1132 845 1219 892; x_wconf 89' lang='lat' dir='ltr'><strong>nuno</strong></span> <span class='ocrx_word' id='word_1_32' title='bbox 1241 834 1375 907; x_wconf 89' lang='lat' dir='ltr'><strong>quidem</strong></span> <span class='ocrx_word' id='word_1_33' title='bbox 1399 836 1477 896; x_wconf 90' lang='lat' dir='ltr'><strong>haud</strong></span> 
     </span>
     <span class='ocr_line' id='line_1_5' title="bbox 212 931 1477 1009; baseline -0.002 -10"><span class='ocrx_word' id='word_1_34' title='bbox 212 937 393 1000; x_wconf 84' lang='lat' dir='ltr'><strong>invenuste.</strong></span> <span class='ocrx_word' id='word_1_35' title='bbox 419 936 470 996; x_wconf 83' lang='lat' dir='ltr'><strong>An</strong></span> <span class='ocrx_word' id='word_1_36' title='bbox 492 948 556 995; x_wconf 94' lang='lat' dir='ltr'><strong>non</strong></span> <span class='ocrx_word' id='word_1_37' title='bbox 574 933 739 1009; x_wconf 85' lang='lat' dir='ltr'><strong>praeclara</strong></span> <span class='ocrx_word' id='word_1_38' title='bbox 757 931 852 993; x_wconf 90' lang='lat' dir='ltr'><strong>laude</strong></span> <span class='ocrx_word' id='word_1_39' title='bbox 873 931 1012 1006; x_wconf 88' lang='lat' dir='ltr'><strong>patriam</strong></span> <span class='ocrx_word' id='word_1_40' title='bbox 1032 931 1160 993; x_wconf 80' lang='lat' dir='ltr'><strong>extollit</strong></span> <span class='ocrx_word' id='word_1_41' title='bbox 1176 948 1365 998; x_wconf 86' lang='lat' dir='ltr'><strong>memorans</strong></span> <span class='ocrx_word' id='word_1_42' title='bbox 1378 938 1477 999; x_wconf 85' lang='lat' dir='ltr'><strong>varios</strong></span> 
     </span>
     <span class='ocr_line' id='line_1_6' title="bbox 212 1030 1477 1115; baseline -0.002 -14"><span class='ocrx_word' id='word_1_43' title='bbox 212 1039 256 1101; x_wconf 91' lang='lat' dir='ltr'><strong>ibi</strong></span> <span class='ocrx_word' id='word_1_44' title='bbox 289 1038 434 1115; x_wconf 77' lang='lat' dir='ltr'>progigni</span> <span class='ocrx_word' id='word_1_45' title='bbox 460 1036 556 1098; x_wconf 78' lang='lat' dir='ltr'><strong>flores</strong></span> <span class='ocrx_word' id='word_1_46' title='bbox 584 1034 788 1113; x_wconf 74' lang='lat' dir='ltr'><strong>„erripoo</strong></span> <span class='ocrx_word' id='word_1_47' title='bbox 819 1031 1031 1104; x_wconf 79' lang='grc' dir='ltr'><strong><em>πνείοντος</em></strong></span> <span class='ocrx_word' id='word_1_48' title='bbox 1062 1030 1227 1114; x_wconf 77' lang='grc' dir='ltr'><strong><em>ἀέροην”</em></strong></span> <span class='ocrx_word' id='word_1_49' title='bbox 1260 1039 1477 1112; x_wconf 79' lang='lat' dir='ltr'><strong>atquoitaal</strong></span> 
     </span>
     <span class='ocr_line' id='line_1_7' title="bbox 214 1136 1477 1216; baseline -0.001 -13"><span class='ocrx_word' id='word_1_50' title='bbox 214 1141 355 1216; x_wconf 80' lang='lat' dir='ltr'><strong>Cyrenes</strong></span> <span class='ocrx_word' id='word_1_51' title='bbox 387 1140 540 1201; x_wconf 90' lang='lat' dir='ltr'><strong>honorem</strong></span> <span class='ocrx_word' id='word_1_52' title='bbox 573 1152 729 1199; x_wconf 89' lang='lat' dir='ltr'><strong>revocans</strong></span> <span class='ocrx_word' id='word_1_53' title='bbox 759 1137 793 1198; x_wconf 94' lang='lat' dir='ltr'><strong>in</strong></span> <span class='ocrx_word' id='word_1_54' title='bbox 823 1136 1007 1197; x_wconf 89' lang='lat' dir='ltr'><strong>auditorum</strong></span> <span class='ocrx_word' id='word_1_55' title='bbox 1036 1139 1164 1199; x_wconf 89' lang='lat' dir='ltr'><strong>mentes</strong></span> <span class='ocrx_word' id='word_1_56' title='bbox 1186 1139 1407 1214; x_wconf 86' lang='lat' dir='ltr'><strong>pulcherrima</strong></span> <span class='ocrx_word' id='word_1_57' title='bbox 1429 1141 1477 1202; x_wconf 90' lang='lat' dir='ltr'><strong>illa</strong></span> 
     </span>
     <span class='ocr_line' id='line_1_8' title="bbox 214 1238 1375 1317; baseline -0.002 -11"><span class='ocrx_word' id='word_1_58' title='bbox 214 1243 379 1305; x_wconf 83' lang='lat' dir='ltr'><strong>homerica</strong></span> <span class='ocrx_word' id='word_1_59' title='bbox 399 1241 518 1317; x_wconf 90' lang='lat' dir='ltr'><strong>quibus</strong></span> <span class='ocrx_word' id='word_1_60' title='bbox 540 1239 672 1314; x_wconf 82' lang='lat' dir='ltr'><strong>Elysius</strong></span> <span class='ocrx_word' id='word_1_61' title='bbox 694 1238 887 1300; x_wconf 82' lang='lat' dir='ltr'><strong>describitur</strong></span> <span class='ocrx_word' id='word_1_62' title='bbox 909 1252 1044 1314; x_wconf 88' lang='lat' dir='ltr'><strong>campus</strong></span> <span class='ocrx_word' id='word_1_63' title='bbox 1068 1239 1104 1311; x_wconf 85' lang='lat' dir='ltr'><strong>(d.</strong></span> <span class='ocrx_word' id='word_1_64' title='bbox 1129 1242 1193 1302; x_wconf 81' lang='lat'><strong>566</strong></span> <span class='ocrx_word' id='word_1_65' title='bbox 1216 1245 1295 1316; x_wconf 80' lang='lat' dir='ltr'><strong>sqq.)</strong></span> <span class='ocrx_word' id='word_1_66' title='bbox 1320 1242 1375 1303; x_wconf 93' lang='lat' dir='ltr'><strong>ubi</strong></span> 
     </span>
    </p>

    <p class='ocr_par' dir='ltr' id='par_1_4' title="bbox 458 1334 1365 1425">
     <span class='ocr_line' id='line_1_9' title="bbox 458 1334 1365 1425; baseline 0.001 -22"><span class='ocrx_word' id='word_1_67' title='bbox 458 1340 495 1404; x_wconf 77' lang='grc' dir='ltr'><strong><em>οὐ</em></strong></span> <span class='ocrx_word' id='word_1_68' title='bbox 518 1340 647 1420; x_wconf 82' lang='grc' dir='ltr'><strong><em>νιφετὸς,</em></strong></span> <span class='ocrx_word' id='word_1_69' title='bbox 669 1334 726 1401; x_wconf 81' lang='grc' dir='ltr'><strong><em>οὔτ’</em></strong></span> <span class='ocrx_word' id='word_1_70' title='bbox 754 1336 790 1420; x_wconf 83' lang='grc' dir='ltr'><strong><em>ἀρ</em></strong></span> <span class='ocrx_word' id='word_1_71' title='bbox 814 1339 922 1419; x_wconf 82' lang='grc' dir='ltr'><strong><em>χειμὼν</em></strong></span> <span class='ocrx_word' id='word_1_72' title='bbox 946 1339 1039 1413; x_wconf 79' lang='grc' dir='ltr'><strong><em>πολὺς</em></strong></span> <span class='ocrx_word' id='word_1_73' title='bbox 1063 1338 1131 1402; x_wconf 81' lang='grc' dir='ltr'><strong><em>οὔτε</em></strong></span> <span class='ocrx_word' id='word_1_74' title='bbox 1153 1336 1215 1402; x_wconf 87' lang='grc' dir='ltr'><strong><em>ποτ’</em></strong></span> <span class='ocrx_word' id='word_1_75' title='bbox 1241 1339 1365 1425; x_wconf 77' lang='grc' dir='ltr'><strong><em>ὄμβρος,</em></strong></span> 
     </span>
    </p>

    <p class='ocr_par' dir='ltr' id='par_1_5' title="bbox 458 1438 1143 1522">
     <span class='ocr_line' id='line_1_10' title="bbox 458 1438 1143 1522; baseline -0.001 -18"><span class='ocrx_word' id='word_1_76' title='bbox 458 1438 516 1504; x_wconf 74' lang='grc' dir='ltr'><strong><em>ἀλλ’</em></strong></span> <span class='ocrx_word' id='word_1_77' title='bbox 543 1440 601 1503; x_wconf 71' lang='grc' dir='ltr'><strong><em>αἰεὶ</em></strong></span> <span class='ocrx_word' id='word_1_78' title='bbox 623 1442 762 1521; x_wconf 80' lang='grc' dir='ltr'><strong><em>ζεφύροιο</em></strong></span> <span class='ocrx_word' id='word_1_79' title='bbox 785 1441 852 1522; x_wconf 78' lang='grc' dir='ltr'><strong><em>λιγὺ</em></strong></span> <span class='ocrx_word' id='word_1_80' title='bbox 874 1441 1028 1515; x_wconf 79' lang='grc' dir='ltr'><strong><em>πνείοντος</em></strong></span> <span class='ocrx_word' id='word_1_81' title='bbox 1051 1439 1143 1522; x_wconf 79' lang='grc' dir='ltr'><strong><em>ἀήτας</em></strong></span> 
     </span>
    </p>

    <p class='ocr_par' dir='ltr' id='par_1_6' title="bbox 204 1540 1479 2336">
     <span class='ocr_line' id='line_1_11' title="bbox 454 1540 1146 1624; baseline -0.004 -17"><span class='ocrx_word' id='word_1_82' title='bbox 454 1541 598 1618; x_wconf 81' lang='grc' dir='ltr'><strong><em>Ὠκεανὸς</em></strong></span> <span class='ocrx_word' id='word_1_83' title='bbox 621 1542 740 1624; x_wconf 81' lang='grc' dir='ltr'><strong><em>ἀνίησιν</em></strong></span> <span class='ocrx_word' id='word_1_84' title='bbox 764 1540 932 1623; x_wconf 73' lang='grc' dir='ltr'><strong><em>ἀναψύχειν</em></strong></span> <span class='ocrx_word' id='word_1_85' title='bbox 955 1540 1146 1623; x_wconf 82' lang='grc' dir='ltr'><strong><em>ἀνθρώπους.</em></strong></span> 
     </span>
     <span class='ocr_line' id='line_1_12' title="bbox 214 1645 1479 1728; baseline 0.001 -16"><span class='ocrx_word' id='word_1_86' title='bbox 214 1650 328 1712; x_wconf 88' lang='lat' dir='ltr'><strong>Videte</strong></span> <span class='ocrx_word' id='word_1_87' title='bbox 357 1650 468 1710; x_wconf 88' lang='lat' dir='ltr'><strong>autem</strong></span> <span class='ocrx_word' id='word_1_88' title='bbox 491 1647 569 1723; x_wconf 92' lang='lat' dir='ltr'><strong>quid</strong></span> <span class='ocrx_word' id='word_1_89' title='bbox 591 1647 699 1709; x_wconf 87' lang='lat' dir='ltr'><strong>iaciat.</strong></span> <span class='ocrx_word' id='word_1_90' title='bbox 736 1645 817 1708; x_wconf 82' lang='lat' dir='ltr'><strong>cum</strong></span> <span class='ocrx_word' id='word_1_91' title='bbox 846 1647 880 1707; x_wconf 91' lang='lat' dir='ltr'><strong>iu</strong></span> <span class='ocrx_word' id='word_1_92' title='bbox 903 1645 1037 1708; x_wconf 88' lang='lat' dir='ltr'><strong>Homeri</strong></span> <span class='ocrx_word' id='word_1_93' title='bbox 1060 1663 1158 1709; x_wconf 91' lang='lat' dir='ltr'><strong>versu</strong></span> <span class='ocrx_word' id='word_1_94' title='bbox 1181 1651 1391 1713; x_wconf 86' lang='lat' dir='ltr'><strong>accusativus</strong></span> <span class='ocrx_word' id='word_1_95' title='bbox 1414 1653 1479 1728; x_wconf 86' lang='lat' dir='ltr'><strong>posi</strong></span> 
     </span>
     <span class='ocr_line' id='line_1_13' title="bbox 214 1748 1478 1832; baseline 0 -18"><span class='ocrx_word' id='word_1_96' title='bbox 214 1752 419 1830; x_wconf 87' lang='lat' dir='ltr'><strong>participium</strong></span> <span class='ocrx_word' id='word_1_97' title='bbox 442 1749 596 1822; x_wconf 84' lang='grc' dir='ltr'><strong><em>πνείοντος</em></strong></span> <span class='ocrx_word' id='word_1_98' title='bbox 619 1751 819 1824; x_wconf 88' lang='lat' dir='ltr'><strong>sequeretur,</strong></span> <span class='ocrx_word' id='word_1_99' title='bbox 844 1748 899 1823; x_wconf 91' lang='lat' dir='ltr'><strong>qui</strong></span> <span class='ocrx_word' id='word_1_100' title='bbox 922 1749 1081 1823; x_wconf 83' lang='lat' dir='ltr'><strong>pendebat</strong></span> <span class='ocrx_word' id='word_1_101' title='bbox 1103 1764 1123 1810; x_wconf 91' lang='lat' dir='ltr'><strong>a</strong></span> <span class='ocrx_word' id='word_1_102' title='bbox 1147 1751 1243 1812; x_wconf 90' lang='lat' dir='ltr'><strong>verbo</strong></span> <span class='ocrx_word' id='word_1_103' title='bbox 1268 1749 1400 1832; x_wconf 81' lang='grc' dir='ltr'><strong><em>ἀνίησιν,</em></strong></span> <span class='ocrx_word' id='word_1_104' title='bbox 1417 1768 1478 1815; x_wconf 85' lang='lat' dir='ltr'><strong>nos·</strong></span> 
     </span>
     <span class='ocr_line' id='line_1_14' title="bbox 215 1848 1479 1930; baseline 0 -15"><span class='ocrx_word' id='word_1_105' title='bbox 215 1855 266 1916; x_wconf 87' lang='lat' dir='ltr'><strong>ter</strong></span> <span class='ocrx_word' id='word_1_106' title='bbox 295 1852 423 1915; x_wconf 84' lang='lat' dir='ltr'><strong>artificii</strong></span> <span class='ocrx_word' id='word_1_107' title='bbox 445 1853 556 1928; x_wconf 83' lang='lat' dir='ltr'><strong>generi</strong></span> <span class='ocrx_word' id='word_1_108' title='bbox 585 1851 766 1926; x_wconf 85' lang='lat' dir='ltr'><strong>indulgens,</strong></span> <span class='ocrx_word' id='word_1_109' title='bbox 791 1849 878 1925; x_wconf 87' lang='lat' dir='ltr'><strong>quali</strong></span> <span class='ocrx_word' id='word_1_110' title='bbox 912 1848 1115 1912; x_wconf 88' lang='lat' dir='ltr'><strong>delectantur</strong></span> <span class='ocrx_word' id='word_1_111' title='bbox 1148 1867 1358 1930; x_wconf 86' lang='lat' dir='ltr'><strong>summopere</strong></span> <span class='ocrx_word' id='word_1_112' title='bbox 1391 1856 1479 1916; x_wconf 87' lang='lat' dir='ltr'><strong>istius</strong></span> 
     </span>
     <span class='ocr_line' id='line_1_15' title="bbox 204 1949 1478 2032; baseline -0.002 -15"><span class='ocrx_word' id='word_1_113' title='bbox 204 1954 344 2017; x_wconf 72' lang='lat' dir='ltr'><strong>,scholae</strong></span> <span class='ocrx_word' id='word_1_114' title='bbox 365 1955 489 2032; x_wconf 89' lang='lat' dir='ltr'><strong>poetae,</strong></span> <span class='ocrx_word' id='word_1_115' title='bbox 517 1954 635 2015; x_wconf 91' lang='lat' dir='ltr'><strong>adiecit</strong></span> <span class='ocrx_word' id='word_1_116' title='bbox 657 1953 726 2028; x_wconf 88' lang='lat' dir='ltr'><strong>ipse</strong></span> <span class='ocrx_word' id='word_1_117' title='bbox 750 1966 876 2027; x_wconf 88' lang='lat' dir='ltr'><strong>quoque</strong></span> <span class='ocrx_word' id='word_1_118' title='bbox 900 1953 1122 2013; x_wconf 88' lang='lat' dir='ltr'><strong>accusativum</strong></span> <span class='ocrx_word' id='word_1_119' title='bbox 1143 1949 1270 2032; x_wconf 76' lang='grc' dir='ltr'><strong><em>(ἐέρσην)</em></strong></span> <span class='ocrx_word' id='word_1_120' title='bbox 1293 1955 1388 2016; x_wconf 92' lang='lat' dir='ltr'><strong>illum</strong></span> <span class='ocrx_word' id='word_1_121' title='bbox 1412 1969 1478 2017; x_wconf 88' lang='lat' dir='ltr'><strong>vero</strong></span> 
     </span>
     <span class='ocr_line' id='line_1_16' title="bbox 216 2052 1478 2132; baseline -0.002 -14"><span class='ocrx_word' id='word_1_122' title='bbox 216 2057 299 2131; x_wconf 89' lang='lat' dir='ltr'><strong>apud</strong></span> <span class='ocrx_word' id='word_1_123' title='bbox 334 2057 468 2118; x_wconf 89' lang='lat' dir='ltr'><strong>verbum</strong></span> <span class='ocrx_word' id='word_1_124' title='bbox 502 2054 614 2116; x_wconf 87' lang='grc' dir='ltr'><strong><em>πνείειν</em></strong></span> <span class='ocrx_word' id='word_1_125' title='bbox 649 2054 765 2115; x_wconf 81' lang='lat' dir='ltr'><strong>obiecti</strong></span> <span class='ocrx_word' id='word_1_126' title='bbox 800 2053 869 2114; x_wconf 89' lang='lat' dir='ltr'><strong>vioe</strong></span> <span class='ocrx_word' id='word_1_127' title='bbox 904 2052 1104 2128; x_wconf 86' lang='lat' dir='ltr'><strong>fungentem.</strong></span> <span class='ocrx_word' id='word_1_128' title='bbox 1140 2054 1230 2132; x_wconf 82' lang='lat' dir='ltr'><strong>Quod</strong></span> <span class='ocrx_word' id='word_1_129' title='bbox 1266 2057 1391 2119; x_wconf 83' lang='lat' dir='ltr'><strong>faciens</strong></span> <span class='ocrx_word' id='word_1_130' title='bbox 1424 2071 1478 2118; x_wconf 94' lang='lat' dir='ltr'><strong>non</strong></span> 
     </span>
     <span class='ocr_line' id='line_1_17' title="bbox 218 2150 1477 2236; baseline 0.002 -18"><span class='ocrx_word' id='word_1_131' title='bbox 218 2157 396 2220; x_wconf 87' lang='lat' dir='ltr'><strong>Homerum</strong></span> <span class='ocrx_word' id='word_1_132' title='bbox 419 2158 566 2233; x_wconf 86' lang='lat' dir='ltr'><strong>sequitur</strong></span> <span class='ocrx_word' id='word_1_133' title='bbox 588 2157 643 2233; x_wconf 91' lang='lat' dir='ltr'><strong>qui</strong></span> <span class='ocrx_word' id='word_1_134' title='bbox 666 2153 733 2236; x_wconf 79' lang='grc' dir='ltr'><strong><em>λιγὺ</em></strong></span> <span class='ocrx_word' id='word_1_135' title='bbox 751 2154 874 2233; x_wconf 83' lang='grc' dir='ltr'><strong><em>πνειειν,</em></strong></span> <span class='ocrx_word' id='word_1_136' title='bbox 895 2150 954 2234; x_wconf 75' lang='grc' dir='ltr'><strong>ἡδὺ</strong></span> <span class='ocrx_word' id='word_1_137' title='bbox 974 2154 1086 2216; x_wconf 86' lang='grc' dir='ltr'><strong><em>πνείειν</em></strong></span> <span class='ocrx_word' id='word_1_138' title='bbox 1110 2158 1241 2219; x_wconf 88' lang='lat' dir='ltr'><strong>tantum</strong></span> <span class='ocrx_word' id='word_1_139' title='bbox 1261 2159 1355 2236; x_wconf 80' lang='lat' dir='ltr'><strong>dixit,</strong></span> <span class='ocrx_word' id='word_1_140' title='bbox 1375 2172 1477 2220; x_wconf 90' lang='lat' dir='ltr'><strong>verum</strong></span> 
     </span>
     <span class='ocr_line' id='line_1_18' title="bbox 217 2258 781 2336; baseline -0.002 -17"><span class='ocrx_word' id='word_1_141' title='bbox 217 2260 357 2334; x_wconf 84' lang='lat' dir='ltr'><strong>tragicos</strong></span> <span class='ocrx_word' id='word_1_142' title='bbox 380 2276 417 2322; x_wconf 90' lang='lat' dir='ltr'><strong>ac</strong></span> <span class='ocrx_word' id='word_1_143' title='bbox 440 2262 553 2336; x_wconf 87' lang='lat' dir='ltr'><strong>poetas</strong></span> <span class='ocrx_word' id='word_1_144' title='bbox 576 2258 781 2320; x_wconf 82' lang='lat' dir='ltr'><strong>recentiores.</strong></span> 
     </span>
    </p>

    <p class='ocr_par' dir='ltr' id='par_1_7' title="bbox 214 2357 1533 3456">
     <span class='ocr_line' id='line_1_19' title="bbox 261 2357 1478 2437; baseline -0.002 -15"><span class='ocrx_word' id='word_1_145' title='bbox 261 2361 368 2423; x_wconf 82' lang='lat' dir='ltr'><strong>Minus</strong></span> <span class='ocrx_word' id='word_1_146' title='bbox 389 2361 495 2437; x_wconf 89' lang='lat' dir='ltr'><strong>placet</strong></span> <span class='ocrx_word' id='word_1_147' title='bbox 518 2361 601 2436; x_wconf 91' lang='lat' dir='ltr'><strong>quod</strong></span> <span class='ocrx_word' id='word_1_148' title='bbox 626 2375 674 2420; x_wconf 90' lang='lat' dir='ltr'><strong>vs.</strong></span> <span class='ocrx_word' id='word_1_149' title='bbox 700 2360 741 2420; x_wconf 87' lang='grc'><strong>83</strong></span> <span class='ocrx_word' id='word_1_150' title='bbox 765 2359 934 2420; x_wconf 86' lang='lat' dir='ltr'><strong>innovavit</strong></span> <span class='ocrx_word' id='word_1_151' title='bbox 956 2360 989 2420; x_wconf 89' lang='lat' dir='ltr'><strong>in</strong></span> <span class='ocrx_word' id='word_1_152' title='bbox 1015 2360 1122 2422; x_wconf 90' lang='lat' dir='ltr'><strong>verbis</strong></span> <span class='ocrx_word' id='word_1_153' title='bbox 1145 2357 1191 2420; x_wconf 71' lang='lat' dir='ltr'><strong>ciel</strong></span> <span class='ocrx_word' id='word_1_154' title='bbox 1217 2359 1250 2422; x_wconf 80' lang='grc' dir='ltr'><strong>δέ</strong></span> <span class='ocrx_word' id='word_1_155' title='bbox 1273 2384 1318 2423; x_wconf 89' lang='grc' dir='ltr'><strong>τοι</strong></span> <span class='ocrx_word' id='word_1_156' title='bbox 1342 2360 1478 2423; x_wconf 82' lang='grc' dir='ltr'><strong><em>ἀέναον</em></strong></span> 
     </span>
     <span class='ocr_line' id='line_1_20' title="bbox 216 2461 1478 2541; baseline 0.002 -20"><span class='ocrx_word' id='word_1_157' title='bbox 216 2469 286 2541; x_wconf 81' lang='grc' dir='ltr'><strong><em>πῦρ.</em></strong></span> <span class='ocrx_word' id='word_1_158' title='bbox 321 2463 552 2538; x_wconf 80' lang='lat' dir='ltr'><strong>Praeterquam</strong></span> <span class='ocrx_word' id='word_1_159' title='bbox 587 2463 674 2525; x_wconf 89' lang='lat' dir='ltr'><strong>enim</strong></span> <span class='ocrx_word' id='word_1_160' title='bbox 708 2461 793 2536; x_wconf 93' lang='lat' dir='ltr'><strong>quod</strong></span> <span class='ocrx_word' id='word_1_161' title='bbox 825 2462 973 2536; x_wconf 90' lang='lat' dir='ltr'><strong>ingratus</strong></span> <span class='ocrx_word' id='word_1_162' title='bbox 1008 2463 1094 2523; x_wconf 90' lang='lat' dir='ltr'><strong>cadit</strong></span> <span class='ocrx_word' id='word_1_163' title='bbox 1126 2464 1160 2525; x_wconf 93' lang='lat' dir='ltr'><strong>in</strong></span> <span class='ocrx_word' id='word_1_164' title='bbox 1195 2479 1291 2527; x_wconf 87' lang='lat' dir='ltr'><strong>aures</strong></span> <span class='ocrx_word' id='word_1_165' title='bbox 1332 2466 1478 2527; x_wconf 86' lang='lat' dir='ltr'><strong>similium</strong></span> 
     </span>
     <span class='ocr_line' id='line_1_21' title="bbox 220 2563 1530 2645; baseline 0.006 -20"><span class='ocrx_word' id='word_1_166' title='bbox 220 2581 334 2627; x_wconf 90' lang='lat' dir='ltr'><strong>vocum</strong></span> <span class='ocrx_word' id='word_1_167' title='bbox 369 2566 506 2642; x_wconf 89' lang='lat' dir='ltr'><strong>sonitus,</strong></span> <span class='ocrx_word' id='word_1_168' title='bbox 539 2568 572 2628; x_wconf 85' lang='lat' dir='ltr'><strong>et</strong></span> <span class='ocrx_word' id='word_1_169' title='bbox 596 2565 777 2639; x_wconf 81' lang='lat' dir='ltr'><strong>languescit</strong></span> <span class='ocrx_word' id='word_1_170' title='bbox 798 2563 989 2625; x_wconf 86' lang='lat' dir='ltr'><strong>adverbium</strong></span> <span class='ocrx_word' id='word_1_171' title='bbox 1016 2565 1110 2640; x_wconf 90' lang='lat' dir='ltr'><strong>plane</strong></span> <span class='ocrx_word' id='word_1_172' title='bbox 1134 2566 1312 2645; x_wconf 87' lang='lat' dir='ltr'><strong>abundans,</strong></span> <span class='ocrx_word' id='word_1_173' title='bbox 1346 2569 1477 2645; x_wconf 83' lang='lat' dir='ltr'><strong>epitheto</strong></span> <span class='ocrx_word' id='word_1_174' title='bbox 1529 2630 1530 2633; x_wconf 74' lang='grc'>,</span> 
     </span>
     <span class='ocr_line' id='line_1_22' title="bbox 216 2665 1475 2744; baseline -0.002 -14"><span class='ocrx_word' id='word_1_175' title='bbox 216 2683 331 2743; x_wconf 88' lang='lat' dir='ltr'><strong>parum</strong></span> <span class='ocrx_word' id='word_1_176' title='bbox 368 2670 442 2744; x_wconf 89' lang='lat' dir='ltr'><strong>apto</strong></span> <span class='ocrx_word' id='word_1_177' title='bbox 476 2668 570 2728; x_wconf 88' lang='lat' dir='ltr'><strong>ornat</strong></span> <span class='ocrx_word' id='word_1_178' title='bbox 600 2666 709 2740; x_wconf 92' lang='lat' dir='ltr'><strong>ignem</strong></span> <span class='ocrx_word' id='word_1_179' title='bbox 742 2665 776 2726; x_wconf 92' lang='lat' dir='ltr'><strong>in</strong></span> <span class='ocrx_word' id='word_1_180' title='bbox 810 2680 867 2726; x_wconf 89' lang='lat' dir='ltr'><strong>ara</strong></span> <span class='ocrx_word' id='word_1_181' title='bbox 897 2665 1055 2740; x_wconf 83' lang='lat' dir='ltr'><strong>Apollinis</strong></span> <span class='ocrx_word' id='word_1_182' title='bbox 1085 2682 1265 2742; x_wconf 85' lang='lat' dir='ltr'><strong>numquam</strong></span> <span class='ocrx_word' id='word_1_183' title='bbox 1292 2671 1475 2732; x_wconf 84' lang='lat' dir='ltr'><strong>extinctum.</strong></span> 
     </span>
     <span class='ocr_line' id='line_1_23' title="bbox 217 2768 1477 2850; baseline -0.003 -21"><span class='ocrx_word' id='word_1_184' title='bbox 217 2770 292 2830; x_wconf 87' lang='lat' dir='ltr'><strong>Vim</strong></span> <span class='ocrx_word' id='word_1_185' title='bbox 322 2772 433 2831; x_wconf 88' lang='lat' dir='ltr'><strong>tamen</strong></span> <span class='ocrx_word' id='word_1_186' title='bbox 456 2769 609 2831; x_wconf 86' lang='lat' dir='ltr'><strong>adiectivi</strong></span> <span class='ocrx_word' id='word_1_187' title='bbox 632 2783 696 2829; x_wconf 93' lang='lat' dir='ltr'><strong>non</strong></span> <span class='ocrx_word' id='word_1_188' title='bbox 721 2768 890 2842; x_wconf 86' lang='lat' dir='ltr'><strong>ignorabat</strong></span> <span class='ocrx_word' id='word_1_189' title='bbox 912 2770 1006 2843; x_wconf 90' lang='lat' dir='ltr'><strong>poeta</strong></span> <span class='ocrx_word' id='word_1_190' title='bbox 1032 2769 1087 2843; x_wconf 92' lang='lat' dir='ltr'><strong>qui</strong></span> <span class='ocrx_word' id='word_1_191' title='bbox 1109 2769 1178 2843; x_wconf 90' lang='lat' dir='ltr'><strong>ipse</strong></span> <span class='ocrx_word' id='word_1_192' title='bbox 1201 2771 1255 2832; x_wconf 84' lang='lat' dir='ltr'><strong>VI.</strong></span> <span class='ocrx_word' id='word_1_193' title='bbox 1285 2773 1325 2832; x_wconf 83' lang='lat'><strong>14</strong></span> <span class='ocrx_word' id='word_1_194' title='bbox 1354 2769 1477 2850; x_wconf 69' lang='lat' dir='ltr'><strong>,devino</strong></span> 
     </span>
     <span class='ocr_line' id='line_1_24' title="bbox 216 2864 1477 2948; baseline 0.003 -18"><span class='ocrx_word' id='word_1_195' title='bbox 216 2872 378 2948; x_wconf 82' lang='grc' dir='ltr'><strong><em>ποταμῶν”</em></strong></span> <span class='ocrx_word' id='word_1_196' title='bbox 413 2871 505 2946; x_wconf 86' lang='lat' dir='ltr'><strong>dixit,</strong></span> <span class='ocrx_word' id='word_1_197' title='bbox 530 2871 718 2932; x_wconf 82' lang='lat' dir='ltr'><strong>hesiodeum</strong></span> <span class='ocrx_word' id='word_1_198' title='bbox 746 2885 877 2931; x_wconf 86' lang='lat' dir='ltr'><strong>versum</strong></span> <span class='ocrx_word' id='word_1_199' title='bbox 901 2869 975 2946; x_wconf 78' lang='lat' dir='ltr'><strong>Opp.</strong></span> <span class='ocrx_word' id='word_1_200' title='bbox 998 2864 1061 2932; x_wconf 78' lang='lat'><strong>735</strong></span> <span class='ocrx_word' id='word_1_201' title='bbox 1082 2870 1233 2933; x_wconf 89' lang='lat' dir='ltr'><strong>imitatus</strong></span> <span class='ocrx_word' id='word_1_202' title='bbox 1254 2907 1294 2916; x_wconf 97' lang='lat'>—</span> <span class='ocrx_word' id='word_1_203' title='bbox 1323 2890 1401 2936; x_wconf 87' lang='lat' dir='ltr'><strong>nam</strong></span> <span class='ocrx_word' id='word_1_204' title='bbox 1427 2874 1477 2934; x_wconf 87' lang='lat' dir='ltr'><strong>Ho-</strong></span> 
     </span>
     <span class='ocr_line' id='line_1_25' title="bbox 216 2969 1477 3051; baseline 0.002 -19"><span class='ocrx_word' id='word_1_205' title='bbox 216 2987 326 3034; x_wconf 90' lang='lat' dir='ltr'><strong>merus</strong></span> <span class='ocrx_word' id='word_1_206' title='bbox 357 2973 450 3034; x_wconf 92' lang='lat' dir='ltr'><strong>modo</strong></span> <span class='ocrx_word' id='word_1_207' title='bbox 477 2971 573 3032; x_wconf 74' lang='lat' dir='ltr'><strong>iliaca</strong></span> <span class='ocrx_word' id='word_1_208' title='bbox 607 2969 752 3032; x_wconf 79' lang='grc' dir='ltr'><strong><em>ἀενάοντα</em></strong></span> <span class='ocrx_word' id='word_1_209' title='bbox 775 2993 801 3031; x_wconf 94' lang='grc' dir='ltr'><strong><em>ν.</em></strong></span> <span class='ocrx_word' id='word_1_210' title='bbox 828 2973 890 3033; x_wconf 89' lang='grc'><strong>109</strong></span> <span class='ocrx_word' id='word_1_211' title='bbox 918 2975 1053 3033; x_wconf 85' lang='lat' dir='ltr'><strong>noverat</strong></span> <span class='ocrx_word' id='word_1_212' title='bbox 1076 2991 1135 3049; x_wconf 91' lang='lat'><strong>-;</strong></span> <span class='ocrx_word' id='word_1_213' title='bbox 1159 2974 1216 3034; x_wconf 91' lang='lat' dir='ltr'><strong>sed</strong></span> <span class='ocrx_word' id='word_1_214' title='bbox 1240 2989 1325 3036; x_wconf 91' lang='lat' dir='ltr'><strong>nunc</strong></span> <span class='ocrx_word' id='word_1_215' title='bbox 1350 2976 1477 3051; x_wconf 84' lang='lat' dir='ltr'><strong>lyricam</strong></span> 
     </span>
     <span class='ocr_line' id='line_1_26' title="bbox 214 3074 1477 3155; baseline -0.002 -19"><span class='ocrx_word' id='word_1_216' title='bbox 214 3075 381 3136; x_wconf 84' lang='lat' dir='ltr'><strong>licentiam</strong></span> <span class='ocrx_word' id='word_1_217' title='bbox 415 3075 537 3136; x_wconf 90' lang='lat' dir='ltr'><strong>imitari</strong></span> <span class='ocrx_word' id='word_1_218' title='bbox 571 3076 704 3151; x_wconf 88' lang='lat' dir='ltr'><strong>cupiens</strong></span> <span class='ocrx_word' id='word_1_219' title='bbox 737 3074 865 3135; x_wconf 88' lang='lat' dir='ltr'><strong>Pindari</strong></span> <span class='ocrx_word' id='word_1_220' title='bbox 897 3075 1084 3150; x_wconf 92' lang='lat' dir='ltr'><strong>exemplum</strong></span> <span class='ocrx_word' id='word_1_221' title='bbox 1109 3074 1294 3137; x_wconf 91' lang='lat' dir='ltr'><strong>aemulatur</strong></span> <span class='ocrx_word' id='word_1_222' title='bbox 1317 3079 1374 3152; x_wconf 93' lang='lat' dir='ltr'><strong>qui</strong></span> <span class='ocrx_word' id='word_1_223' title='bbox 1398 3077 1477 3155; x_wconf 77' lang='lat' dir='ltr'><strong>Pyd.</strong></span> 
     </span>
     <span class='ocr_line' id='line_1_27' title="bbox 214 3173 1478 3256; baseline 0.001 -18"><span class='ocrx_word' id='word_1_224' title='bbox 214 3178 239 3239; x_wconf 92' lang='lat'><strong>1.</strong></span> <span class='ocrx_word' id='word_1_225' title='bbox 264 3179 284 3237; x_wconf 83' lang='grc'>9</span> <span class='ocrx_word' id='word_1_226' title='bbox 319 3177 441 3238; x_wconf 90' lang='lat' dir='ltr'><strong>summi</strong></span> <span class='ocrx_word' id='word_1_227' title='bbox 468 3177 555 3238; x_wconf 89' lang='lat' dir='ltr'><strong>Iovis</strong></span> <span class='ocrx_word' id='word_1_228' title='bbox 585 3176 708 3238; x_wconf 86' lang='lat' dir='ltr'><strong>fulmen</strong></span> <span class='ocrx_word' id='word_1_229' title='bbox 743 3173 872 3254; x_wconf 74' lang='lat' dir='ltr'><strong>,divano</strong></span> <span class='ocrx_word' id='word_1_230' title='bbox 901 3178 984 3256; x_wconf 83' lang='grc' dir='ltr'><strong><em>πορ”</em></strong></span> <span class='ocrx_word' id='word_1_231' title='bbox 1010 3181 1192 3240; x_wconf 85' lang='lat' dir='ltr'><strong>vocaverat.</strong></span> <span class='ocrx_word' id='word_1_232' title='bbox 1223 3178 1293 3239; x_wconf 87' lang='lat' dir='ltr'><strong>Non</strong></span> <span class='ocrx_word' id='word_1_233' title='bbox 1323 3179 1478 3253; x_wconf 87' lang='lat' dir='ltr'><strong>intellege·</strong></span> 
     </span>
     <span class='ocr_line' id='line_1_28' title="bbox 214 3277 1478 3357; baseline 0.001 -18"><span class='ocrx_word' id='word_1_234' title='bbox 214 3279 270 3340; x_wconf 91' lang='lat' dir='ltr'><strong>bat</strong></span> <span class='ocrx_word' id='word_1_235' title='bbox 292 3279 403 3354; x_wconf 90' lang='lat' dir='ltr'><strong>opinor</strong></span> <span class='ocrx_word' id='word_1_236' title='bbox 427 3277 643 3341; x_wconf 77' lang='lat' dir='ltr'><strong>Callimachus</strong></span> <span class='ocrx_word' id='word_1_237' title='bbox 665 3279 774 3353; x_wconf 86' lang='lat' dir='ltr'><strong>ignem</strong></span> <span class='ocrx_word' id='word_1_238' title='bbox 797 3279 831 3339; x_wconf 93' lang='lat' dir='ltr'><strong>in</strong></span> <span class='ocrx_word' id='word_1_239' title='bbox 855 3293 912 3340; x_wconf 90' lang='lat' dir='ltr'><strong>ara</strong></span> <span class='ocrx_word' id='word_1_240' title='bbox 942 3279 1077 3340; x_wconf 86' lang='lat' dir='ltr'><strong>ilamma</strong></span> <span class='ocrx_word' id='word_1_241' title='bbox 1097 3281 1264 3342; x_wconf 83' lang='lat' dir='ltr'><strong>ardentem</strong></span> <span class='ocrx_word' id='word_1_242' title='bbox 1286 3281 1412 3357; x_wconf 87' lang='lat' dir='ltr'><strong>placida</strong></span> <span class='ocrx_word' id='word_1_243' title='bbox 1431 3281 1478 3341; x_wconf 80' lang='lat' dir='ltr'><strong>vix</strong></span> 
     </span>
     <span class='ocr_line' id='line_1_29' title="bbox 214 3379 1120 3456; baseline 0.003 -15"><span class='ocrx_word' id='word_1_244' title='bbox 214 3381 346 3442; x_wconf 89' lang='lat' dir='ltr'><strong>easdem</strong></span> <span class='ocrx_word' id='word_1_245' title='bbox 368 3379 451 3442; x_wconf 86' lang='lat' dir='ltr'><strong>ferre</strong></span> <span class='ocrx_word' id='word_1_246' title='bbox 473 3381 732 3456; x_wconf 88' lang='lat' dir='ltr'><strong>comparationes</strong></span> <span class='ocrx_word' id='word_1_247' title='bbox 756 3396 839 3455; x_wconf 87' lang='lat' dir='ltr'><strong>quas</strong></span> <span class='ocrx_word' id='word_1_248' title='bbox 861 3380 1000 3443; x_wconf 86' lang='lat' dir='ltr'><strong>fulmina</strong></span> <span class='ocrx_word' id='word_1_249' title='bbox 1022 3383 1120 3444; x_wconf 89' lang='lat' dir='ltr'><strong>Iovis.</strong></span> 
     </span>
    </p>

    <p class='ocr_par' dir='ltr' id='par_1_8' title="bbox 212 3481 1482 4685">
     <span class='ocr_line' id='line_1_30' title="bbox 260 3481 1477 3561; baseline 0.002 -19"><span class='ocrx_word' id='word_1_250' title='bbox 260 3481 410 3543; x_wconf 79' lang='lat' dir='ltr'><strong>(letarum</strong></span> <span class='ocrx_word' id='word_1_251' title='bbox 445 3499 501 3559; x_wconf 90' lang='lat' dir='ltr'><strong>per</strong></span> <span class='ocrx_word' id='word_1_252' title='bbox 534 3484 630 3544; x_wconf 87' lang='lat' dir='ltr'><strong>hosce</strong></span> <span class='ocrx_word' id='word_1_253' title='bbox 663 3498 776 3543; x_wconf 87' lang='lat' dir='ltr'><strong>versus</strong></span> <span class='ocrx_word' id='word_1_254' title='bbox 807 3485 960 3558; x_wconf 88' lang='lat' dir='ltr'><strong>perpetuo</strong></span> <span class='ocrx_word' id='word_1_255' title='bbox 989 3484 1154 3546; x_wconf 88' lang='lat' dir='ltr'><strong>ludentem</strong></span> <span class='ocrx_word' id='word_1_256' title='bbox 1180 3485 1330 3547; x_wconf 88' lang='lat' dir='ltr'><strong>videmus</strong></span> <span class='ocrx_word' id='word_1_257' title='bbox 1354 3486 1477 3561; x_wconf 88' lang='lat' dir='ltr'><strong>poetam</strong></span> 
     </span>
     <span class='ocr_line' id='line_1_31' title="bbox 214 3582 1480 3664; baseline -0.002 -18"><span class='ocrx_word' id='word_1_258' title='bbox 214 3585 246 3646; x_wconf 93' lang='lat' dir='ltr'><strong>in</strong></span> <span class='ocrx_word' id='word_1_259' title='bbox 266 3585 474 3659; x_wconf 88' lang='lat' dir='ltr'><strong>antiquorum</strong></span> <span class='ocrx_word' id='word_1_260' title='bbox 493 3585 689 3660; x_wconf 86' lang='lat' dir='ltr'><strong>imaginibus</strong></span> <span class='ocrx_word' id='word_1_261' title='bbox 702 3585 810 3654; x_wconf 88' lang='lat' dir='ltr'><strong>minus</strong></span> <span class='ocrx_word' id='word_1_262' title='bbox 823 3585 973 3659; x_wconf 87' lang='lat' dir='ltr'><strong>vulgatis.</strong></span> <span class='ocrx_word' id='word_1_263' title='bbox 992 3587 1075 3648; x_wconf 88' lang='lat' dir='ltr'><strong>Nam</strong></span> <span class='ocrx_word' id='word_1_264' title='bbox 1096 3603 1144 3648; x_wconf 89' lang='lat' dir='ltr'><strong>vs.</strong></span> <span class='ocrx_word' id='word_1_265' title='bbox 1169 3586 1212 3647; x_wconf 82' lang='grc'><strong>84</strong></span> <span class='ocrx_word' id='word_1_266' title='bbox 1232 3585 1341 3647; x_wconf 92' lang='lat' dir='ltr'><strong>verbis</strong></span> <span class='ocrx_word' id='word_1_267' title='bbox 1364 3582 1480 3664; x_wconf 67' lang='grc' dir='ltr'><strong><em>,χθιζὸν</em></strong></span> 
     </span>
     <span class='ocr_line' id='line_1_32' title="bbox 214 3683 1480 3766; baseline 0.002 -21"><span class='ocrx_word' id='word_1_268' title='bbox 214 3684 495 3766; x_wconf 81' lang='grc' dir='ltr'><strong><em>περιβόσκεται</em></strong></span> <span class='ocrx_word' id='word_1_269' title='bbox 530 3683 670 3765; x_wconf 80' lang='grc' dir='ltr'><strong><em>ἀνθρακα</em></strong></span> <span class='ocrx_word' id='word_1_270' title='bbox 704 3683 818 3765; x_wconf 77' lang='grc' dir='ltr'><strong><em>τὲφρη”</em></strong></span> <span class='ocrx_word' id='word_1_271' title='bbox 854 3703 914 3749; x_wconf 79' lang='lat' dir='ltr'><strong>suo</strong></span> <span class='ocrx_word' id='word_1_272' title='bbox 950 3703 1050 3766; x_wconf 86' lang='lat' dir='ltr'><strong>more,</strong></span> <span class='ocrx_word' id='word_1_273' title='bbox 1085 3690 1117 3750; x_wconf 91' lang='lat' dir='ltr'><strong>id</strong></span> <span class='ocrx_word' id='word_1_274' title='bbox 1152 3690 1203 3750; x_wconf 80' lang='lat' dir='ltr'><strong>est</strong></span> <span class='ocrx_word' id='word_1_275' title='bbox 1232 3690 1358 3765; x_wconf 75' lang='lat' dir='ltr'><strong>ornate,</strong></span> <span class='ocrx_word' id='word_1_276' title='bbox 1383 3686 1480 3749; x_wconf 87' lang='lat' dir='ltr'><strong>reddit</strong></span> 
     </span>
     <span class='ocr_line' id='line_1_33' title="bbox 214 3786 1480 3870; baseline -0.001 -22"><span class='ocrx_word' id='word_1_277' title='bbox 214 3788 297 3863; x_wconf 91' lang='lat' dir='ltr'><strong>quod</strong></span> <span class='ocrx_word' id='word_1_278' title='bbox 320 3787 501 3864; x_wconf 85' lang='lat' dir='ltr'><strong>simplicius</strong></span> <span class='ocrx_word' id='word_1_279' title='bbox 523 3789 621 3851; x_wconf 88' lang='lat' dir='ltr'><strong>babet</strong></span> <span class='ocrx_word' id='word_1_280' title='bbox 637 3790 732 3863; x_wconf 88' lang='lat' dir='ltr'><strong>poeta</strong></span> <span class='ocrx_word' id='word_1_281' title='bbox 749 3789 863 3864; x_wconf 87' lang='lat' dir='ltr'><strong>hymni</strong></span> <span class='ocrx_word' id='word_1_282' title='bbox 882 3790 1037 3853; x_wconf 90' lang='lat' dir='ltr'><strong>homerici</strong></span> <span class='ocrx_word' id='word_1_283' title='bbox 1056 3792 1090 3851; x_wconf 82' lang='lat' dir='ltr'><strong>in</strong></span> <span class='ocrx_word' id='word_1_284' title='bbox 1103 3791 1195 3853; x_wconf 84' lang='grc' dir='ltr'><strong><em>Μονε.</em></strong></span> <span class='ocrx_word' id='word_1_285' title='bbox 1210 3792 1274 3852; x_wconf 83' lang='grc'><strong>238</strong></span> <span class='ocrx_word' id='word_1_286' title='bbox 1296 3786 1480 3870; x_wconf 68' lang='grc' dir='ltr'><strong>Ι,ἀνθρακιὴν</strong></span> 
     </span>
     <span class='ocr_line' id='line_1_34' title="bbox 213 3886 1482 3969; baseline 0.002 -20"><span class='ocrx_word' id='word_1_287' title='bbox 213 3888 324 3963; x_wconf 77' lang='grc' dir='ltr'><strong><em>σποδὸς</em></strong></span> <span class='ocrx_word' id='word_1_288' title='bbox 347 3886 676 3969; x_wconf 57' lang='lat' dir='ltr'><strong>apparatione&amp;</strong></span> <span class='ocrx_word' id='word_1_289' title='bbox 698 3890 776 3952; x_wconf 90' lang='lat' dir='ltr'><strong>Plus</strong></span> <span class='ocrx_word' id='word_1_290' title='bbox 799 3894 911 3953; x_wconf 84' lang='lat' dir='ltr'><strong>autem</strong></span> <span class='ocrx_word' id='word_1_291' title='bbox 931 3894 1034 3955; x_wconf 92' lang='lat' dir='ltr'><strong>voluit</strong></span> <span class='ocrx_word' id='word_1_292' title='bbox 1054 3893 1272 3956; x_wconf 78' lang='lat' dir='ltr'><strong>callimachus</strong></span> <span class='ocrx_word' id='word_1_293' title='bbox 1291 3907 1392 3968; x_wconf 91' lang='lat' dir='ltr'><strong>quam</strong></span> <span class='ocrx_word' id='word_1_294' title='bbox 1411 3906 1482 3954; x_wconf 90' lang='lat' dir='ltr'><strong>eum</strong></span> 
     </span>
     <span class='ocr_line' id='line_1_35' title="bbox 212 3991 1481 4073; baseline 0 -20"><span class='ocrx_word' id='word_1_295' title='bbox 212 3991 374 4054; x_wconf 87' lang='lat' dir='ltr'><strong>dicentem</strong></span> <span class='ocrx_word' id='word_1_296' title='bbox 403 3992 482 4055; x_wconf 88' lang='lat' dir='ltr'><strong>iacit</strong></span> <span class='ocrx_word' id='word_1_297' title='bbox 505 3993 719 4055; x_wconf 86' lang='lat' dir='ltr'><strong>Schneiderus</strong></span> <span class='ocrx_word' id='word_1_298' title='bbox 740 3994 796 4069; x_wconf 92' lang='lat' dir='ltr'><strong>qui</strong></span> <span class='ocrx_word' id='word_1_299' title='bbox 823 3994 919 4071; x_wconf 72' lang='lat' dir='ltr'><strong>,ulid</strong></span> <span class='ocrx_word' id='word_1_300' title='bbox 937 3995 1023 4071; x_wconf 66' lang='grc' dir='ltr'><strong><em>[εντ’</em></strong></span> <span class='ocrx_word' id='word_1_301' title='bbox 1049 3996 1154 4071; x_wconf 90' lang='lat' dir='ltr'><strong>inquit</strong></span> <span class='ocrx_word' id='word_1_302' title='bbox 1185 3995 1266 4073; x_wconf 67' lang='lat' dir='ltr'><strong>,arbi</strong></span> <span class='ocrx_word' id='word_1_303' title='bbox 1289 3995 1481 4057; x_wconf 78' lang='lat' dir='ltr'><strong>circumdare</strong></span> 
     </span>
     <span class='ocr_line' id='line_1_36' title="bbox 214 4093 1480 4175; baseline 0.002 -21"><span class='ocrx_word' id='word_1_304' title='bbox 214 4094 290 4155; x_wconf 79' lang='lat' dir='ltr'><strong>rabi</strong></span> <span class='ocrx_word' id='word_1_305' title='bbox 318 4094 374 4156; x_wconf 81' lang='lat' dir='ltr'><strong>boo</strong></span> <span class='ocrx_word' id='word_1_306' title='bbox 395 4093 655 4174; x_wconf 81' lang='grc' dir='ltr'><strong><em>περιβόακεσθαι”.</em></strong></span> <span class='ocrx_word' id='word_1_307' title='bbox 680 4096 800 4171; x_wconf 87' lang='lat' dir='ltr'><strong>Possis,</strong></span> <span class='ocrx_word' id='word_1_308' title='bbox 824 4097 854 4157; x_wconf 91' lang='lat' dir='ltr'><strong>si</strong></span> <span class='ocrx_word' id='word_1_309' title='bbox 880 4112 956 4158; x_wconf 87' lang='lat' dir='ltr'><strong>cum</strong></span> <span class='ocrx_word' id='word_1_310' title='bbox 984 4113 1022 4159; x_wconf 93' lang='lat' dir='ltr'><strong>eo</strong></span> <span class='ocrx_word' id='word_1_311' title='bbox 1045 4098 1156 4175; x_wconf 82' lang='lat' dir='ltr'><strong>facias,</strong></span> <span class='ocrx_word' id='word_1_312' title='bbox 1180 4099 1243 4159; x_wconf 88' lang='lat' dir='ltr'><strong>buo</strong></span> <span class='ocrx_word' id='word_1_313' title='bbox 1266 4098 1396 4159; x_wconf 85' lang='lat' dir='ltr'><strong>trabere</strong></span> <span class='ocrx_word' id='word_1_314' title='bbox 1419 4112 1480 4158; x_wconf 88' lang='lat' dir='ltr'><strong>ver·</strong></span> 
     </span>
     <span class='ocr_line' id='line_1_37' title="bbox 215 4197 1482 4278; baseline -0.001 -21"><span class='ocrx_word' id='word_1_315' title='bbox 215 4211 290 4257; x_wconf 91' lang='lat' dir='ltr'><strong>sum</strong></span> <span class='ocrx_word' id='word_1_316' title='bbox 316 4197 518 4258; x_wconf 88' lang='lat' dir='ltr'><strong>homericum</strong></span> <span class='ocrx_word' id='word_1_317' title='bbox 541 4198 596 4272; x_wconf 91' lang='lat' dir='ltr'><strong>qui</strong></span> <span class='ocrx_word' id='word_1_318' title='bbox 619 4197 758 4259; x_wconf 90' lang='lat' dir='ltr'><strong>eundem</strong></span> <span class='ocrx_word' id='word_1_319' title='bbox 781 4213 819 4259; x_wconf 89' lang='lat' dir='ltr'><strong>ac</strong></span> <span class='ocrx_word' id='word_1_320' title='bbox 843 4200 954 4260; x_wconf 88' lang='lat' dir='ltr'><strong>noster</strong></span> <span class='ocrx_word' id='word_1_321' title='bbox 977 4200 1074 4261; x_wconf 84' lang='lat' dir='ltr'><strong>babet</strong></span> <span class='ocrx_word' id='word_1_322' title='bbox 1097 4200 1224 4262; x_wconf 87' lang='lat' dir='ltr'><strong>exitum</strong></span> <span class='ocrx_word' id='word_1_323' title='bbox 1249 4201 1284 4257; x_wconf 90' lang='grc' dir='ltr'><strong>Σ.</strong></span> <span class='ocrx_word' id='word_1_324' title='bbox 1308 4200 1369 4261; x_wconf 80' lang='lat'><strong>25:</strong></span> <span class='ocrx_word' id='word_1_325' title='bbox 1389 4206 1482 4278; x_wconf 77' lang='grc' dir='ltr'><strong><em>χιτῶνι</em></strong></span> 
     </span>
     <span class='ocr_line' id='line_1_38' title="bbox 214 4291 1480 4379; baseline 0.003 -23"><span class='ocrx_word' id='word_1_326' title='bbox 214 4291 321 4375; x_wconf 74' lang='grc' dir='ltr'><strong><em>μέλαιν’</em></strong></span> <span class='ocrx_word' id='word_1_327' title='bbox 358 4294 505 4375; x_wconf 79' lang='grc' dir='ltr'><strong><em>ἀμφίζανε</em></strong></span> <span class='ocrx_word' id='word_1_328' title='bbox 539 4295 639 4379; x_wconf 75' lang='grc' dir='ltr'><strong><em>τέφρη.</em></strong></span> <span class='ocrx_word' id='word_1_329' title='bbox 674 4299 831 4375; x_wconf 81' lang='lat' dir='ltr'><strong>Equidem</strong></span> <span class='ocrx_word' id='word_1_330' title='bbox 866 4315 942 4362; x_wconf 91' lang='lat' dir='ltr'><strong>vero</strong></span> <span class='ocrx_word' id='word_1_331' title='bbox 973 4302 1133 4375; x_wconf 88' lang='lat' dir='ltr'><strong>cogitasse</strong></span> <span class='ocrx_word' id='word_1_332' title='bbox 1168 4301 1277 4378; x_wconf 90' lang='lat' dir='ltr'><strong>potius</strong></span> <span class='ocrx_word' id='word_1_333' title='bbox 1300 4301 1480 4377; x_wconf 88' lang='lat' dir='ltr'><strong>putaverim</strong></span> 
     </span>
     <span class='ocr_line' id='line_1_39' title="bbox 213 4397 1479 4480; baseline 0 -20"><span class='ocrx_word' id='word_1_334' title='bbox 213 4401 343 4476; x_wconf 88' lang='lat' dir='ltr'><strong>poetam</strong></span> <span class='ocrx_word' id='word_1_335' title='bbox 370 4399 409 4461; x_wconf 91' lang='lat' dir='ltr'><strong>de</strong></span> <span class='ocrx_word' id='word_1_336' title='bbox 433 4415 494 4461; x_wconf 87' lang='lat' dir='ltr'><strong>usu</strong></span> <span class='ocrx_word' id='word_1_337' title='bbox 518 4400 680 4462; x_wconf 88' lang='lat' dir='ltr'><strong>homerico</strong></span> <span class='ocrx_word' id='word_1_338' title='bbox 706 4400 794 4462; x_wconf 91' lang='lat' dir='ltr'><strong>verbi</strong></span> <span class='ocrx_word' id='word_1_339' title='bbox 818 4397 1056 4480; x_wconf 79' lang='grc' dir='ltr'><strong><em>περιτρέφεοθαι,</em></strong></span> <span class='ocrx_word' id='word_1_340' title='bbox 1081 4404 1165 4478; x_wconf 92' lang='lat' dir='ltr'><strong>quod</strong></span> <span class='ocrx_word' id='word_1_341' title='bbox 1188 4403 1227 4465; x_wconf 91' lang='lat' dir='ltr'><strong>de</strong></span> <span class='ocrx_word' id='word_1_342' title='bbox 1250 4402 1335 4465; x_wconf 87' lang='lat' dir='ltr'><strong>lacte</strong></span> <span class='ocrx_word' id='word_1_343' title='bbox 1362 4405 1398 4462; x_wconf 88' lang='grc' dir='ltr'><strong>Ε.</strong></span> <span class='ocrx_word' id='word_1_344' title='bbox 1422 4401 1479 4462; x_wconf 81' lang='grc'><strong>903</strong></span> 
     </span>
     <span class='ocr_line' id='line_1_40' title="bbox 214 4501 1478 4581; baseline 0.002 -19"><span class='ocrx_word' id='word_1_345' title='bbox 214 4501 416 4564; x_wconf 87' lang='lat' dir='ltr'><strong>Herodianus</strong></span> <span class='ocrx_word' id='word_1_346' title='bbox 449 4502 513 4577; x_wconf 88' lang='lat' dir='ltr'><strong>legi</strong></span> <span class='ocrx_word' id='word_1_347' title='bbox 546 4504 635 4564; x_wconf 85' lang='lat' dir='ltr'><strong>iubet</strong></span> <span class='ocrx_word' id='word_1_348' title='bbox 673 4505 707 4565; x_wconf 89' lang='lat' dir='ltr'><strong>et</strong></span> <span class='ocrx_word' id='word_1_349' title='bbox 735 4503 873 4564; x_wconf 81' lang='lat' dir='ltr'><strong>fortasse</strong></span> <span class='ocrx_word' id='word_1_350' title='bbox 904 4504 971 4564; x_wconf 92' lang='lat' dir='ltr'><strong>iam</strong></span> <span class='ocrx_word' id='word_1_351' title='bbox 1004 4503 1221 4566; x_wconf 76' lang='lat' dir='ltr'><strong>Callimachus</strong></span> <span class='ocrx_word' id='word_1_352' title='bbox 1243 4505 1372 4579; x_wconf 85' lang='lat' dir='ltr'><strong>legebat</strong></span> <span class='ocrx_word' id='word_1_353' title='bbox 1395 4501 1478 4581; x_wconf 71' lang='grc' dir='ltr'><strong><em>(μάλα</em></strong></span> 
     </span>
     <span class='ocr_line' id='line_1_41' title="bbox 215 4594 1476 4685; baseline 0.002 -22"><span class='ocrx_word' id='word_1_354' title='bbox 215 4597 244 4663; x_wconf 87' lang='lat' dir='ltr'><strong>‹l&#39;</strong></span> <span class='ocrx_word' id='word_1_355' title='bbox 284 4594 346 4664; x_wconf 81' lang='grc' dir='ltr'><strong>ἀνα</strong></span> <span class='ocrx_word' id='word_1_356' title='bbox 380 4601 581 4684; x_wconf 77' lang='grc' dir='ltr'><strong><em>περιτρέφεται</em></strong></span> <span class='ocrx_word' id='word_1_357' title='bbox 615 4603 770 4683; x_wconf 82' lang='grc' dir='ltr'><strong><em>κυκόωντι)</em></strong></span> <span class='ocrx_word' id='word_1_358' title='bbox 806 4604 951 4682; x_wconf 89' lang='lat' dir='ltr'><strong>quodque</strong></span> <span class='ocrx_word' id='word_1_359' title='bbox 984 4606 1023 4668; x_wconf 91' lang='lat' dir='ltr'><strong>de</strong></span> <span class='ocrx_word' id='word_1_360' title='bbox 1057 4607 1159 4682; x_wconf 86' lang='lat' dir='ltr'><strong>glacie</strong></span> <span class='ocrx_word' id='word_1_361' title='bbox 1190 4608 1213 4682; x_wconf 83' lang='grc' dir='ltr'><strong>ξ.</strong></span> <span class='ocrx_word' id='word_1_362' title='bbox 1246 4609 1310 4670; x_wconf 80' lang='grc'><strong>477</strong></span> <span class='ocrx_word' id='word_1_363' title='bbox 1340 4606 1476 4685; x_wconf 89' lang='lat' dir='ltr'><strong>plerique</strong></span> 
     </span>
    </p>
   </div>
   <div class='ocr_carea' id='block_1_4' title="bbox 0 0 1539 5294">
    <p class='ocr_par' dir='ltr' id='par_1_9' title="bbox 0 0 1539 5294">
     <span class='ocr_line' id='line_1_42' title="bbox 0 0 1539 5294; baseline 0 0"><span class='ocrx_word' id='word_1_364' title='bbox 0 0 1539 5294; x_wconf 95' lang='lat' dir='ltr'><strong> </strong></span> 
     </span>
    </p>
   </div>
  </div>
 </body>
</html>
