3068 5288
80 2176 223 2236 Deorum
259 2176 454 2237 Graecorum
489 2175 595 2250 qualis
630 2179 845 2250 cognoscatur
878 2192 921 2236 ex
955 2175 1146 2237 Callimachi
1181 2176 1315 2251 hymnis

39 2279 88 2338 vis
118 2293 157 2338 ac
188 2280 306 2337 natura
329 2292 496 2352 quaerere,
522 2277 553 2337 id
577 2292 700 2337 vanum
723 2281 812 2338 esset
835 2280 869 2338 et
890 2279 1005 2339 inutile
1028 2295 1122 2355 opus,
1147 2280 1176 2338 si
1199 2279 1312 2339 eadem

35 2379 169 2439 licentia
191 2378 225 2437 in
249 2380 369 2440 tradita
391 2378 594 2452 mythologia
618 2381 776 2439 mutanda
799 2381 947 2455 augenda
972 2381 1021 2440 usi
1045 2382 1157 2440 essent
1174 2380 1313 2440 Alexan·

36 2480 120 2539 drini
140 2480 341 2554 antiquiores
360 2495 442 2554 quae
461 2483 575 2554 postea
594 2480 704 2541 iloruit
723 2480 807 2555 apud
824 2483 937 2556 poetas
953 2482 1128 2542 Romanos.
1142 2481 1313 2555 Ingenium

36 2583 125 2642 enim
160 2585 331 2658 poetarum
365 2583 444 2643 tunc
478 2583 617 2642 fortasse
660 2581 840 2642 illustraret
874 2583 1083 2657 investigatio
1118 2584 1244 2656 nostra,
1280 2584 1315 2640 at

35 2683 174 2743 minime
204 2684 394 2758 religionem
425 2698 548 2744 eorum.
582 2682 644 2743 Sed
669 2683 733 2742 alia
763 2686 815 2744 est
845 2684 928 2744 ratio
952 2685 985 2743 in
1009 2682 1218 2743 Callimacho.
1243 2683 1314 2742 Non

36 2784 125 2844 enim
157 2785 285 2861 proprio
308 2799 388 2845 usus
412 2785 541 2859 ingenio
565 2800 651 2844 nova
673 2783 767 2859 fingit
790 2787 847 2846 sed
871 2787 1033 2845 memorat
1055 2784 1205 2858 antiqua:
1231 2798 1313 2857 quae

35 2888 186 2946 veterum
209 2886 397 2946 testimonio
421 2885 552 2946 firmata
575 2889 653 2946 sunt
676 2902 716 2946 ea
738 2888 851 2962 tradit,
876 2888 1023 2947 inaudita
1045 2902 1110 2946 non
1133 2886 1263 2961 profert.

78 2985 164 3046 Data
183 3001 280 3061 opera
298 2988 332 3047 in
351 2990 480 3064 singula
499 2989 637 3048 numina
656 2989 817 3061 inquirere
837 2992 869 3049 et
891 2989 1005 3049 multis
1025 2989 1205 3050 describere
1216 2987 1313 3046 unius

34 3088 192 3161 cuiusque
223 3087 273 3148 dei
303 3105 477 3164 personam
508 3090 638 3164 qualem
670 3090 890 3165 Callimachus
925 3090 1062 3167 dederit,
1098 3106 1172 3150 eam
1206 3090 1314 3164 ipsam

34 3189 74 3249 ob
95 3204 244 3265 causam,
266 3192 350 3265 quod
367 3207 497 3267 semper
513 3193 648 3266 antiqua
664 3195 809 3254 sectatur
825 3195 934 3269 poeta,
956 3192 1094 3253 libenter
1113 3191 1312 3264 omittimus;

33 3290 156 3364 raptim
190 3291 332 3353 indicare
366 3294 449 3353 satis
483 3295 545 3354 erit
577 3294 733 3367 quidnam
768 3294 807 3354 de
837 3294 978 3355 summis
1009 3295 1078 3355 deis
1108 3293 1228 3353 diserte
1257 3307 1314 3367 per

33 3393 178 3465 hymnos
211 3395 405 3468 praesertim
440 3396 684 3469 praedicaverit.
726 3395 793 3470 Quo
832 3395 974 3456 breviter
1011 3395 1153 3455 indicato
1186 3394 1314 3453 facilius

34 3494 251 3570 inquiremus,
272 3511 414 3569 quonam
436 3496 570 3556 consilio
587 3497 704 3556 ductus
719 3497 805 3556 huno
824 3497 921 3556 deum
936 3497 1106 3571 praecipue
1118 3495 1313 3571 laudaverit,

33 3595 128 3655 illum
160 3595 353 3673 neglexerit,
379 3596 461 3656 alias
485 3596 612 3656 fabulas
636 3596 785 3672 coluerit,
810 3598 959 3657 reiecerit
982 3596 1077 3673 alias,
1104 3597 1163 3656 hoc
1187 3611 1312 3671 promp-

34 3697 129 3772 serit,
154 3696 233 3757 illud
257 3698 432 3759 reticuerit.

77 3798 167 3859 Iovis
208 3799 369 3874 Apollinis
410 3800 534 3860 Dianae
576 3799 713 3860 numina
751 3815 828 3876 prae
867 3801 986 3861 ceteris
1028 3799 1178 3860 laudibus
1220 3799 1315 3859 effert

36 3899 268 3976 Callimachus,
307 3901 446 3974 singulis
489 3901 623 3976 hymnis
666 3916 722 3961 eos
761 3902 938 3976 celebrans,
978 3903 1011 3961 in
1050 3899 1167 3974 quibus
1202 3903 1314 3960 tamen

34 4000 273 4074 mythologiam
307 4004 415 4077 magis
448 4019 547 4077 quam
579 4003 778 4077 theologiam
810 4003 895 4063 colit.
928 4002 1128 4063 Brevissime
1159 4002 1240 4062 baec
1274 4002 1313 4062 de

33 4100 110 4162 Iove
141 4102 246 4176 primo
278 4102 402 4176 hymno
438 4106 661 4179 exponuntur:
694 4106 810 4163 natum
845 4104 957 4165 Iovem
984 4104 1019 4163 in
1048 4102 1201 4179 Arcadia,
1234 4118 1313 4164 mox

35 4201 108 4262 inde
143 4202 177 4261 in
207 4201 338 4264 Cretam
370 4194 589 4280 nympharum
624 4220 722 4281 opera
755 4205 998 4281 transductum,
1034 4204 1196 4264 nutritum
1228 4204 1312 4264 lacte

36 4318 150 4379 caprae
185 4304 396 4380 Amaltheae,
440 4310 514 4380 post
548 4321 623 4366 cum
659 4306 807 4367 celeriter
844 4306 885 4366 ad
919 4306 1074 4382 puberem
1109 4304 1313 4380 pervenisset

36 4407 193 4482 aetatem,
230 4406 382 4468 divisisse
414 4408 527 4468 mundi
558 4423 696 4482 regnum
728 4423 803 4468 cum
837 4406 1004 4484 fratribus,
1037 4407 1066 4466 ei
1100 4409 1212 4466 autem
1243 4407 1312 4465 iure

34 4505 205 4567 obvenisse
236 4507 364 4568 caelum
394 4509 632 4582 imperiumque
664 4509 781 4583 regale.
815 4508 1014 4582 Quapropter
1045 4523 1088 4567 ex
1111 4523 1149 4569 eo
1172 4510 1311 4583 pendere

37 4609 155 4684 cetera,
181 4623 258 4668 eum
281 4608 412 4683 regibus
434 4609 633 4686 praesidere,
658 4610 838 4685 gubernare
863 4610 983 4670 omnia.
