3104 5296
826 456 886 515 122
1279 454 1331 514 IV.
1357 456 1477 514 39-48

218 643 284 702 iam
309 643 435 704 monuit
458 645 682 707 Schneiderus.
705 643 801 725 τόφρα
824 645 912 706 enim
936 644 1025 721 prius
1048 649 1107 715 (16.
1133 646 1185 713 39)
1217 642 1393 703 1616111011
1419 657 1481 703 sen·

219 759 293 805 sum
316 745 441 807 obtinet
464 746 513 818 (01.
537 746 575 808 ir.
601 747 676 818 206)
707 748 819 808 eodem
843 761 949 807 errore
974 761 1036 820 quo
1059 747 1172 820 peccat
1193 745 1385 821 Apollonius
1408 745 1485 805 Rho·

219 847 292 907 dius
314 846 367 909 1v.
394 848 478 909 1617

463 948 559 1028 τόφρα
582 943 611 1009 δ’
637 945 719 1030 ἄγεν,
741 949 823 1021 τείως
847 973 897 1027 μιν
921 946 1095 1028 ἐπιπροέηκε
1119 947 1265 1034 θαλάσσῃ.

219 1050 362 1112 Verbum
385 1054 495 1112 antem
520 1048 766 1131 ἐπεμίομινο,
795 1067 995 1127 quamquam
1022 1051 1132 1112 minus
1155 1052 1305 1113 accurate
1328 1051 1434 1112 utitur
1455 1052 1494 1111 ut

219 1152 362 1214 Latonae
395 1153 439 1213 ud
466 1153 606 1214 ιἰιοκίακι
636 1154 814 1214 adventum
844 1155 963 1215 indicet
990 1153 1173 1224 (nonenim
1198 1152 1493 1214 estcurGraevio

220 1254 439 1316 assentiamur
472 1257 527 1330 qui
558 1257 685 1317 mutato
715 1271 761 1316 σοι
796 1257 829 1317 in
861 1255 892 1315 οί
920 1256 958 1316 de
987 1255 1128 1316 Latonae
1160 1270 1234 1315 cum
1261 1255 1338 1314 Iove
1368 1255 1496 1328 nuptiis

220 1356 441 1431 accipiendum
464 1357 568 1435 putet)
595 1359 819 1434 suppeditatur
842 1359 956 1434 poetae
980 1356 1130 1430 exemplo
1154 1356 1287 1417 Homeri
1310 1357 1332 1427 ζ.
1357 1356 1424 1416 205
1449 1356 1494 1427 (in

221 1459 334 1519 eadem
372 1473 485 1518 161606
519 1460 595 1520 sede
630 1455 720 1535 ,οὐδὲ
751 1462 866 1538 βροτῶν
898 1455 1078 1536 ἐπιμίσγεται
1102 1453 1208 1528 111ος”
1242 1457 1281 1517 01.
1306 1459 1343 1515 K.
1368 1457 1436 1518 548
1460 1458 1496 1517 et

220 1575 318 1635 supra
351 1575 422 1635 pag.
456 1563 518 1632 54).
559 1563 604 1621 At
635 1577 732 1622 versu
766 1560 809 1621 40
840 1561 988 1623 consulto
1019 1559 1204 1621 adhibuisse
1242 1559 1407 1635 putandus
1443 1562 1496 1618 est

220 1661 445 1736 imperfectum
471 1659 591 1738 ίκλιο,
613 1663 709 1736 idque
733 1679 770 1724 eo
794 1665 940 1739 accentu,
962 1662 1016 1737 qui
1035 1663 1148 1736 postea
1167 1662 1288 1737 placuit
1307 1661 1497 1722 Herodiano

221 1762 366 1824 censenti
390 1777 430 1822 ex
454 1759 548 1823 ἐνλέιο
578 1779 634 1838 per
657 1779 819 1840 syncopen
847 1764 986 1825 formam
1007 1778 1080 1824 esse
1100 1765 1215 1824 ortam.
1240 1763 1426 1834 (Herodlan.
1451 1763 1495 1823 ΙΙ.

222 1865 296 1940 245,
319 1865 381 1934 25).
402 1865 555 1925 Incitavit
575 1864 809 1926 Callimachum
829 1867 870 1927 ad
888 1865 1084 1926 imitandum
1104 1861 1182 1936 ἅπαξ
1202 1860 1358 1942 εἰρημένον
1371 1863 1414 1922 a.
1429 1864 1494 1924 202

220 1961 336 2044 (φρένες
364 1958 416 2050 ᾖσι
438 1964 532 2045 πάρος
555 1987 609 2045 περ
633 1961 701 2027 ἔκλε’
733 1962 774 2026 ένέ
802 1964 1006 2046 ἀνθρώπους),
1029 1969 1062 2028 61
1085 1981 1170 2027 nunc
1193 1966 1324 2040 quidem
1347 1965 1498 2039 captavit

220 2082 297 2128 eum
327 2066 432 2127 101116
462 2070 573 2145 rarior,
605 2071 721 2131 ceteris
744 2073 855 2131 autem
876 2070 956 2131 locis
979 2069 1033 2130 ubi
1053 2069 1084 2129 id
1110 2069 1244 2129 verbum
1267 2068 1400 2128 adhibet
1423 2069 1497 2127 tam

222 2170 256 2229 in
286 2168 385 2229 activi
414 2168 528 2229 formis
559 2186 656 2245 quam
689 2172 720 2231 in
751 2172 884 2248 passivi,
915 2171 1150 2245 diphthongum
1177 2171 1289 2231 servat
1310 2170 1498 2230 secundum

220 2286 317 2330 usum
342 2270 542 2331 homericum
565 2271 659 2342 (κλείω
679 2272 734 2348 Ep.
757 2275 793 2348 7;
817 2272 945 2333 κλείουσι
965 2274 990 2333 1.
1013 2275 1065 2348 51,
1086 2272 1158 2332 vide
1179 2286 1276 2346 supra
1288 2285 1359 2346 pag.
1374 2271 1437 2346 24;
1453 2304 1496 2314 -

221 2372 260 2434 01.
285 2373 325 2433 ΙΙ.
353 2374 415 2443 18).
446 2374 563 2435 Nostro
598 2390 724 2449 quoque
749 2375 828 2452 loco,
861 2377 897 2436 ut
929 2374 1034 2436 solent
1066 2374 1241 2448 aequiores,
1266 2373 1362 2434 verbo
1387 2359 1499 2433 ιλέίειν

221 2475 289 2534 vim
313 2481 365 2533 τοῦ
388 2479 488 2534 καλεῖν
511 2476 634 2536 tribuit.
1280 2538 1282 2541 ,

265 2576 466 2638 Recentioris
489 2579 649 2639 sermonis
672 2579 799 2654 propria
824 2579 950 2640 videtur
973 2577 1174 2639 deminutiva
1197 2576 1302 2638 forma
1325 2575 1497 2655 πολίχνη

220 2694 302 2753 quae
337 2695 385 2741 vs.
422 2683 462 2741 41
499 2682 646 2742 00001111.
682 2682 726 2742 At
760 2681 914 2741 flosculus
945 2681 1116 2742 hesiodeus
1144 2682 1204 2755 est,
1236 2679 1374 2740 10116666
1409 2679 1498 2739 haud

220 2781 327 2856 inepte
358 2795 377 2840 6
408 2781 516 2840 fluviis
547 2783 579 2842 in
611 2783 731 2844 fretum
759 2783 949 2859 translatus,
978 2781 1144 2859 ,Εὐρίποιο
1168 2780 1263 2858 πόρον
1286 2777 1498 2859 καναχηδὰ

221 2878 405 2960 ρέοντος”
430 2882 481 2953 (cf.
507 2883 637 2946 Hesiod.
665 2884 770 2960 171009.
796 2886 859 2946 367
887 2880 1033 2961 ,ποταμοὶ
1056 2879 1210 2960 καναχηδὰ
1234 2877 1391 2961 ῥέοντες”).

266 2983 446 3044 Fastidium
482 2985 655 3047 lectoribus
686 3002 796 3062 parem
829 2987 979 3062 nimium,
1014 2986 1042 3045 si
1066 2984 1195 3059 singula
1221 2983 1318 3043 verba
1340 2983 1494 3044 denotem

136 3079 152 3166 ¹.
220 3085 337 3158 quibus
370 3100 426 3160 per
461 3087 520 3147 hos
554 3104 678 3166 versus,
718 3090 881 3164 epicorum
913 3087 1061 3163 exemplo
1092 3087 1269 3148 destitutus
1300 3086 1334 3144 61
1355 3085 1496 3146 minime

220 3185 382 3249 mehercle
405 3187 558 3267 καναχηδὰ
581 3187 666 3270 ῥέων,
688 3192 875 3265 languidam
900 3193 934 3251 et
956 3190 1075 3251 exilem
1099 3189 1279 3250 orationem
1303 3201 1400 3246 suam
1425 3201 1495 3247 eru·

221 3289 352 3350 ditionis
381 3293 582 3352 ornamentis
612 3293 725 3355 tollere
748 3296 882 3354 conetur
904 3294 937 3354 et
961 3308 1126 3354 exornare.
1151 3291 1246 3351 Videt
1270 3288 1351 3349 talia
1373 3289 1495 3364 quivis,

222 3392 321 3453 etiam
355 3406 420 3452 non
453 3393 650 3472 admonitus,
686 3398 720 3457 et
753 3397 935 3456 maximam
969 3398 1095 3469 partem
1130 3408 1212 3468 quae
1247 3392 1344 3465 digna
1377 3392 1496 3452 notatu

221 3494 322 3568 erant,
358 3493 483 3555 abunde
517 3497 694 3558 docuerunt
721 3498 871 3574 editores,
895 3497 1087 3558 Scheiderus
1110 3510 1186 3571 prae
1211 3493 1339 3554 ceteris.
1364 3492 1415 3552 Ad
1439 3508 1497 3553 eos

220 3595 320 3669 igitur
353 3596 382 3655 si
416 3596 534 3658 referre
569 3599 688 3676 licebit,
720 3614 783 3661 non
811 3599 975 3660 habebunt
997 3599 1053 3659 isti
1079 3612 1192 3658 versus
1217 3595 1301 3669 quod
1325 3608 1413 3654 nunc
1435 3608 1497 3655 nos

221 3696 365 3757 detineat
391 3689 421 3766 ¹).
447 3698 490 3759 At
513 3700 612 3761 altius
634 3702 807 3775 repetenda
833 3703 883 3761 est
905 3715 1014 3776 causa,
1042 3715 1124 3774 quae
1152 3697 1323 3759 adduxerit
1346 3695 1496 3757 callima-

222 3804 329 3879 chum,
365 3805 403 3863 ut
432 3819 480 3864 16.
513 3801 555 3861 48
591 3802 727 3863 Samum
750 3802 892 3863 insulam
924 3802 1080 3863 indicaret
1110 3801 1161 3861 his
1187 3797 1292 3860 verbls
1327 3794 1496 3875 ,νήσοιο

223 3903 441 3984 διάβροχον
465 3904 578 3965 ὕδατι
601 3903 750 3982 μαστὸν
774 3903 1042 3982 Παρθενίης”.
1064 3904 1184 3963 Parum
1204 3900 1498 3962 enimlucisaffert

222 4008 424 4069 Archestrati
455 4023 570 4069 versus
604 4003 654 4083 ,έν
687 4003 803 4092 Λέσβῳ,
836 4006 952 4084 κλείνης
978 4001 1102 4083 Ἐρέσου
1131 4002 1338 4081 περικύμονι
1362 4002 1496 4085 μαστῷ”.

223 4109 373 4170 Potuitne
402 4125 525 4187 revera,
556 4108 586 4169 si
617 4108 832 4186 161161νῆοον
864 4105 1083 4186 ἀμφίρρυτον
1111 4101 1497 4166 1111061606111111601116

222 4209 271 4270 uti
305 4225 383 4271 voce
420 4209 664 4290 ,διάβροχος”1
697 4210 768 4272 Non
802 4211 930 4286 opinor:
965 4225 1055 4270 mare
1079 4208 1166 4270 enim
1195 4205 1286 4267 Sami
1309 4205 1409 4266 colles
1433 4220 1497 4266 non

257 4476 276 4537 ¹)
293 4480 396 4540 Optime
412 4480 553 4529 Schneider
569 4494 605 4526 vs.
624 4482 655 4527 44
673 4481 727 4542 παρ’
746 4481 773 4528 in
791 4483 953 4544 πιρ111016116
971 4480 1085 4527 restituit
1093 4478 1230 4525 1101101611
1241 4475 1400 4524 Oalllmaoho
1418 4476 1498 4525 dilee-

223 4560 357 4620 tissimam,
372 4559 498 4618 stragieis
515 4559 668 4620 desumtam,
682 4561 779 4624 ίδρομις
795 4563 876 4624 πόρον.
889 4585 918 4594 -
930 4559 1003 4607 Verbi
1016 4561 1139 4616 ἀναίνομαι
1156 4568 1221 4603 usus
1234 4556 1280 4614 (16.
1290 4550 1334 4617 45)
1349 4556 1499 4604 defenditur

223 4640 353 4687 homerico
369 4652 445 4686 versu
463 4645 483 4686 1.
502 4640 549 4687 179
568 4641 594 4686 ai
616 4639 641 4685 δ’
662 4642 785 4698 ἀναίνομαι
803 4640 841 4699 ddi
860 4641 890 4686 οίι
908 4641 979 4704 δῶρα.
1000 4665 1029 4673 -
1048 4639 1086 4686 De
1105 4650 1167 4686 voce
1187 4636 1266 4697 μέσφα
1283 4636 1317 4682 01.
1336 4649 1395 4695 pag.
1414 4638 1457 4683 aa.
