3104 5296
831 446 893 507 126
1283 444 1337 507 IV.
1362 447 1486 508 60-62

223 641 312 700 tasse
342 653 417 700 curn
447 637 494 698 ita
524 632 702 716 σπέρχεσθαι
733 635 908 712 adhiberet,
940 648 1005 694 non
1035 632 1088 694 hic
1116 648 1232 694 versus
1258 634 1299 694 de
1322 649 1385 708 quo
1409 650 1489 694 nunc

223 742 351 815 agimus
381 740 497 817 arguit,
528 739 586 801 sed
616 738 713 799 huius
740 737 855 812 hymni
887 750 1001 796 versus
1034 735 1116 796 158:
1151 734 1295 796 similem
1329 736 1419 796 enim
1442 737 1489 796 ho·

223 844 342 905 merico
373 843 472 904 habet
493 841 620 902 exitum
652 835 870 917 (»σπερχομε’ννρ
891 836 968 915 μάλα
992 834 1102 896 πολλὸν
1126 833 1300 918 ἀπέτραπεν·
1324 837 1359 897 αἱ
1379 832 1409 896 δ’
1436 831 1489 897 ὑπ’

223 941 433 1022 ὀμοκλῆς”;
468 943 508 1001 Ω.
540 943 603 1002 248
642 935 952 1019 »σπερχομένοιο
987 934 1131 1017 γέροντος.
1167 934 1183 998 ὅ
1219 933 1252 997 ‹i’
1283 938 1386 999 υἱάσιν
1418 932 1492 999 οἷσιν

223 1043 421 1124 ὀμόκλα”);
453 1044 611 1106 irascendi
642 1043 753 1104 autem
785 1043 851 1102 vim
878 1041 974 1101 verbo
1003 1036 1180 1119 σπέρχεσθαν
1205 1042 1387 1102 attribuens
1411 1043 1493 1117 apud

221 1150 416 1211 recentiores
442 1147 528 1208 haud
551 1144 717 1207 insolitam
747 1143 940 1204 meminerat
964 1142 1102 1203 fortasse
1127 1143 1263 1202 eandem
1292 1145 1494 1204 Iunonema

221 1252 358 1312 Pindaro
381 1250 519 1325 spectari
542 1263 617 1308 cum
642 1245 732 1307 Nem,
758 1246 783 1306 Ι.
808 1247 851 1305 40
879 1247 1076 1324 »σπερχθεῖσα
1098 1245 1210 1326 θομρσ·
1235 1243 1365 1305 diceret.

266 1352 440 1427 Sequentia
477 1346 590 1428 »μέγα
622 1346 667 1424 δή
698 1368 732 1406 τι
762 1343 828 1405 καὶ
860 1344 903 1406 οὐ
936 1344 1084 1422 φατὸν”
1116 1348 1190 1421 apte
1221 1348 1402 1421 comparari
1426 1362 1493 1422 pos·

220 1457 298 1515 eunt
332 1470 406 1515 cum
441 1451 574 1514 Hesiodi
609 1465 705 1510 versu
736 1446 831 1517 (Stat.
867 1450 943 1519 230)
972 1444 1099 1526 ἄπληταί
1128 1469 1157 1508 τε
1188 1445 1237 1508 nat
1263 1446 1300 1509 ot
1325 1448 1422 1525 φαταί
1443 1450 1493 1520 (ci.

221 1556 309 1617 Pind.
337 1555 380 1616 Ol.
404 1554 457 1615 Vi.
482 1555 523 1614 37
555 1549 587 1611 ἐν
618 1555 708 1633 θυμῷ
740 1546 854 1621 πιέσαις
885 1548 973 1628 χόλον
1001 1548 1037 1611 οὐ
1061 1548 1178 1625 φατόν).
1204 1550 1357 1612 Formula
1380 1553 1494 1612 autem

221 1654 294 1736 μέγα
326 1655 363 1734 δή
394 1678 421 1714 τι
450 1657 570 1716 iterum
601 1668 682 1714 usus
712 1654 763 1713 est
793 1653 827 1712 in
850 1652 910 1713 hoc
933 1653 1055 1726 hymno
1081 1669 1127 1714 vs,
1154 1653 1217 1713 189
1244 1651 1396 1729 »αἰτήσεις
1421 1650 1494 1732 μέγα

222 1758 260 1835 δή
284 1760 342 1835 τι”,
377 1758 410 1818 in
441 1772 505 1830 qua
534 1755 674 1817 formula
704 1755 867 1815 adiectum
900 1757 951 1815 est
978 1757 1044 1831 »τι”
1072 1770 1110 1816 eo
1135 1756 1201 1816 iere
1225 1754 1320 1815 modo
1345 1770 1409 1829 quo
1434 1755 1493 1815 Ho-

222 1876 332 1920 merus
373 1859 491 1919 adiecit
529 1858 562 1917 in
597 1857 767 1932 negatione
802 1857 1004 1932 saepissime,
1040 1860 1075 1918 at
1109 1873 1181 1919 raro
1215 1858 1289 1919 aliis
1323 1860 1495 1920 adiectivis

224 1962 323 2022 veluti
346 1982 371 2020 o.
396 1962 459 2021 365
486 1954 605 2037 »ὀλίγον
629 1955 661 2018 δέ
684 1957 712 2017 τί
735 1952 760 2035 μ’
787 1948 882 2035 ἧσσον
906 1955 1021 2035 Itium&

266 2065 312 2124 De
343 2063 448 2124 verbis
479 2057 716 2140 τειρομένρν
752 2055 867 2119 ὠδῖσι
897 2061 1033 2121 conferri
1063 2064 1199 2136 possunt
1222 2077 1305 2135 quae
1329 2063 1398 2122 dixi
1422 2079 1492 2138 pag.

224 2167 282 2240 17;
308 2180 403 2225 versu
427 2165 537 2224 autem
563 2165 603 2224 61
637 2163 713 2237 quid
738 2163 841 2223 movit
865 2161 1099 2224 Callimachum
1124 2168 1161 2224 ut
1184 2164 1217 2224 in
1240 2164 1400 2225 imitando
1426 2165 1494 2225 loco

222 2267 386 2327 homerico
404 2267 440 2323 Σ.
462 2266 543 2327 523:
571 2263 786 2341 »τοῖσν...δύα
809 2262 915 2324 σκοποὶ
935 2263 1034 2324 εἴατο”
1048 2298 1087 2307 -
1105 2266 1159 2339 qui
1179 2280 1294 2326 versus
1306 2265 1494 2341 interpreta-

221 2368 308 2429 tione
342 2369 484 2443 proiecto
519 2382 582 2428 non
618 2366 734 2440 egebat
769 2399 809 2409 -
844 2381 901 2441 pro
943 2367 1148 2427 substantivo
1181 2362 1288 2427 σκοποὶ
1325 2372 1495 2442 reponeret

228 2473 451 2547 »φροῦροι”»
476 2484 588 2530 vocem
612 2483 687 2529 cum
711 2469 780 2528 tota
803 2467 929 2528 familia
951 2469 991 2529 ab
1014 2469 1105 2543 opica
1127 2468 1260 2529 Homeri
1287 2468 1427 2530 dialecto
1451 2486 1494 2531 re·

224 2573 373 2633 motam?
397 2573 457 2632 Pro
481 2574 568 2633 certo
587 2570 666 2630 nihil
687 2568 859 2647 affirmem,
881 2585 995 2631 verum
1016 2585 1091 2631 cum
1116 2571 1209 2632 video
1229 2585 1325 2631 versu
1345 2573 1494 2645 sequenti

223 2674 257 2734 in
285 2674 391 2734 verbis
425 2677 561 2753 »γαῖαν
592 2669 903 2743 ἕποπτεύοντες”
936 2674 1072 2734 verbum
1102 2670 1274 2733 ἐποπτεύειν
1306 2689 1370 2734 non
1395 2690 1493 2736 sensu

222 2775 367 2852 curandi,
399 2790 495 2849 quem
527 2775 663 2835 noverat
693 2774 856 2835 Homerus
886 2779 926 2847 (π.
954 2776 1026 2846 140)
1059 2791 1172 2836 verum
1196 2776 1386 2836 custodiendi
1409 2776 1491 2837 adhi-

222 2877 337 2954 bitum,
361 2877 449 2938 subit
471 2877 611 2952 euspicio
634 2876 788 2951 Aeschyli
810 2877 1003 2938 memoriam
1024 2877 1084 2938 hoc
1104 2879 1173 2938 loco
1193 2876 1331 2938 coluisse
1353 2881 1492 2952 poetam.

223 2978 383 3052 Aeschylo
415 2979 512 3055 enim,
538 2980 574 3038 ut
603 2977 825 3039 Blomfleldius
855 2979 976 3053 optime
1001 2979 1137 3055 monuit,
1164 2979 1297 3039 verbum
1322 2976 1491 3041 ἐποπτεύειν

222 3080 462 3153 frequentatum
497 3082 548 3139 est
582 3079 815 3153 significatione
848 3080 1040 3156 inspectandi
1071 3081 1231 3156 (exempla
1262 3082 1396 3156 praebet
1427 3083 1492 3157 ipse

224 3179 319 3241 (itone.
343 3182 386 3241 od
408 3181 467 3255 Ay.
494 3182 595 3256 1241;
619 3182 662 3241 od
687 3179 811 3255 Oineon.
838 3183 877 3252 1).
905 3183 994 3242 Inter
1017 3182 1206 3257 aeschyleos
1230 3184 1340 3243 autem
1366 3180 1490 3252 ἐπόπτας

222 3283 292 3342 sive
322 3282 472 3343 custodes
499 3283 592 3358 pauci
618 3285 695 3343 sunt
721 3283 828 3356 magis
849 3284 917 3344 noti
944 3299 1043 3358 quam
1068 3283 1122 3344 ille
1146 3284 1200 3357 qui
1225 3283 1386 3357 quondam
1412 3285 1491 3344 inter

223 3385 371 3444 homines
389 3386 501 3446 eodem
520 3400 651 3460 prorsus
672 3384 839 3460 spectandi
858 3400 993 3446 munere
1011 3386 1214 3460 fungebatur,
1232 3400 1295 3460 quo
1311 3402 1399 3447 nunc
1412 3387 1492 3446 inter

222 3486 299 3545 deos
322 3486 407 3546 Mars
430 3489 527 3560 atque
549 3487 627 3547 Iris:
653 3487 907 3561 Agamemnonis
931 3486 1024 3547 illum
1049 3486 1210 3547 famulum
1235 3487 1315 3563 dico,
1349 3489 1404 3561 qui
1428 3489 1492 3562 ipse

221 3602 347 3660 quoque
370 3587 589 3648 ministerium
613 3604 710 3648 suum
735 3584 873 3666 φρουρὰν
897 3589 975 3649 dicit
987 3589 1113 3664 (Aqam.
1128 3589 1166 3663 23
1188 3588 1227 3649 ci.
1240 3587 1395 3649 Prometh.
1413 3591 1492 3658 144).

223 3688 372 3749 (letemm
407 3689 446 3749 ad
479 3691 617 3750 eundem
647 3689 840 3764 praesertim
872 3690 1032 3764 tragicum
1067 3691 1163 3751 vocat
1193 3704 1274 3751 usus
1297 3689 1493 3751 substantivi

221 3788 312 3850 πέδον
348 3791 437 3865 quod·
465 3794 575 3852 nostro
608 3792 677 3853 loco
707 3790 802 3866 plane
832 3793 946 3853 eadem
979 3791 1103 3852 ratione
1135 3792 1265 3852 adhibet
1296 3793 1402 3867 poeta,
1435 3805 1494 3866 qua

221 3893 402 3967 Aeschylus
433 3892 586 3955 Prometh.
613 3896 629 3954 1
661 3890 772 3972 χθονὸς
802 3891 949 3971 τήλονρον
981 3890 1084 3970 πέδον,
1106 3894 1140 3954 et
1162 3893 1236 3954 ibid.
1264 3895 1326 3954 734
1344 3893 1493 3972 Εὐρώπης

220 3993 321 4054 πέδον.
351 3996 436 4056 Nam
466 4011 540 4056 rara
570 3998 620 4056 est
650 3995 730 4055 haec
754 4009 818 4055 vox
841 3995 925 4070 apud
947 3996 1139 4072 Homerum,
1166 3994 1328 4069 aliamque
1352 3996 1397 4055 ibi
1420 3996 1491 4056 obti-

221 4101 276 4157 net
308 4098 384 4159 vim.
416 4099 467 4158 Ita
497 4098 536 4156 Ν.
563 4097 625 4158 796
658 4112 733 4158 cum
766 4099 967 4159 memoratur
994 4096 1134 4174 procella
1158 4111 1240 4171 quae
1267 4093 1346 4171 ,ὑπὸ
1370 4096 1494 4174 βροντῆς

219 4196 328 4277 πατρὸς
360 4197 432 4271 Διὸς
462 4191 517 4258 εἶσι
547 4195 694 4258 πέδονδε”
727 4199 778 4268 (cf.
802 4199 911 4276 hymn.
942 4202 977 4261 in
1003 4199 1067 4262 Ger.
1093 4200 1169 4274 253,
1192 4201 1217 4256 i.
1243 4198 1307 4259 598
1332 4198 1366 4257 et
1388 4198 1493 4274 hymn.

221 4299 254 4358 ιἰι
288 4298 352 4360 Ger.
386 4303 461 4370 456)
491 4300 581 4360 humi
610 4299 780 4374 significat.
814 4301 935 4362 Eodem
968 4304 1063 4363 modo
1096 4313 1341 4374 nonnumquam
1373 4299 1495 4373 tragici,

223 4400 322 4461 veluti
356 4400 528 4476 Sophocles
563 4402 710 4477 Antiqon.
744 4403 807 4462 441
843 4403 961 4478 »νεύειν
992 4401 1021 4475 ἐς
1055 4399 1179 4478 πέδαν”,
1209 4416 1308 4476 quam
1339 4401 1496 4462 rationem

221 4505 354 4564 secutus
375 4502 593 4564 Callimachus
619 4500 760 4579 »πέδον
783 4506 947 4563 πατεῖν·
974 4505 1039 4576 (IV.
1065 4506 1139 4574 227)
1164 4505 1197 4565 et
1220 4501 1411 4578 Apollonius
1434 4498 1498 4580 ,nt-

224 4604 278 4663 dov
310 4604 454 4682 στείβειν”
488 4605 555 4675 (ΙΙΙ.
584 4606 659 4682 836,
692 4606 731 4666 cf.
766 4606 860 4680 soph.
890 4605 959 4668 Oed.
987 4606 1046 4668 Coi.
1073 4608 1148 4677 467)
1172 4605 1376 4681 dixerunt,e
1416 4604 1498 4666 idem
