3314 5436
727 569 791 632 207

733 752 825 832 ,llll
849 771 881 816 σε
903 753 959 835 γὰρ
983 753 1020 833 δὴ

371 853 443 930 ἐξέτι
465 855 611 934 νηπυτίης
634 853 710 934 αὕτη
733 853 843 936 τρέφον
866 851 915 935 ἠδ’
942 853 1114 936 ἀγάπησα”.

123 956 344 1018 callimachus
374 962 485 1020 autem
516 962 614 1033 auget
643 959 753 1020 nostro
784 959 854 1020 loco
887 959 1039 1020 vitiosam
1063 958 1293 1019 abundantiam
1318 973 1393 1018 oum

123 1059 216 1120 addit
245 1055 361 1135 ἐξότε,
389 1061 465 1122 licet
494 1075 608 1122 vocem
639 1075 696 1136 per
725 1076 761 1123 se
788 1060 874 1121 haud
899 1044 1014 1121 vitiose
1037 1060 1236 1136 formaverit,
1260 1060 1302 1121 ad
1324 1075 1392 1120 uor-

123 1175 217 1220 mam
241 1161 396 1222 homerici
422 1161 565 1239 ,eloo'rr'R

166 1261 278 1322 Obiter
289 1277 406 1324 moneo
419 1279 466 1324 ve.
482 1266 523 1324 48
536 1277 636 1338 equos
648 1263 789 1340 Admeti,
799 1263 851 1325 vel
863 1277 973 1337 equas,
987 1263 1143 1324 feminina
1154 1263 1259 1324 forma
1271 1263 1306 1334 ξε
1315 1261 1394 1341 epl-

121 1363 238 1435 τιὸος
269 1363 331 1425 dici
361 1365 411 1436 (de
441 1365 512 1441 ipsa
543 1365 694 1426 adiectivi
717 1365 822 1425 forma
844 1365 883 1426 oi.
908 1379 979 1440 pag.
1004 1365 1056 1434 52)
1081 1379 1123 1426 ex
1146 1365 1272 1426 erudita
1294 1380 1392 1428 recor·

122 1465 255 1528 datione
291 1481 445 1528 versuum
476 1469 501 1526 Β
533 1469 700 1552 litteren,
735 1471 848 1528 contra
881 1466 975 1541 longe
1007 1466 1159 1528 decedere
1190 1465 1230 1527 ab
1261 1465 1395 1528 Homeri

122 1582 277 1628 sermone
302 1567 536 1629 Callimachum
560 1553 842 1644 cum'Apollinem
866 1567 998 1629 Admeti
1021 1583 1132 1629 amore
1154 1566 1394 1644 κεκαυμένον

122 1669 213 1730 dicit.
239 1669 372 1730 Homeri
395 1669 483 1730 enim
506 1669 584 1731 deos
606 1670 796 1731 hominesve
818 1669 935 1730 dicitur
958 1667 1198 1748 deploratione
1219 1684 1394 1743 eorumque

122 1768 239 1849 φρένας
267 1767 514 1849 ἀμφικαλύπτειν,
536 1769 637 1842 πάθος
663 1771 785 1833 amoris
808 1771 951 1832 nondum
974 1772 1039 1832 ulit
1061 1786 1116 1832 eos
1139 1773 1176 1832 ut
1198 1770 1284 1832 hunc
1303 1770 1394 1845 Apol·

123 1871 238 1947 linem,
262 1872 296 1933 et
317 1870 415 1951 μάχην
437 1873 568 1934 tantum
592 1875 711 1934 norunt
734 1871 919 1951 καύστειραν.
946 1865 968 1944 ¹)

169 1973 226 2033 Vs.
263 1974 302 2034 51
346 1989 402 2048 pro
444 1974 577 2048 vulgata
622 1973 759 2036 lectione
793 1970 969 2052 ἐπιμηλάδες
1004 1974 1149 2035 restituit
1182 1973 1395 2036 Schneiderus

123 2072 137 2134 l
145 2074 371 2152 νιμηλάδες.
403 2075 549 2151 Optime,
581 2076 638 2137 sed
666 2076 775 2153 simul,
798 2077 862 2137 uisi
885 2076 989 2153 fallor,
1013 2076 1175 2150 egregiam
1200 2075 1393 2137 emendatio·

122 2192 203 2238 nem
234 2176 499 2252 interpretatione
529 2177 762 2252 pessumdedit,
794 2177 949 2240 vocabulo
989 2176 1212 2256 βοοβόσιον
1246 2181 1305 2248 (vs.
1342 2177 1395 2247 bo)

121 2293 252 2354 pragam
277 2277 411 2339 indicari
433 2280 525 2340 ratus
549 2281 583 2341 et
602 2273 687 2360 οἶνος
708 2278 886 2358 ἐνιμηλάδος
913 2296 970 2343 eas
993 2280 1133 2356 capellas
1157 2281 1265 2341 vocari
1287 2279 1395 2340 existi·

122 2395 233 2456 mans,
252 2380 422 2453 quocinler
433 2395 499 2442 onec
510 2385 684 2444 versantur.
705 2382 849 2443 Evadere
868 2383 996 2444 videtur
1008 2398 1048 2444 ex
1060 2383 1121 2444 hac
1132 2382 1396 2456 interpretatione

122 2481 350 2542 huiuscemodi
384 2483 563 2544 sententia:
595 2482 710 2544 Plenus
737 2485 786 2560 flet
816 2483 910 2544 boum
931 2499 1018 2561 prena
1042 2500 1140 2558 neque
1162 2483 1293 2559 capellae
1317 2498 1396 2558 quae

120 2583 205 2643 inter
238 2597 304 2643 coca
333 2587 498 2644 necantur
522 2585 610 2660 prole
637 2585 794 2660 carebunt,
824 2585 936 2660 quibus
959 2585 1059 2646 oculu
1077 2584 1274 2660 pascentibus
1297 2583 1395 2645 obver-

120 2685 192 2745 lcn‘l
216 2683 333 2760 Apollo,
364 2699 430 2744 oves
451 2699 521 2745 vero
543 2701 640 2760 neque
662 2685 737 2747 lacte
760 2686 888 2763 agebunt
906 2701 1004 2760 neone
1018 2685 1083 2762 selu
1107 2688 1167 2748 etc.
1195 2685 1265 2746 Non
1288 2685 1395 2746 solum

119 2785 265 2847 molesta
287 2785 484 2847 abundantia
506 2787 586 2849 haec
609 2789 752 2863 peccant.
781 2789 864 2848 Nam
889 2789 989 2850 simul
1012 2787 1140 2848 mireris
1164 2787 1239 2861 quid
1263 2788 1394 2848 tandem

121 2889 265 2950 attineat
293 2888 379 2948 inter
408 2903 487 2949 oves
507 2891 629 2950 versari
652 2889 804 2966 capellas,
829 2890 928 2951 simul
952 2896 1005 2950 τοῦ
1027 2889 1148 2966 Νομίου
1173 2904 1309 2950 munere
1332 2904 1396 2952 non

120 3003 327 3051 memorasse
352 2991 484 3064 poetam
507 3004 635 3065 arguas.
659 2991 700 3052 itt
723 2993 784 3053 hoc
806 2992 936 3065 quidem
959 2992 1120 3053 offensum
1144 2990 1237 3052 facile
1261 2990 1395 3068 tollitur,

121 3089 300 3153 dummodo
342 3105 418 3152 oum
456 3091 633 3154 scholiasta
672 3091 836 3171 βουβόσιον
874 3093 913 3154 de
943 3096 1038 3169 prato
1074 3092 1197 3154 dietum
1232 3095 1396 3168 putemus,

121 3208 225 3268 quam
255 3193 555 3268 interpretationem
584 3195 791 3256 commendat
821 3195 914 3255 Arati
946 3211 1060 3256 versus
1088 3195 1182 3256 1120.
1206 3195 1306 3256 Docet
1331 3211 1396 3256 ver·

122 3311 183 3357 sus
217 3296 368 3370 Arateus,
403 3297 610 3373 recentiores,
646 3312 720 3358 cum
756 3297 796 3358 ad
830 3311 980 3357 normam
1014 3297 1169 3358 homerici
1201 3297 1398 3358 substantivi

122 3393 269 3476 σνβόσιον
297 3397 380 3458 hane
412 3412 525 3458 vocem
560 3396 728 3475 lingerent,
764 3398 903 3459 formam
935 3399 1132 3460 substantivi
1162 3399 1269 3473 magis
1299 3415 1398 3474 quam

122 3514 225 3559 usum
255 3498 455 3559 homericum
490 3501 539 3569 (A.
572 3502 653 3575 679;
678 3501 701 3574 ξ.
728 3501 801 3571 101)
832 3502 1007 3577 spectasse,
1039 3501 1123 3574 quod
1153 3501 1239 3562 idem
1263 3501 1296 3562 in
1320 3517 1398 3562 voce

123 3597 263 3659 αἰπόλιον
297 3615 317 3660 a
351 3600 454 3674 poetis
488 3601 691 3676 anthologiae
724 3601 848 3662 factum
881 3601 1029 3662 videmus
1054 3595 1086 3672 ²).
1119 3601 1159 3662 itt
1188 3605 1299 3664 nostro
1329 3603 1398 3664 loco

123 3703 226 3778 igitur
255 3702 303 3763 ita
325 3701 425 3777 accipi
449 3701 557 3762 licebit
583 3703 666 3764 hano
691 3717 814 3778 vocem,
838 3717 901 3777 qno
925 3703 1011 3763 iacto
1034 3703 1118 3764 hanc
1140 3704 1298 3765 habemus
1329 3719 1398 3764 sen·

124 3804 283 3865 tentiam:
325 3801 471 3864 hawide
516 3802 634 3864 Ptoebo
667 3805 763 3879 plena
804 3807 896 3864 eunt
935 3819 1064 3880 pascuo,
1111 3805 1239 3880 lsrptler
1278 3805 1399 3881 pabula

122 3905 325 3982 praebebunt.
356 3904 471 3978 Itaque
502 3901 574 3965 odil
602 3925 654 3964 κεν
683 3898 763 3984 αἶγες
794 3904 928 3965 dedecoro
958 3902 1104 3984 βρεφέων,
1139 3900 1207 3966 οὐδ’
1240 3904 1399 3986 &petianese

124 4001 196 4068 οὐδ’
240 4003 353 4067 daudet
394 4008 490 4067 erunt
529 4021 617 4069 oves.
661 4006 742 4083 Quid
784 4022 861 4068 vero
899 4003 1097 4086 ἐνιμηλάὸεςξῖ
1143 4007 1218 4068 Folo
1250 4010 1400 4085 providae

124 4109 239 4186 opinor
268 4109 399 4170 indicat.
434 4107 498 4168 Eae
533 4108 621 4168 enim
652 4109 779 4170 felicem
812 4109 908 4170 edent
934 4111 1063 4183 partum
1095 4110 1123 4169 si
1154 4109 1290 4170 Nomius
1321 4111 1398 4171 dum

125 4211 306 4287 poscuntur
327 4210 458 4271 favente
483 4225 539 4271 eas
563 4210 655 4271 oculo
679 4211 873 4286 adspexerit.
897 4211 991 4272 Latet
1013 4212 1093 4272 haec
1116 4211 1338 4286 interpretatio
1366 4213 1400 4273 in

125 4312 250 4374 scholio
281 4327 323 4373 ex
353 4310 477 4372 duabus
508 4312 560 4373 vel
590 4313 698 4387 potius
728 4312 832 4374 tribus
856 4313 1124 4388 explicationibus
1146 4314 1296 4389 confuso;
1322 4329 1399 4376 nam

162 4575 182 4640 ¹)
200 4579 238 4626 De
255 4591 318 4626 voce
336 4581 415 4638 ηιθνος
431 4579 464 4627 ol.
483 4593 561 4641 supra
579 4594 638 4642 pag.
658 4583 714 4630 its.

160 4651 239 4720 'illa
265 4659 399 4719 aequiores
423 4662 535 4723 ουρόοιον
561 4673 664 4720 quoqne
689 4663 852 4722 aeceperunt,
884 4659 953 4720 quod
979 4658 1071 4707 Suidas
1096 4660 1281 4721 interpretetur
1304 4679 1399 4728 ,porpo-

126 4735 261 4802 φοβοῖσθ’.
