3068 5288
644 470 684 533 31

21 652 182 731 patriam,
203 655 379 719 lectoribus
399 659 635 732 quodammodo
652 663 729 721 ante
745 661 855 721 oculos
867 664 1015 737 poneret,
1036 664 1069 721 et
1081 661 1177 721 huius
1189 676 1301 722 sacrae

24 758 243 834 geographiae
274 760 396 821 anxilio
426 761 607 822 luculenter
638 763 836 840 ostenderet,
873 778 971 838 quam
1006 767 1093 825 arcte
1125 779 1199 824 cum
1231 763 1302 838 ipse

26 860 162 922 Graecia
182 862 393 923 cohaererent
409 865 547 924 numina
566 864 634 940 illa,
656 881 738 939 quae
750 866 872 926 exteris
885 865 1062 940 originibus
1074 865 1182 926 deberi
1195 865 1301 924 inanis

25 963 186 1034 quaedam
207 964 336 1025 doceret
355 966 539 1040 aequalium
560 968 729 1043 sapientia.
746 1002 784 1012 -
797 969 915 1044 Aptius
931 968 1120 1043 exemplum
1132 983 1197 1029 non
1209 969 1302 1027 extat

26 1063 122 1123 huius
143 1065 310 1138 mythicae
329 1068 553 1144 geographiae,
578 1084 676 1143 quam
696 1069 727 1129 id
747 1070 832 1143 quod
851 1070 984 1145 praebet
1001 1071 1143 1131 Latonae
1155 1071 1300 1145 vagatio,

27 1165 58 1224 in
89 1166 216 1240 hymno
239 1172 367 1244 quarto,
399 1169 505 1230 multo
528 1171 656 1231 auctius
679 1186 777 1243 quam
801 1171 832 1231 id
855 1172 1094 1247 fecerat'poeta
1117 1171 1301 1232 homericus

28 1267 58 1326 in
82 1267 207 1342 hymno
230 1269 270 1329 ad
294 1269 491 1346 Apollinem,
516 1272 675 1346 exposita.
696 1271 734 1331 In
751 1287 814 1346 qua
833 1275 995 1334 terrarum
1014 1275 1207 1348 urbiumque
1227 1289 1300 1334 enu-

28 1370 208 1430 meratione
229 1384 325 1446 saepe
347 1372 490 1446 profecto
515 1374 628 1433 contra
646 1373 812 1433 fabulosas
835 1375 936 1435 etiam
955 1376 1141 1451 tempomm
1158 1375 1301 1436 rationes

27 1471 109 1530 mire
137 1472 295 1545 peccavit.
319 1472 371 1532 lta
393 1488 441 1533 vs.
458 1475 518 1533 101
540 1477 764 1535 memorantur
787 1475 899 1536 Helice
919 1476 1130 1548 Ποσειδάωνος
1149 1474 1248 1555 ἑταίρη
1268 1479 1302 1538 et

28 1572 112 1633 Bura
133 1572 313 1650 Δεξαμεοοῖο
325 1573 481 1653 βοόοοοοις
496 1573 656 1652 Oleniden,
675 1591 874 1650 quamquam
894 1579 1065 1639 constabat
1076 1579 1160 1654 apud
1172 1594 1300 1656 omnes,

28 1678 104 1736 tunc
138 1676 270 1750 quidem
306 1677 451 1738 nondum
485 1680 562 1738 nato
596 1678 757 1754 Apolline,
790 1695 952 1754 nusquam
984 1681 1134 1742 extitisse
1165 1683 1300 1758 Buram,

28 1778 143 1853 quippe
167 1792 266 1851 quam
290 1779 520 1854 aeognomine
540 1780 686 1854 nympha
704 1779 864 1855 Apollinis
883 1784 980 1857 nepte
999 1798 1118 1843 nomen
1138 1783 1301 1858 accepisse

27 1878 116 1939 fama
139 1882 236 1940 esset.
261 1881 371 1955 Neque
393 1882 504 1941 minus
524 1882 672 1956 ineptum
691 1883 761 1942 erat
780 1897 911 1943 narrare
930 1883 1078 1958 Ephyrae
1099 1885 1196 1958 atque
1208 1883 1300 1944 Troe·

28 1979 117 2040 zonis
140 1980 263 2041 incolas
286 1980 403 2042 Delum
425 1983 568 2043 insulam
592 1983 715 2043 vidisse
734 1986 911 2058 vagantem
935 1988 993 2056 (vs.
1019 1986 1086 2062 41),
1113 1986 1301 2060 quasivero

28 2080 202 2142 Tantalum
228 2082 381 2158 Pelopem
404 2084 567 2146 Troezena
590 2087 666 2146 ante
688 2085 872 2161 Apollinem
893 2089 988 2147 natos
1009 2103 1081 2148 esse
1100 2087 1303 2163 mythologie

28 2183 157 2245 doceret
186 2179 224 2258 ¹);
257 2186 309 2246 vel
341 2186 442 2246 etiam
472 2186 620 2247 consulto
648 2202 780 2247 monere
813 2186 968 2248 lectorem
997 2188 1060 2258 (IV.
1087 2190 1140 2259 48)
1169 2189 1300 2249 tandem

28 2284 198 2346 devenisse
229 2286 386 2347 Latonem
418 2287 458 2347 ad
489 2286 592 2364 νήσοιο
624 2286 784 2366 διάβροχον
811 2287 899 2347 ὕδατι
922 2288 1033 2366 μαστὸν
1058 2290 1234 2369 Παρθενίης
1258 2325 1300 2332 --

30 2384 133 2462 ,edne
152 2385 208 2467 γὰρ
227 2385 281 2466 ἔην
300 2387 437 2465 Σάμος”,
458 2391 491 2449 et
512 2390 625 2449 eodem
643 2404 740 2449 versu
759 2405 942 2451 memorare
960 2393 1123 2467 nymphas
1142 2392 1300 2467 Mycalen·

28 2505 80 2550 see
111 2506 231 2565 easque
261 2492 366 2552 dicere
394 2489 526 2571 γείτονος
558 2491 710 2570 Ἀγκαίου,
736 2492 791 2566 qui
814 2507 886 2567 rex,
913 2508 955 2552 ex
977 2494 1176 2568 Argonautis
1200 2510 1299 2569 unus,

28 2591 142 2652 multis
165 2593 299 2654 demum
320 2594 395 2668 post
419 2593 580 2654 aetatibus
604 2594 689 2653 vixit
714 2587 746 2664 ²).

70 2693 192 2754 Verum
223 2695 252 2754 si
278 2694 358 2755 talia
387 2709 484 2770 saepe
508 2698 640 2769 peccata
663 2695 830 2756 commisit
851 2698 947 2771 poeta
971 2730 1011 2739 -
1036 2698 1167 2772 augebit
1189 2699 1301 2758 autem

28 2797 161 2872 seriem,
183 2797 213 2856 si
231 2797 316 2856 tanti
328 2795 500 2872 videbitur,
509 2787 615 2856 ¹lector
625 2797 733 2870 quivis
747 2830 779 2838 -
802 2796 881 2871 ipsis
894 2810 1127 2871 nonnunquam
1141 2797 1302 2859 erroribus

28 2899 133 2974 arguit
157 2898 387 2972 antiquissima
409 2912 445 2957 se
468 2899 587 2972 petere.
613 2897 732 2971 Surget
751 2911 793 2957 ex
814 2898 1012 2958 carminibus
1032 2901 1156 2974 priscae
1176 2900 1300 2975 patriae

27 3000 149 3075 imago,
181 2999 213 3060 id
244 2999 354 3071 studet
384 3002 480 3074 atque
511 3002 610 3075 optat.
635 3000 845 3060 Partheniam
868 3003 1044 3078 memorat,
1073 3017 1137 3062 non
1161 3003 1298 3076 Samon3

26 3102 72 3161 sic
95 3101 185 3161 enim
208 3102 241 3161 in
265 3102 421 3162 auditoris
441 3102 588 3161 animum
609 3103 780 3163 revocatur
799 3102 1009 3162 sanctissima
1028 3105 1125 3177 atque
1146 3103 1299 3177 antiquis·

27 3202 112 3262 sima
127 3203 288 3263 memoria
306 3202 449 3277 Virginis
469 3202 616 3279 Iunonis,
638 3217 720 3277 quae
741 3203 826 3263 clam
848 3202 881 3263 in
900 3202 1007 3264 insula
1026 3204 1202 3265 Parthenia
1221 3205 1298 3264 olim

26 3307 150 3366 summi
183 3305 235 3366 dei
266 3321 377 3366 amore
407 3305 567 3366 frueretur
601 3303 664 3380 ,dg
695 3326 724 3363 τε
757 3304 833 3375 Ζεὺς
864 3302 973 3383 ἐράτοζε
996 3304 1181 3383 τριηκοσίους
1201 3303 1299 3366 ἐνιαυ-

26 3407 116 3478 τούς”
131 3400 163 3478 ³).
184 3441 223 3450 —
242 3408 348 3468 Intrat
366 3407 546 3467 errabunda
566 3406 692 3466 Latona
710 3406 915 3467 Thessaliam
936 3411 994 3477 (vs.
1019 3408 1108 3477 loti:
1133 3414 1244 3486 ,ornys
1269 3401 1297 3466 δ’

21 3504 200 3587 Ἅνουρος”.
225 3507 385 3583 Quorsum
410 3509 585 3569 Anaurus?
609 3508 787 3568 Parvulum
810 3507 946 3583 flumen,
971 3523 1074 3582 neque
1095 3509 1180 3569 inter
1203 3508 1298 3568 Thes·

27 3609 128 3670 saliae
148 3609 265 3670 duvios
284 3611 453 3685 praecipue
470 3609 698 3670 memorabile!
720 3611 766 3670 At
782 3608 895 3684 Ceycis
915 3612 1020 3670 morte
1040 3610 1298 3684 nobilissimum;

28 3727 119 3787 nam,
145 3713 180 3772 ut
205 3713 313 3773 estin
337 3712 434 3772 Scuto
457 3711 617 3772 Hesiodeo
642 3715 701 3781 (vs.
727 3712 803 3782 477)

61 3930 136 3992 1)11ο
157 3945 233 3980 versu
258 3932 310 3992 (iv.
334 3928 377 3996 41)
395 3945 453 3979 cnm
474 3935 595 3995 Τροιζῆνος
611 3933 659 3979 tut
676 3930 775 3986 ξάοοοιο
793 3934 887 3980 mutari
904 3933 1005 3980 iuberet
1023 3934 1194 3981 Schneiderus
1211 3933 1300 3994 legens

27 4010 84 4065 ἰοιδξ
93 4011 190 4058 bledae
207 4012 294 4059 nescio
308 4025 340 4058 ιο
358 4013 441 4071 magis
459 4012 536 4060 etiam
550 4026 604 4060 rem
619 4012 773 4060 confuderit
792 4014 892 4060 Anthen
907 4013 975 4060 enim
993 4013 1165 4060 callimachus
1179 4014 1223 4060 dlu
1241 4012 1301 4074 poet

27 4090 90 4138 haec
114 4094 231 4151 tempore
253 4092 382 4139 viventem
405 4095 531 4139 memoret
554 4093 584 4139 ir.
608 4093 669 4149 369,
692 4092 736 4151 qui
758 4092 835 4139 heroe
853 4096 877 4138 tn
897 4094 1017 4155 Τροιζῆνος
1033 4089 1149 4155 μοιῴκηοο
1165 4095 1242 4154 λαβὼν
1259 4092 1300 4151 τὴν

28 4173 141 4228 Aenum
157 4174 236 4233 φὺλην.
254 4171 335 4218 hieior
352 4174 438 4218 nutem
456 4171 553 4218 Authee
571 4172 615 4231 qui
632 4171 744 4231 Neptuni
760 4171 830 4218 illiue
848 4175 904 4217 eret
921 4170 1008 4232 (Pane.
1025 4172 1059 4219 11.
1078 4171 1103 4232 T)
1126 4174 1225 4230 partem
1243 4174 1299 4218 ten·

29 4254 82 4298 tum
109 4248 224 4298 condidit
248 4250 305 4297 eius
328 4250 399 4296 urbis
424 4263 502 4309 qnam
528 4254 619 4310 postea
646 4252 760 4298 Troezen
786 4251 857 4297 suxit
879 4263 978 4309 suoque
1001 4251 1103 4297 nomine
1120 4252 1226 4297 ornavit
1244 4251 1299 4298 Hoc

29 4330 106 4388 igitur
127 4328 252 4389 oppidum
276 4330 298 4376 ei
320 4329 433 4376 iudicare
456 4330 580 4377 voluisset
603 4328 776 4376 callimachus
795 4341 887 4389 parum
904 4333 973 4377 recte
991 4329 1017 4376 id
1036 4330 1190 4390 ηΤοοοοοοο,
1206 4330 1299 4378 Antbei

29 4407 135 4457 nrbem”
152 4411 333 4468 nuncupasset

61 4484 81 4548 ²)
98 4489 198 4537 Nomen
221 4490 316 4536 Δοοοοί
339 4489 503 4544 memorarit,
525 4491 555 4534 ut
573 4488 699 4536 indiceret
715 4487 748 4534 ab
767 4501 798 4534 eo
818 4487 928 4534 insulem
946 4501 1039 4535 novum
1058 4488 1189 4547 accepisse
1207 4501 1299 4535 nomen

30 4563 113 4628 (Pane.
131 4567 187 4615 vn.
205 4570 228 4614 4.
245 4564 281 4631 2).

60 4641 81 4709 3)
99 4647 131 4694 fr.
150 4648 189 4694 20.
208 4649 240 4694 oi.
259 4648 290 4694 fr.
308 4648 367 4695 218:
387 4649 436 4694 ἀντὶ
455 4649 499 4710 γὰρ
517 4650 615 4706 tulitin
628 4647 745 4708 ”Ιμρ1ροοο
765 4651 908 4710 Heptalou.
