3104 5286
833 426 875 490 94

443 623 490 702 Τῷ
513 640 548 696 με
571 617 734 701 Κανωπίτᾳ
757 618 934 679 Καλλίστιον
957 618 1050 680 εἴκοσι
1073 620 1179 697 μύξαις

484 719 629 780 πλούσιον
652 715 671 777 ἆ
694 718 818 797 Κριτίον
841 719 951 798 λύχνον
974 718 1066 798 ἔθηκε
1088 726 1166 805 θεῷ,

440 817 585 898 εὐξαμὲνα
608 817 675 898 περὶ
697 818 805 892 παιδὸς
829 820 1001 893 Ἀπελλίδος·
1026 818 1055 894 ἐς
1079 817 1106 882 δ’
1134 821 1190 899 ἐμὰ
1214 821 1311 904 φέγγη

485 919 622 999 ἀθρήσας
644 921 758 999 φήσεις·
786 918 925 1000 ,,Ἕσνιερε
947 931 1011 996 πῶς
1034 922 1168 997 ἔπεσες;”

217 1027 306 1101 Quod
337 1040 468 1086 carmen
499 1025 609 1084 iussus
640 1039 660 1084 a
691 1023 809 1084 Critiae
839 1040 941 1086 uxore
971 1040 1047 1085 oum
1077 1026 1212 1104 faceret,
1242 1043 1366 1088 novum
1394 1043 1480 1101 quem

216 1129 295 1188 tunc
317 1126 534 1186 Alexandriae
557 1125 772 1185 instituerunt
795 1126 959 1201 Sarapidis
975 1127 1101 1187 cultum
1121 1130 1255 1189 omnino
1280 1144 1346 1190 non
1369 1131 1480 1204 specta·

216 1229 273 1289 bat
296 1230 400 1302 poeta.
424 1227 553 1287 Iamdiu
570 1227 680 1287 tloruit
699 1227 863 1301 Sarapidis
882 1243 1013 1289 sacrum
1034 1227 1272 1290 Oanobitanum
1292 1233 1370 1290 ante
1390 1230 1482 1290 Ptole-

218 1346 386 1393 maeorum
415 1331 564 1403 tempora
594 1329 627 1388 et
658 1331 860 1390 memoratur
890 1330 1058 1389 oraculum
1090 1328 1210 1391 Oanobi
1244 1332 1285 1392 ab
1320 1331 1483 1392 Heraclide

216 1433 351 1493 Pontico
373 1427 407 1504 ¹);
432 1432 530 1491 deum
558 1446 634 1491 vero
658 1429 909 1507 Oanobitanum,
935 1433 1027 1492 ouius
1049 1434 1215 1508 proprium
1237 1448 1360 1494 nomen
1384 1433 1484 1493 nescio

217 1551 260 1596 an
279 1535 426 1596 consulto
446 1534 592 1608 omittat,
614 1547 678 1592 non
698 1547 772 1592 cum
789 1533 939 1608 Plutone,
959 1549 1076 1594 verum
1088 1549 1161 1595 cum
1175 1535 1371 1610 Aesculapio
1384 1537 1486 1595 noster

217 1639 383 1713 componit
405 1640 494 1706 (nam
517 1635 556 1695 de
579 1633 638 1694 filii
660 1633 767 1694 salute
790 1634 887 1694 deum
907 1636 976 1695 adit
994 1635 1178 1696 collisorum
1200 1629 1243 1706 'll
1267 1636 1357 1711 Quod
1378 1650 1486 1711 operae

217 1740 358 1814 pretium
390 1738 441 1797 est
470 1738 656 1811 observare,
681 1736 758 1809 quia
781 1751 819 1797 eo
841 1738 989 1810 apparet,
1015 1739 1175 1810 quantum
1199 1737 1286 1798 absit
1308 1740 1348 1798 ut
1371 1752 1485 1799 novum

217 1840 309 1900 illum
334 1841 445 1914 deum,
471 1853 568 1912 quern
592 1836 858 1898 commendatum
882 1837 1114 1898 Alexandrinis
1134 1838 1264 1900 videbat
1285 1842 1345 1900 aut
1365 1854 1485 1914 accepe-

217 1942 261 2000 rit
284 1943 341 2001 aut
364 1941 560 2015 cognoverit.
586 1939 717 2012 Sarapis
740 1939 842 2014 onim,
868 1940 922 2013 qui
942 1954 1016 1999 oum
1037 1939 1230 2015 Aesculapio
1250 1941 1297 2002 nil
1316 1942 1485 2016 quidquam

218 2042 359 2103 habebat
378 2058 566 2118 commune,
588 2057 663 2102 oum
683 2042 787 2101 semel
799 2040 1033 2101 Alexandriam
1056 2045 1206 2117 receptus
1228 2045 1332 2119 esset,
1347 2043 1485 2117 dignum·

219 2159 283 2218 que
312 2147 404 2204 tanto
435 2143 494 2203 deo
518 2143 642 2203 cultum
666 2143 859 2217 accepisset,
885 2142 1015 2203 Plutoni
1038 2142 1172 2218 Graeco,
1199 2145 1292 2204 cuius
1317 2144 1420 2204 indoli
1442 2159 1485 2218 op·

219 2248 300 2306 tirne
334 2245 563 2321 respondebat,
598 2260 679 2304 mox
710 2260 729 2304 a
758 2244 959 2319 mythologie
990 2245 1191 2319 compositus
1222 2247 1282 2305 est.
1306 2245 1408 2319 “Quod
1430 2259 1486 2305 non

164 2391 169 2396 -
219 2349 372 2422 ignorans
406 2346 626 2407 Callimachus
655 2346 712 2405 sed
736 2346 923 2421 neglegens,
957 2346 1175 2420 antiquiorum
1206 2345 1303 2405 tidem
1337 2347 1446 2421 sequit
1480 2391 1486 2404 .

219 2449 342 2522 Nempe
365 2448 443 2508 olim
461 2446 632 2521 intemplo
651 2446 859 2521 Memphitioo
882 2462 948 2506 una
967 2462 1041 2507 cum
1062 2448 1215 2521 Sarapide
1236 2447 1405 2507 colebatur
1417 2448 1487 2508 deus

219 2551 368 2624 Imhotep
396 2565 492 2624 quem
520 2549 633 2609 Graeci
657 2549 889 2623 Aesculapium
913 2550 1077 2625 dicebant,
1103 2551 1195 2610 ouius
1215 2549 1405 2626 Aesculapii
1428 2564 1486 2610 ora·

220 2652 329 2713 culum
349 2651 581 2725 multomagis
604 2666 704 2724 quam
727 2651 864 2710 Osiridis
883 2652 1005 2711 mortui
1026 2652 1211 2727 (Sarapidis)
1237 2652 1347 2713 uultus
1365 2652 1488 2727 propria

217 2769 316 2814 causa
344 2753 407 2812 fuit
434 2754 564 2827 propter
587 2768 686 2826 quarn
711 2752 888 2827 Serapeum
912 2753 1158 2826 Memphiticum
1181 2754 1274 2813 tanto
1297 2754 1362 2813 fuit
1385 2754 1420 2812 in
1442 2752 1488 2811 bo·

216 2870 293 2915 nore
315 2848 336 2924 ³)
372 2853 566 2928 Dempserat
596 2854 755 2928 paulatim
786 2854 979 2928 Aesculapio
1011 2854 1117 2915 vicino
1141 2869 1200 2914 suo
1224 2853 1349 2928 deoque
1373 2853 1489 2936 σνννάῳ

215 2958 343 3031 partem
366 2955 536 3030 dignitatis
567 2955 670 3015 Osiris
697 2955 902 3031 demortuus,
927 2956 982 3030 qui
1006 2956 1129 3015 oraculi
1147 2955 1305 3016 honorem
1327 2971 1443 3017 secum
1461 2956 1489 3016 et

215 3058 298 3117 alias
340 3056 533 3133 abduxerat,
573 3059 605 3116 et
648 3054 829 3131 Canobum,
873 3056 927 3117 ubi
958 3072 1038 3117 mox
1069 3056 1256 3133 Serapeum,
1292 3071 1488 3132 quamquam

217 3177 273 3236 per
307 3177 343 3221 se
373 3161 453 3221 nihil
484 3161 547 3221 nisi
577 3161 629 3221 dei
657 3161 828 3235 oser-napi
856 3161 1056 3236 sepulcrum,
1083 3158 1269 3233 Aesculapii
1292 3157 1490 3234 Memphitioi

216 3263 392 3323 honoribus
416 3264 567 3322 ornatum
588 3262 749 3323 inclaruit.
774 3263 857 3337 Hoc,
880 3263 1000 3338 opinor,
1023 3261 1145 3336 effecit,
1170 3263 1208 3321 ut
1225 3261 1343 3335 primis
1363 3261 1490 3335 quidem

218 3363 417 3437 temporibus
444 3363 579 3437 Sarapin
599 3363 859 3424 Alexandrinum
878 3378 1005 3438 quoque
1022 3363 1230 3423 Ptolemaeus
1248 3362 1387 3437 eiusque
1408 3363 1490 3423 cives

214 3465 400 3539 Aesculapii
430 3466 463 3524 et
492 3465 624 3524 nomine
655 3468 689 3524 et
718 3465 877 3538 dignitate
901 3466 1067 3539 ornarent,
1102 3463 1203 3523 veluti
1235 3467 1322 3532 (oum
1349 3463 1490 3523 nondum

217 3567 351 3626 inventa
369 3567 458 3626 esset
476 3565 586 3625 fabula
605 3565 644 3624 de
662 3565 800 3625 Plutone
820 3566 1004 3640 Sinopensi,
1026 3565 1135 3625 divino
1154 3565 1246 3624 iussu
1259 3564 1490 3625 Alexandriam

216 3667 363 3737 adducto)
395 3665 528 3727 sedulus
556 3667 765 3727 consiliorum
793 3666 934 3741 Lagidae
961 3667 1112 3727 minister
1136 3668 1233 3741 atque
1252 3667 1363 3726 socius
1382 3665 1489 3726 Deme

250 3956 270 4021 ¹)
290 3960 359 4007 Plut.
376 3958 413 4008 Io.
430 3962 470 4008 2'1.
498 3977 500 3980 ’

248 4037 267 4096 ⁸)
290 4041 474 4100 Aesculapium
502 4041 630 4089 Graecum
661 4044 778 4101 spectare
809 4040 912 4088 ridetur
938 4041 1054 4089 eiusdem
1081 4043 1185 4100 generis
1211 4041 1385 4102 epigramma,
1411 4043 1490 4090 minus

214 4123 301 4167 umen
319 4120 424 4179 elegans
441 4131 470 4167 no
488 4121 528 4178 55,
543 4122 569 4167 in
588 4134 638 4180 quo
655 4124 715 4180 post
731 4121 818 4169 oblato
836 4121 904 4168 dont
921 4124 998 4181 poeto
1015 4124 1232 4182 praetermorem
1250 4122 1394 4170 sourriliter
1408 4123 1491 4171 loom

216 4198 300 4246 addit:
329 4199 372 4258 ,ἢν
395 4196 416 4244 δ’
435 4194 480 4263 ἆρα
504 4203 568 4262 adep
593 4202 632 4246 xci
658 4200 749 4258 μισθὸν
765 4201 876 4260 ducatio,
895 4202 952 4262 ppei
970 4198 1116 4264 πσρὸξισθαι
1133 4206 1263 4265 μαρτυρὶην
1281 4204 1293 4247 ὁ
1313 4198 1408 4254 ntmssff'
1426 4202 1491 4250 Alias

214 4279 240 4326 in
259 4279 439 4326 Oallimsoheis
456 4280 604 4339 Aesculapii
622 4293 715 4326 nomen
734 4293 784 4326 non
803 4280 923 4327 ooourrIt.

248 4354 267 4415 ³)
285 4358 323 4405 Os.
341 4359 466 4417 Brugsolr.
486 4356 539 4405 ael.
557 4375 580 4406 ν.
600 4357 679 4420 Myra.
698 4357 722 4405 d.
736 4357 782 4406 all.
799 4357 858 4420 Δις.
876 4373 901 4419 p.
922 4358 1046 4405 bid—28.
1065 4357 1369 4419 Aesoulspius·1mbotep
1393 4360 1491 4421 inipso

215 4439 327 4498 Ssrspeo
350 4439 484 4486 invooatnr
506 4437 574 4497 quod
597 4440 725 4485 testantur
748 4439 851 4499 papyri,
875 4435 956 4485 veluti
973 4438 1067 4497 Ptpyr.
1090 4437 1153 4485 Brit.
1168 4437 1219 4498 apd
1236 4438 1337 4496 Peyron
1349 4438 1438 4501 papiri
1454 4438 1493 4487 θν.

215 4516 237 4565 d.
265 4513 330 4565 Mus.
355 4516 422 4564 Brit.
449 4519 517 4576 (Tor.
545 4515 622 4581 1841)
649 4519 730 4565 lab
756 4530 782 4578 p.
807 4519 820 4565 'l
843 4519 857 4564 d
879 4522 1006 4577 ασκληπιος
1029 4535 1078 4578 ⁸1⁰⁸
1099 4522 1192 4564 λιθιινα
1218 4517 1325 4578 cumpo
1343 4536 1392 4565 m
1412 4537 1439 4567 ov
1455 4535 1491 4566 cn

214 4612 350 4662 oopomutor
369 4603 426 4651 ιθος
442 4613 490 4644 ωτι
508 4597 615 4644 σπινδιιν
632 4612 673 4644 των
690 4602 823 4657 annianum
841 4598 899 4643 καθ’
917 4614 1014 4661 pauper,
1032 4597 1224 4657 capuanorum
1242 4596 1297 4643 ibid
1313 4610 1405 4657 papyr.
1423 4598 1478 4645 xil.
