3090 5294
61 473 85 530 Ι.
111 474 243 530 53-55
681 473 721 531 27

62 658 182 733 verim;
215 673 313 719 usum
343 660 462 720 saltem
489 658 598 719 minus
620 658 753 719 solitum
778 673 873 718 versu
896 672 956 717 suo
979 657 1129 716 illustrat.
1151 654 1332 714 -Eodem

60 774 158 820 versu
186 760 218 819 in
248 756 391 819 οὔασιν
421 762 508 821 recte
532 776 682 821 normam
712 759 910 821 homericam
934 761 1054 832 servat,
1077 757 1158 817 item
1181 756 1222 816 11.
1250 755 1330 829 105;

60 862 118 923 111.
140 863 201 936 633
226 861 279 922 IV.
302 861 377 938 320,
398 857 1331 937 etfr.3200da16ag,quamobremeaudemiormamfor·

59 965 150 1023 tasse
158 962 269 1022 licebit
275 963 447 1024 restituere
456 964 493 1024 fr.
503 979 597 1025 anon.
609 965 681 1024 102.
691 964 805 1042 μύρσον
818 960 847 1033 ἐς
860 961 1063 1022 οὐατόεντα
1076 977 1132 1036 pro
1141 956 1281 1019 ὠτώεντα.
1290 993 1329 1002 -

58 1064 171 1137 Neque
199 1064 308 1125 minus
331 1067 480 1126 accurate
503 1066 536 1125 in
560 1064 594 1124 εἰ
602 1066 719 1141 otior,
741 1079 941 1138 quamquam
965 1063 1143 1138 composita
1167 1061 1271 1121 forma
1298 1061 1330 1120 iu

60 1166 160 1240 epicis
185 1180 249 1225 non
273 1167 420 1243 occurrit,
442 1189 461 1225 α
492 1168 576 1240 quod
606 1167 736 1242 corripit
754 1167 927 1242 Homerus,
947 1165 1045 1225 breve
1069 1164 1176 1238 habet,
1200 1162 1331 1222 cumin

59 1267 251 1341 compositis
274 1268 375 1328 Attici
397 1269 618 1343 producerent.
642 1270 754 1344 Ipsum
786 1268 1002 1342 compositum
1028 1264 1148 1324 εἱοαΐειο
1174 1278 1230 1338 pro
1257 1260 1331 1320 εἰσα-

59 1368 163 1428 κούειν
195 1369 320 1443 primus
349 1371 474 1430 invenit
503 1370 642 1431 sonasse
674 1370 906 1444 callimachum
931 1369 1081 1429 imitatus
1104 1367 1216 1428 autem
1239 1363 1332 1438 Apol·

59 1470 169 1531 lonius
194 1464 235 1552 (Ι.
262 1472 364 1547 1023;
388 1472 429 1533 Π.
457 1473 542 1542 195.)
565 1472 675 1532 minus
699 1474 785 1533 recte
808 1470 935 1557 εἰσοίσειν
958 1471 1097 1545 scripsit.

104 1673 161 1734 VS.
187 1675 240 1734 55.
287 1670 363 1732 καλὰ
385 1669 439 1751 μὲν
462 1670 558 1752 aegea,
579 1671 654 1734 καλὰ
679 1668 708 1734 δ’
735 1671 858 1753 ἕτραφες
882 1671 1003 1752 οὐράνιε
1027 1675 1096 1749 Ζεῦ,

285 1770 337 1847 ὀξὺ
360 1770 389 1834 δ’
415 1772 580 1854 ἀνήβησας,
601 1773 713 1855 ταχινολ
732 1773 765 1836 δέ
787 1798 833 1836 τοι
854 1766 951 1853 ἦλθον
974 1773 1078 1835 ἴουλοι·

285 1870 343 1935 ἀλλ’
370 1873 411 1935 ἔτι
433 1874 559 1949 παιδνὸς
582 1875 639 1938 ἐὼν
662 1875 813 1956 ἕφρολσσοιο
836 1876 932 1936 πάντα
955 1873 1056 1936 τέλεια·

284 1987 325 2060 τῷ
347 1998 392 2036 τοι
414 1974 464 2037 καλ
486 1976 593 2057 γνωτοὶ
615 1975 839 2058 προτερηγενέες
862 1998 916 2057 περ
940 1975 1035 2048 ἐόντες

285 2075 415 2156 οὐρανὸν
439 2077 494 2139 οὐκ
517 2076 662 2160 ἕμέγηραν
686 2078 760 2158 ἔχειν
783 2077 951 2140 ἕπιδαίσιον
974 2072 1065 2139 οἶκον.

106 2180 189 2240 Cum
213 2180 260 2240 ita
281 2181 473 2253 quantitatis
496 2181 654 2243 varietate
677 2180 775 2253 (καλὸς
806 2180 905 2253 καλός)
930 2195 1062 2241 versum
1087 2180 1216 2264 ornaret
1239 2177 1334 2252 poeta

57 2281 158 2361 (quod
182 2283 311 2356 copiosa
333 2283 477 2344 doctrina
501 2284 713 2345 Schneiderus
736 2285 887 2356 defendit)
907 2285 1014 2359 opicae
1034 2284 1172 2344 fortasse
1191 2279 1334 2339 rationes

58 2385 268 2458 sequebatur.
308 2384 418 2458 Neque
460 2400 536 2446 vero
570 2386 622 2445 his
656 2386 803 2447 versibus
836 2387 939 2461 ipsius
976 2384 1111 2445 Homeri
1146 2380 1332 2454 exemplum

59 2486 221 2561 sequitur.
252 2486 321 2546 Non
352 2487 440 2547 enim
469 2487 648 2548 Homerum
679 2491 820 2564 tantum,
856 2503 969 2549 verum
1000 2486 1179 2548 Hesiodum
1208 2496 1334 2556 quoque

48 2590 163 2665 ,etiarn
192 2590 289 2662 atque
320 2589 421 2649 etiam
451 2588 646 2649 imitandum
677 2590 737 2650 sibi
768 2591 942 2666 proposuit.
968 2589 1020 2649 Ita
1041 2589 1075 2648 in
1098 2588 1159 2647 hac
1181 2583 1335 2646 carminis

58 2693 154 2767 parte
177 2689 345 2764 spectabat
367 2690 527 2752 Hesiodea
551 2689 671 2767 (ΤΙιοορ.
696 2692 771 2762 492)

263 2791 454 2870 καρπαλίμως
477 2785 504 2850 d'
530 2786 573 2872 ἄρ’
603 2789 700 2851 ἔπειτα
725 2788 812 2870 μένος
835 2790 886 2851 καλ
908 2790 1036 2868 φαίδιμα
1058 2792 1128 2870 γυῖα

262 2889 402 2970 ι’]ύξετο
425 2897 486 2953 τοῖο
509 2889 643 2966 ἄνακτος·

57 2999 93 3058 et
129 2996 199 3056 iure
233 2997 363 3069 quidem
392 2995 583 3056 iamdudum
612 2997 821 3057 observatum
852 2998 904 3057 est
926 3011 1001 3058 cum
1024 2995 1158 3057 Homeri
1181 3008 1243 3054 usu
1267 3007 1331 3053 non

56 3098 232 3159 convenire
256 3096 489 3158 Callimachum
512 3098 541 3158 si
564 3096 652 3169 καλὸς
675 3101 821 3174 correpta
842 3099 952 3159 littera
972 3121 991 3156 α
1014 3098 1181 3172 σαρίσσαις
1207 3097 1242 3156 at
1264 3095 1331 3154 iam

56 3200 223 3260 Hesiodus
247 3199 287 3259 ad
309 3199 492 3259 Atticorum
516 3201 750 3276 correptionem
773 3202 911 3262 accessit
930 3201 1054 3261 duobus
1077 3200 1156 3260 locis
1176 3197 1264 3272 (opp.
1279 3199 1330 3258 63.

57 3305 93 3362 et
117 3300 225 3373 Τλαορ.
246 3300 331 3370 585.)
351 3315 449 3374 quem
469 3303 601 3362 secutus
624 3305 734 3362 noster
757 3318 854 3362 usum
878 3296 1066 3362 hesiodeum
1083 3316 1158 3362 curn
1170 3300 1332 3361 homerico

58 3402 240 3465 coniunxit.
264 3401 357 3461 Hunc
381 3401 469 3461 euim
492 3402 607 3462 statim
630 3405 704 3478 post
727 3405 852 3477 spectat
876 3402 951 3464 cum
971 3403 1075 3464 forma
1087 3402 1190 3462 utitur
1201 3398 1332 3479 ἔτραφες.

59 3505 167 3581 Quam
197 3504 337 3563 formam
367 3503 513 3563 consulto
536 3504 588 3564 hic
611 3505 786 3566 introducit
808 3506 912 3580 poeta,
935 3520 997 3578 quo
1020 3505 1153 3564 moneat
1176 3503 1334 3563 aoristum

58 3605 191 3685 ἕτραφον
226 3605 434 3666 intransitiva
465 3606 548 3680 apud
579 3606 759 3668 Homerum
783 3608 832 3668 uti
854 3608 1025 3683 potestate,
1050 3606 1169 3666 melius
1192 3604 1333 3679 profecto

58 3709 99 3770 de
125 3723 164 3768 ea
186 3722 221 3767 re
245 3706 391 3767 iudicans
403 3721 513 3781 quam
533 3710 646 3782 postea
666 3709 877 3781 Herodianus,
898 3709 954 3782 qui
973 3708 1013 3768 ad
1028 3709 1065 3768 Φ.
1081 3708 1144 3767 279
1160 3700 1211 3781 ,39
1224 3701 1334 3763 ἐνθάδε

59 3804 84 3889 γ’
106 3801 204 3887 ἔτραφ’
228 3803 365 3886 ἅριστος”
390 3808 525 3882 putabat
547 3807 591 3868 ὅτι
613 3807 646 3868 τὸ
669 3806 781 3888 ἐτράφη
802 3805 988 3888 συναλοιφὴν
1009 3805 1143 3868 πέπονθε
1163 3805 1213 3866 διὰ
1232 3815 1283 3867 τοῦ
1303 3830 1332 3884 η.

60 3909 191 3982 (Herod.
217 3910 266 3969 ed.
290 3909 390 3970 Lentz
413 3910 454 3970 11.
479 3911 554 3972 346.
578 3912 642 3981 39.)

106 4010 212 4072 Versu
245 4012 287 4071 55
318 4011 421 4072 semel
452 4012 549 4085 atque
581 4013 699 4073 iterum
732 4013 772 4073 ab
795 4013 959 4074 homerico
982 4028 1044 4072 usu
1068 4012 1198 4074 recedit.
1221 4013 1334 4072 Iovem

61 4128 139 4175 cum
173 4112 365 4186 adloquatur
399 4113 540 4188 epitheto
575 4129 634 4176 nec
668 4115 831 4177 homerico
874 4116 907 4174 et
940 4115 1080 4175 fortasse
1114 4115 1196 4175 satis
1232 4114 1335 4175 otioso

64 4212 216 4292 ,Odpdva
249 4215 329 4273 Ζεσ”
360 4215 467 4275 nescio
498 4230 540 4275 an
571 4215 654 4277 forte
683 4232 759 4277 eum
780 4217 945 4277 induxerit
968 4215 1138 4291 Hesiodus,
1163 4217 1216 4289 qui
1240 4216 1273 4276 in
1297 4232 1335 4277 ea

61 4316 156 4391 parte
186 4315 341 4377 carminis
367 4331 466 4389 quam
497 4317 626 4392 saepius
657 4319 710 4379 hic
732 4321 843 4380 noster
865 4318 1023 4394 imitatur,
1049 4333 1096 4378 vs.
1120 4318 1196 4394 486,
1220 4318 1258 4378 de
1282 4318 1335 4379 Sa·

59 4420 159 4478 turno
182 4417 311 4478 dixerat

310 4516 465 4602 Οὐρανίδῃ
489 4513 547 4599 μέγ’
574 4516 688 4597 ἄνακτι,
710 4525 791 4581 θεῶν
817 4517 948 4605 προτὲρφ
972 4522 1101 4601 βασιλῆι,

35 4685 37 4687 ,
60 4636 163 4694 quam
186 4620 413 4699 suspicionem,
437 4622 545 4682 levem
567 4637 656 4700 sane,
679 4638 743 4684 non
773 4638 1001 4700 memorarem,
1025 4623 1087 4682 nisi
1112 4623 1196 4697 apud
1208 4624 1334 4683 Atticos
