3104 5286
5 1960 9 2000 ⁸*
106 1975 302 2037 Graecorum
332 1993 528 2053 proavorum
559 1978 751 2052 religionem
784 1978 942 2038 intactam
973 1992 1105 2039 servare
1136 1980 1214 2039 dum
1243 1979 1335 2040 Galli·

67 2077 197 2138 machus
228 2079 392 2139 constanti
415 2079 524 2140 labore
548 2079 716 2140 contendit
739 2094 820 2139 num
843 2094 974 2154 semper
996 2078 1161 2141 faventem
1188 2081 1336 2142 habuerit

65 2193 169 2253 regem
194 2178 443 2255 Philadelphum
466 2182 644 2242 admodum
668 2178 798 2242 diiflcile
822 2182 873 2241 est
892 2180 1078 2242 diiudicare.
1099 2183 1170 2243 Iam
1193 2183 1337 2243 vidimus

63 2279 100 2339 iis
130 2280 187 2354 qui
221 2280 309 2341 solos
339 2296 480 2357 papyros
522 2283 696 2343 consulunt
728 2281 779 2342 vel
811 2282 941 2342 decreta
969 2283 1176 2344 sacerdotum
1206 2285 1337 2360 magnis

62 2381 235 2442 verborum
268 2382 461 2458 ambagibus
495 2383 653 2459 pietatem
683 2383 771 2458 regis
801 2383 834 2442 in
858 2382 935 2442 deos
966 2383 1184 2458 Aegyptiacos
1215 2386 1336 2461 praedi-

62 2483 221 2559 cantium,
253 2483 321 2543 iam
348 2484 555 2545 Pharaonum
586 2484 690 2546 tilium
724 2483 881 2558 Lagidam
911 2482 1052 2544 alterum
1082 2483 1196 2558 videri;
1226 2488 1338 2547 contra

60 2585 87 2644 si
106 2585 210 2645 Musei
229 2587 344 2660 poetas
355 2586 493 2662 priores,
514 2586 752 2648 Callimachum
772 2574 981 2646 Theocritum
1001 2584 1210 2660 Apollonium
1230 2589 1337 2649 audia-

61 2702 150 2762 mus,
171 2685 255 2747 elabi
275 2702 408 2748 omnem
428 2688 602 2750 numinum
621 2688 898 2764 Aegyptiacorum
918 2687 1123 2747 memoriam.
1147 2687 1227 2762 Quid
1240 2690 1337 2763 ergo?

61 2787 352 2850 commiscendane
383 2792 479 2851 emnt
509 2791 677 2865 utriusque
708 2789 837 2865 generis
868 2787 1073 2864 testimonia,
1103 2790 1136 2848 01
1159 2789 1336 2850 assentien-

60 2892 138 2953 dum
170 2890 313 2966 opinioni
343 2891 474 2952 illorum
505 2893 560 2966 qui
592 2892 750 2968 iudicant,
784 2889 1032 2966 Philadelphum
1064 2889 1208 2964 primum
1235 2890 1338 2952 fuisse

60 2994 129 3069 qui,
162 2992 307 3068 epatris
330 2992 382 3052 sui
406 2993 550 3054 consiliis
574 2994 763 3069 deflectens,
793 2992 918 3054 cultum
942 3005 1064 3052 novum
1089 2992 1261 3054 instituere
1284 3009 1337 3054 vo·

60 3094 160 3155 luerit
182 3108 224 3154 ex
247 3093 379 3154 Graecis
402 3096 500 3169 atque
520 3096 730 3172 Aegyptiacis
750 3094 923 3156 elementis
943 3093 1145 3155 conflatum?
1168 3088 1198 3166 ¹).
1223 3095 1338 3156 Fuisse

61 3197 204 3272 constat,
229 3195 262 3255 in
294 3195 380 3271 regis
411 3197 559 3274 consilio,
592 3199 648 3272 qui
671 3197 751 3257 nihil
783 3197 891 3271 magis
914 3199 1098 3274 sperarent,
1124 3199 1268 3274 nullique
1291 3200 1338 3260 rei

61 3298 169 3373 magis
192 3297 362 3358 studerent
383 3313 482 3372 quam
506 3302 544 3360 ut
566 3300 745 3375 Aegyptios
773 3300 851 3360 deos
871 3299 1103 3360 Alexandrinis
1123 3301 1337 3376 imponerent.

62 3401 197 3461 Illorum
228 3398 337 3460 studia
371 3400 438 3461 iam
470 3401 569 3462 verbo
599 3401 780 3477 tetigimus.
812 3400 905 3462 Nunc
933 3402 1117 3463 accuratius
1141 3401 1338 3464 Callimacho

62 3516 265 3578 opponamus
283 3499 353 3572 τοὺς
372 3500 641 3581 Αἰγυπτιάζονιας,
665 3506 825 3579 quatenus
853 3518 895 3563 ex
921 3502 1068 3577 reliquiis
1091 3502 1210 3565 licebit.
1234 3504 1338 3580 Appa-

62 3604 146 3665 rebit
168 3603 203 3662 in
225 3618 325 3678 quam
348 3603 479 3665 diversa
497 3605 710 3666 eruditiorum
733 3605 899 3666 doctrinae
919 3620 956 3665 οο
977 3606 1124 3681 tempore
1143 3621 1208 3666 non
1227 3621 1338 3681 regem

63 3705 171 3766 solum
209 3704 266 3764 sed
305 3704 426 3766 civium
460 3720 587 3781 quoque
618 3707 747 3767 animos
777 3707 949 3767 traxerint.
992 3706 1063 3767 Hoc
1093 3709 1205 3768 tamen
1235 3706 1340 3768 oberit

63 3805 295 3881 disquisitioni,
328 3806 412 3880 quod
439 3807 561 3883 scripta
591 3823 673 3882 quae
704 3807 971 3883 Aegyptiacismo
1002 3807 1129 3886 lavent,
1162 3809 1339 3870 admodum

63 3922 167 3984 pauca
190 3906 284 3968 nobis
306 3910 492 3983 supersunt.
986 3902 989 3909 ’

107 4009 149 4071 nt
182 4009 326 4086 primurn
357 4010 502 4087 quidem,
537 4013 575 4072 ut
606 4010 644 4071 de
676 4010 780 4071 totius
810 4009 977 4085 religionis
1008 4011 1131 4087 origine
1162 4012 1340 4088 disquirere

64 4113 135 4173 eius
177 4111 296 4172 aetatis
338 4111 489 4172 homines
523 4110 734 4188 adamabant,
771 4112 819 4172 ita
853 4112 1038 4174 Hecataeus
1072 4114 1156 4175 hanc
1189 4116 1340 4191 proponit

63 4214 307 4290 quaestionem:
339 4212 531 4289 ,Undenam
561 4213 717 4288 religi0?”
754 4213 903 4289 ,Initio’',
936 4214 984 4274 sic
1013 4214 1080 4275 iere
1107 4216 1223 4276 docent
1247 4232 1338 4294 eum,

97 4460 328 4526 1)11111111011111110
350 4460 551 4520 Philadelphum
576 4458 672 4508 dicenti
697 4457 761 4516 ,den
781 4457 959 4508 Alexandrian
975 4458 1027 4509 aad
1046 4459 1189 4524 Beyrsinder
1204 4461 1248 4511 der
1261 4464 1340 4527 eipen-

61 4544 159 4608 arram
186 4538 365 4591 Miscleuliur”
393 4539 469 4604 (ortt.
497 4539 585 4595 Naodr.
613 4540 687 4600 1⁸94)
720 4539 868 4598 obloquitur
891 4538 1026 4587 literatius
1053 4538 1137 4587 Riein.
1169 4539 1235 4590 Mus.
1265 4544 1340 4606 1897,

63 4638 88 4685 p.
106 4625 148 4671 42.
