3104 5286
861 465 904 526 98

248 668 364 713 causae
383 653 552 727 theologos
572 652 711 712 Graecos
731 653 950 728 adduxerunt,
972 655 1171 728 antiquiores
1190 655 1288 730 alias,
1309 655 1393 716 aliae
1409 670 1495 716 recen·

246 755 355 814 tiores.
376 754 523 813 Primum
543 753 630 813 enim
650 754 704 827 qui
722 753 806 814 inter
827 754 1036 830 philosophos
1058 758 1116 817 aut
1135 772 1208 816 cum
1230 757 1497 832 religioneplaoita

247 871 307 915 sua
341 855 525 929 conciliare,
561 856 619 914 aut
650 854 771 914 auxilio
802 855 1025 930 philosophiae
1056 857 1245 932 religionem
1271 858 1387 919 tollere
1410 858 1498 919 conati

246 959 351 1030 erant,
384 956 424 1016 ad
462 956 614 1030 physicas
651 971 767 1015 causas
804 958 974 1031 populares
1008 960 1084 1019 deos
1108 959 1299 1034 referentes,
1330 959 1364 1019 hi
1388 975 1498 1034 omnes,

246 1059 397 1133 quamvis
428 1058 545 1117 acriter
574 1057 633 1117 tali
662 1058 842 1118 confusioni
872 1075 969 1134 saepe
1001 1061 1070 1134 ipse
1101 1061 1208 1122 cultus
1239 1061 1410 1122 resisteret
1431 1076 1500 1121 con·

246 1162 384 1221 miscere
417 1160 451 1218 in
485 1174 586 1218 unum
621 1158 767 1218 diversos
797 1159 874 1219 deos
905 1167 1089 1236 coeperant,
1123 1161 1278 1237 Cybelen,
1310 1165 1501 1236 matremque

246 1264 380 1322 deorum
415 1276 490 1321 curn
521 1261 611 1320 Rhea
642 1261 887 1336 coniungentes,
919 1261 1107 1323 Demetrsm
1138 1279 1212 1323 oum
1236 1264 1342 1338 Gaea3
1368 1264 1501 1324 Artemin

245 1380 332 1424 nunc
361 1363 516 1436 Hecates,
540 1377 626 1422 nunc
650 1360 781 1421 Selenes
804 1363 935 1423 nomine
959 1367 1196 1441 nuncupantes,
1221 1367 1408 1441 Apollinem
1432 1366 1501 1426 Hell-

245 1481 364 1539 umque
384 1480 448 1525 non
468 1464 588 1538 solum,
614 1463 670 1522 sed
692 1464 793 1522 etiam
805 1463 989 1538 Apollinem
1002 1481 1040 1526 ac
1051 1466 1245 1542 Dionysum,
1259 1484 1340 1528 mox
1352 1468 1501 1528 Bacchum

245 1572 341 1642 atque
364 1567 536 1627 Plutonem
561 1566 738 1626 conflantes
762 1566 795 1625 ln
815 1582 928 1626 unum.
961 1567 1025 1627 Res
1049 1569 1082 1627 in
1105 1569 1374 1644 philosophorum
1397 1570 1501 1630 scholis
1544 1644 1545 1647 Ἴ

245 1671 311 1728 iarn
335 1670 389 1729 diu
414 1668 632 1728 usitatissima
654 1667 772 1742 iuerat,
806 1669 958 1741 quoniam
983 1669 1131 1743 singulae
1155 1672 1270 1745 cuique
1293 1671 1501 1746 philosophiae

246 1786 284 1830 ea
317 1771 384 1831 iere
418 1770 489 1830 sola
519 1769 572 1828 via
603 1769 735 1843 patebat
765 1769 805 1829 ad
837 1769 1096 1844 interpretandas
1128 1771 1267 1832 traditas
1294 1773 1500 1847 mythologiae

244 1873 388 1947 fabulas3
416 1872 473 1932 sed
500 1885 603 1945 nuper
634 1872 780 1930 creverat
803 1885 877 1930 oum
902 1871 1055 1931 universa
1077 1874 1159 1933 ratio
1183 1874 1339 1948 physicae
1363 1876 1499 1949 interpre·

243 1974 378 2034 tationis
420 1975 492 2032 turn
535 1971 782 2045 syncretismus.
822 1971 906 2031 Nam
942 1973 1085 2046 primum
1119 1973 1306 2035 Academici
1341 1975 1499 2050 praeeunte
1543 2004 1545 2011 <

244 2074 427 2134 Xenocrate
456 2074 563 2133 totum
592 2073 725 2133 deorum
757 2072 953 2132 Graecorum
984 2076 1113 2134 costum
1143 2091 1199 2150 per
1222 2076 1387 2138 elementa
1410 2077 1496 2137 distri·

243 2176 395 2251 buerunt,
421 2175 518 2235 deum
542 2189 614 2233 esse
639 2174 791 2234 docentes
818 2172 889 2249 ,rou
908 2172 1050 2252 οὐρανὸν,
1069 2173 1206 2248 καὶτοὺς
1226 2175 1352 2256 ἀστέρας
1368 2178 1496 2256 πυρώδεις

244 2274 407 2354 diupoleos*
441 2273 533 2346 θεοὺς
569 2271 620 2333 nal
650 2271 766 2353 ἑτέρους
796 2272 1015 2353 benesintune,
1045 2277 1189 2355 δαίμονας
1221 2275 1400 2355 ἄοράτους”.
1430 2282 1495 2340 Tum

244 2377 338 2439 facile
373 2376 543 2436 videbatur
576 2376 610 2435 in
644 2391 703 2435 suo
738 2392 898 2451 quemque
929 2378 1090 2440 elemento
1121 2380 1198 2440 deos
1230 2382 1397 2443 collocare.
1429 2384 1494 2442 Zeus

244 2481 390 2554 aethera,
424 2479 460 2538 ut
493 2493 550 2553 par
585 2479 668 2553 erat,
705 2477 835 2554 accipit,
868 2478 955 2540 Hera
985 2495 1094 2541 aerem
1121 2482 1322 2560 inferiorem,
1356 2483 1494 2545 Poseidon
1544 2554 1545 2559 ἵ

243 2582 392 2655 humida;
428 2583 462 2640 et
496 2595 569 2640 ecce
604 2581 745 2653 Zagreus
780 2579 834 2639 ille
868 2579 1042 2658 Dionysos,
1075 2583 1235 2657 siquidem
1266 2586 1383 2660 Apollo
1410 2586 1493 2646 solen

242 2687 354 2746 lunam
375 2686 520 2745 Artemis
540 2684 677 2758 obtinet,
703 2698 809 2742 nonne
832 2699 874 2742 ex
898 2684 1052 2758 dispersis
1075 2686 1168 2759 quasi
1190 2686 1350 2746 membris
1373 2686 1493 2762 simplex

242 2788 348 2848 iactus
379 2787 458 2847 deus
489 2786 542 2846 ille
574 2785 737 2860 putandus
769 2787 851 2860 erat,
878 2787 969 2846 cuius
991 2785 1118 2848 lucidus
1149 2788 1300 2863 splendor
1324 2787 1494 2863 peremnia

242 2890 349 2949 sidera
369 2890 438 2948 erat
457 2887 643 2963 dispersus?
658 2879 678 2955 ¹)
699 2885 787 2945 Haec
806 2885 1006 2947 Xenocrates
1029 2903 1071 2948 ex
1090 2891 1182 2964 parte
1201 2888 1322 2950 saltem
1344 2890 1494 2951 Platonem

242 2993 387 3066 secutus,
431 2990 487 3049 sed
528 2989 636 3047 minus
670 2989 819 3047 accurate
854 3003 952 3061 quam
986 2989 1117 3050 scholae
1152 2991 1301 3065 princeps
1339 2992 1493 3052 discrimen

241 3096 326 3153 inter
345 3092 452 3151 varios
472 3091 548 3149 deos
567 3089 763 3163 mythosque
782 3088 968 3150 observans.
989 3093 1034 3150 At
1052 3092 1157 3152 multo
1176 3093 1284 3166 magis
1304 3094 1399 3153 auxit
1416 3093 1494 3153 huius

237 3190 474 3267 'interpretandi
498 3192 625 3265 generis
648 3191 877 3250 auctoritatem
897 3191 1008 3251 schola
1029 3193 1227 3268 Stoicorum,
1250 3194 1305 3267 qui
1326 3194 1495 3269 diligentius

242 3310 339 3368 quam
364 3292 463 3352 ceteri
485 3292 666 3367 philosophi
691 3291 810 3365 placita
832 3307 892 3351 sua
914 3293 1089 3353 studebant
1114 3294 1285 3354 conciliare
1309 3311 1383 3356 curn
1410 3293 1495 3368 religi·

243 3412 303 3455 one
327 3395 422 3469 vulgo
446 3395 587 3467 recepta,
613 3393 668 3466 qui
688 3394 821 3452 cunctos
845 3393 933 3452 cives
956 3408 1033 3453 suos
1056 3409 1135 3454 vera
1157 3396 1319 3469 sapientia
1342 3398 1496 3457 instituere

243 3498 348 3557 multo
379 3495 545 3556 ardentius
573 3493 744 3568 cupiebant
772 3509 870 3568 quarn
893 3495 1024 3555 scholae
1051 3496 1258 3570 antiquiores.
1285 3498 1353 3558 Nec
1377 3499 1496 3565 mirum

243 3615 348 3659 nonne
382 3598 443 3657 fuit
484 3611 612 3670 semper
647 3596 763 3655 Stoicis
793 3596 855 3656 hoc
892 3596 1073 3673 decretum,
1109 3599 1179 3659 viro
1213 3614 1287 3659 vere
1322 3600 1497 3676 philosopho

242 3713 449 3762 communem
473 3698 650 3757 utilitatem
671 3697 817 3772 propriae
841 3713 913 3758 esse
937 3699 1209 3774 anteponendam,
1235 3716 1377 3776 eumque
1401 3704 1498 3763 decere

243 3801 395 3877 quidquid
419 3799 622 3874 philosophia
645 3799 724 3858 duce
747 3815 803 3873 pro
827 3815 903 3859 vero
928 3801 1146 3877 explorasset,
1172 3804 1415 3865 communicare
1438 3816 1499 3864 cum

243 3904 428 3964 hominibus
462 3902 571 3961 minus
602 3900 760 3960 eruditis?
799 3899 949 3961 Ceterum
988 3904 1120 3978 accepta
1157 3904 1224 3963 iam
1259 3907 1344 3979 apud
1375 3906 1499 3967 Alexan·

241 4008 351 4067 drinos
381 4003 648 4064 Academicorum
684 4002 929 4075 Stoicorumque
959 4005 1042 4063 ratio
1076 4005 1226 4079 physica,
1262 4005 1441 4082 Hecataeo,
1472 4006 1500 4063 ut

242 4110 397 4182 vidimus,
434 4106 466 4165 ln
497 4103 739 4178 interpretanda
768 4104 977 4178 cosmogonia
1006 4105 1095 4165 viam
1118 4109 1369 4168 monstraverat.
1403 4111 1500 4182 Aeque

242 4213 335 4286 grata
357 4210 419 4269 init
438 4207 602 4281 omnibuS,
634 4205 689 4279 qui
713 4221 754 4265 ex
780 4205 876 4265 istius
899 4207 1018 4266 aetatis
1040 4207 1184 4267 moribus
1211 4209 1417 4283 singularum
1439 4223 1500 4286 gen·

241 4313 324 4373 tium
348 4312 425 4370 deos
448 4308 541 4382 quasi
563 4307 660 4365 unius
684 4307 852 4366 cuiusdam
877 4306 978 4366 divini
997 4307 1151 4369 elementi
1171 4309 1333 4383 imagines
1357 4312 1501 4386 accipian·

242 4416 299 4474 dos
329 4411 496 4488 putabant.
528 4409 612 4468 Hinc
642 4408 724 4468 alter
754 4409 892 4468 alterum
924 4409 1045 4469 imitati
1077 4411 1238 4471 iterabant
1267 4412 1412 4474 Stoicam
1443 4414 1500 4473 doc·

245 4551 459 4565 ,-,.,-.-.-.

277 4636 294 4703 ¹)
307 4637 377 4684 Stob.
395 4635 448 4681 Ecl.
466 4634 487 4680 1.
506 4635 550 4690 ⁶²3
567 4633 619 4680 (lic.
640 4630 695 4678 Nat.
713 4631 784 4678 Deor.
803 4633 823 4679 Ι.
844 4633 874 4679 13
885 4668 890 4679 .
901 4634 940 4681 ³4.
