3068 5288
667 448 708 505 69

10 658 11 685 1
85 634 193 707 secutus,
224 631 368 693 deflectit
398 635 509 700 noster
539 632 578 692 ah
610 633 775 693 homerico
798 634 894 707 poeta
917 633 950 691 in
973 632 1154 693 inventoris
1177 635 1319 693 nomine.

82 728 164 793 Nonne
185 733 361 794 verisimile
384 736 435 795 est
458 735 623 795 invenisse
643 750 719 795 eum
739 734 823 809 apud
843 735 931 809 ipsos
954 733 1023 794 Deli
1048 734 1171 795 incolas
1194 735 1319 794 famam

80 829 197 896 inventae
220 836 260 895 ab
284 837 354 912 ipso
378 836 528 911 Apolline
550 836 641 914 lyrae
662 840 695 896 et
717 837 871 896 inventae
893 835 1023 909 quidem
1047 836 1081 895 in
1101 836 1172 911 ipsa
1192 836 1320 896 insula?

9 967 16 1061 ι
77 931 222 999 Variabant
252 938 341 998 enim
372 938 412 998 de
441 939 504 999 hac
531 954 566 999 re
590 939 771 1014 opiniones,
797 953 874 999 nam
898 939 1022 998 scimus
1045 936 1216 997 Thebanos
1239 937 1319 996 Am·
1411 1020 1412 1023 Ἴ

73 1035 156 1107 phioni
178 1040 377 1123 inventionis
401 1040 531 1101 laudem
562 1041 731 1116 tribuisse,
756 1041 826 1100 sive
850 1039 946 1115 plane
969 1039 1109 1115 invenit,
1134 1039 1205 1099 sive
1229 1040 1318 1113 quat·

10 1152 11 1155 *
73 1139 124 1199 toor
149 1142 281 1203 chordis
312 1144 379 1203 tres
409 1144 529 1205 adiecit
559 1158 661 1204 novas
691 1136 722 1210 ¹).
758 1143 795 1202 ln
831 1143 955 1203 incerta
989 1143 1100 1201 autem
1135 1156 1170 1200 re
1204 1143 1320 1216 poetae

68 1240 166 1312 placuit
203 1245 265 1305 hac
303 1260 429 1319 quoque
467 1244 571 1319 gloria
600 1244 720 1305 donare
751 1243 843 1303 illam
872 1242 1016 1304 insulam
1051 1256 1134 1316 quae
1170 1243 1318 1302 omnium

12 1378 13 1389 2
66 1345 149 1414 odora
168 1346 266 1407 deum
289 1362 402 1407 recens
425 1350 540 1407 natum
563 1346 722 1406 audiisset
743 1344 957 1420 gloriantem:

9 1517 12 1526 Γ
269 1447 335 1526 ᾖεῖη
358 1470 409 1523 μοι
430 1446 551 1523 κίθαρίς
575 1468 604 1506 τε
628 1446 701 1524 φίλη
725 1444 774 1504 καὶ
799 1445 939 1521 καμπύλα
962 1444 1011 1517 τόξ
1054 1438 1086 1514 ²)

9 1561 11 1600 ῑ
92 1549 133 1609 De
164 1550 264 1625 Lycio
294 1551 394 1625 igitur
423 1549 584 1625 Apollinis
614 1549 704 1610 cultu
727 1549 801 1624 hoo,
833 1548 867 1607 ni
890 1546 993 1623 fallor,
1020 1547 1184 1607 iudicabat
1206 1550 1316 1623 poeta,

55 1652 271 1726 antiquissimo
295 1653 424 1713 vinculo
447 1652 619 1713 cohaerere
639 1646 713 1712 oum
735 1650 827 1726 Delo,
852 1665 912 1710 neo
931 1651 1044 1709 tamen
1064 1649 1134 1709 ideo
1154 1648 1252 1709 tidem
1276 1649 1316 1709 iis

53 1765 114 1815 osse
144 1755 328 1814 habendam
360 1754 414 1828 qui
445 1769 487 1814 ex
510 1754 609 1829 Lycia
632 1753 817 1829 Apollinem
841 1753 894 1812 vel
917 1751 1101 1812 Phoebeam
1125 1750 1312 1825 religionem

49 1851 76 1914 in
95 1856 265 1916 Graeciam
282 1855 478 1916 translatam
497 1871 570 1916 esse
587 1857 756 1931 putarent3
774 1854 903 1914 Deliaco
917 1854 1029 1914 cedere
1041 1853 1166 1914 cultum
1178 1853 1314 1928 Lycium

46 1954 138 2017 iubet.
171 1957 253 2018 Eam
283 1958 468 2032 opinionem
501 1957 578 2017 alibi
611 1972 737 2031 quoque
769 1957 802 2017 in
832 1957 955 2030 hymno
987 1958 1100 2029 quarto
1131 1953 1316 2014 firmavisse

44 2059 179 2120 videtur.
212 2059 249 2119 ln
280 2059 425 2119 carmine
451 2058 578 2118 insulae
601 2073 714 2118 sacrae
737 2057 884 2118 dedicato
908 2057 1038 2118 silentio
1061 2056 1316 2132 praetereundus

42 2172 104 2221 non
132 2164 204 2220 erat
227 2161 321 2236 olen,
346 2163 441 2221 vates
466 2160 520 2221 ille
544 2160 740 2234 antiquitate
763 2159 991 2235 gravissimus.
1024 2159 1138 2231 Itaque
1166 2157 1316 2233 plurimis

39 2261 190 2322 versibus
213 2264 384 2323 enarratur
406 2263 563 2323 iuvenum
587 2277 626 2323 ao
650 2262 812 2336 virginum
837 2261 955 2322 chorus
980 2264 1039 2331 (vs.
1065 2260 1158 2328 304):
1306 2248 1308 2252 ⁴

180 2441 182 2444 y
265 2364 295 2423 οἲ
316 2359 370 2439 μὲν
394 2360 572 2423 ὑπαιίδονσι
595 2361 690 2439 νόμον
714 2362 842 2423 Λυκίοιο
866 2360 1018 2442 γέροντος,

265 2463 300 2526 ὅν
322 2486 368 2525 τοι
391 2461 451 2525 ἀπὸ
475 2460 610 2529 Ξάνθοιο
632 2463 806 2543 θεοπρόπος
829 2461 941 2544 ἤγαγεν
961 2457 1064 2538 Ὠλὴν,

265 2567 298 2624 αἳ
320 2561 352 2625 ol
375 2564 483 2625 ποδοῖν
506 2564 672 2641 πλήσσουσι
694 2564 835 2643 χορίτιδες
859 2560 989 2639 ἀσφαλὲς
1013 2555 1113 2635 οὖδας.

35 2664 118 2727 Delo
150 2667 251 2741 igitur
281 2668 459 2748 yindicavit
489 2667 632 2743 priscum
656 2670 782 2743 vatem,
814 2683 855 2727 ne
879 2666 952 2740 quis
978 2667 1018 2726 ad
1041 2665 1182 2740 Delphos
1206 2665 1315 2739 potius

35 2783 115 2828 eum
147 2769 308 2842 pertinere
339 2771 469 2844 putaret
495 2767 557 2829 fide
581 2768 693 2828 habita
715 2768 914 2844 Delphorum
938 2768 1178 2830 narrationibus
1202 2767 1315 2842 quales

36 2883 81 2928 ex
101 2869 209 2929 Boeus
229 2870 373 2930 carmine
392 2870 564 2931 subditicio
584 2871 706 2944 profert
725 2872 905 2932 Pausanias
922 2872 962 2932 X.
977 2875 1006 2933 5.
1021 2872 1058 2932 8:
1084 2868 1313 2947 „trapeopoooa

37 2965 70 3028 δὲ
106 2967 157 3027 καὶ
191 2967 299 3041 ἄλλους
332 2979 392 3030 τῶν
421 2966 624 3050 Ἵπερβορὲων
660 2970 707 3031 ἐπὶ
745 2977 862 3056 τελευτῇ
896 2982 950 3034 τοῦ
984 2973 1083 3050 ὕμνου
1117 2970 1169 3032 τὸν
1201 2965 1314 3048 Ὠλῆνα

38 3065 205 3148 ὠνόμασεν·

261 3165 354 3250 Ὠλήν
375 3167 419 3252 θ’,
441 3169 474 3247 ὃς
497 3173 595 3256 γένετο
618 3184 734 3254 πρῶτος
760 3175 886 3256 Φοίβοιο
910 3176 1080 3256 προφάτας,

263 3282 378 3353 πρῶτος
401 3270 429 3336 δ’
456 3273 586 3356 ἀρχαίων
611 3273 705 3337 ἐπέων
728 3271 873 3337 τεκτάνατ’
900 3275 1038 3338 άοιδάν.”

82 3376 307 3438 cohaerebant
332 3377 411 3438 haec
434 3394 508 3439 cum
531 3378 730 3455 Delphorum
754 3380 883 3455 placitis
911 3382 949 3441 de
973 3381 1205 3456 Hyperboreis,
1231 3394 1313 3454 quae

39 3479 158 3539 acriter
190 3477 360 3553 impugnat
391 3478 624 3556 Callimachus,
657 3483 690 3541 et
713 3497 847 3542 necesse
871 3485 942 3542 erat
965 3483 995 3543 ei
1018 3497 1091 3543 eam
1116 3481 1155 3542 ob
1179 3496 1313 3541 causam

38 3581 159 3641 diserte
190 3581 302 3639 vatem
332 3580 468 3654 Lycium
499 3584 670 3656 tamquam
693 3583 796 3643 sacris
818 3582 958 3645 Deliacis
982 3585 1168 3644 adstantem
1192 3599 1313 3644 memo·

39 3696 120 3742 rare.
173 3679 260 3755 Quae
298 3696 375 3741 vero
410 3682 521 3743 Olenis
555 3683 721 3744 doctrinae
767 3685 805 3744 de
843 3685 977 3745 deorum
1012 3700 1129 3759 genere
1163 3685 1314 3759 inprimis

38 3783 77 3842 de
106 3773 242 3855 Ilithyia
272 3781 458 3844 ferebantur
479 3776 517 3859 ³),
550 3784 610 3845 has
640 3801 847 3860 nequaquam
878 3787 917 3846 ab
949 3787 1038 3846 omni
1069 3787 1161 3861 parte
1189 3787 1312 3859 probat.

38 3884 209 3958 Hymnum
245 3883 344 3958 igitur
378 3886 547 3959 antiquum
586 3887 620 3945 in
654 3886 823 3961 Ilithyiam
861 3888 938 3947 licet
967 3887 1068 3947 Deliis
1096 3887 1314 3962 composuerit

38 3985 134 4062 Olen,
166 3986 222 4060 qui
255 3983 325 4061 „eei
355 3984 425 4058 τοὺς
456 3984 564 4060 ἄλλους
593 3986 663 4059 τοὺς
686 3988 833 4061 παλαιοὺς
856 3987 972 4066 ὕμνους
995 3985 1115 4066 ἐποίησε
1139 3985 1171 4047 ἔτι
1194 3988 1312 4064 Λυκίης

72 4299 90 4361 ¹)
109 4301 176 4350 Plin.
199 4305 250 4350 nat.
267 4301 324 4350 oisc.
343 4304 399 4351 VII.
418 4306 474 4352 204.
498 4306 574 4353 Paua.
592 4306 635 4354 IX.
650 4307 672 4352 b.
692 4307 714 4353 7.
734 4333 764 4340 -
783 4307 928 4354 Hecataeus
945 4307 1091 4355 trichordae
1110 4308 1180 4367 lyrae
1197 4309 1312 4356 invento·

36 4394 92 4429 rom
109 4383 224 4429 Hermen
242 4380 349 4446 (Theon)
367 4383 431 4432 dixit
449 4380 620 4449 (μιμησάμιιον
636 4387 677 4439 τὰς
694 4387 744 4433 καί
763 4387 869 4433 ἐνιαυτὸν
885 4382 956 4451 ὥρας)
974 4387 1048 4433 Diod.
1066 4388 1086 4439 I.
1107 4389 1145 4435 lo.

70 4457 203 4524 ¹)llymu.
226 4460 295 4509 hom.
314 4460 340 4509 τίι
357 4461 439 4525 Apoll.
458 4476 494 4511 vs.
513 4465 569 4511 181.
594 4464 624 4511 In
642 4464 707 4512 Delo
730 4466 753 4512 ai
776 4466 844 4512 fama
861 4467 980 4514 inventae
998 4466 1035 4515 ibi
1055 4468 1087 4514 ab
1106 4468 1224 4528 Apolline
1242 4469 1313 4528 lyrae

36 4540 144 4600 vulgata
161 4543 217 4587 erat
234 4541 351 4600 proiecto
368 4555 428 4590 oum
446 4543 488 4590 dei
505 4544 585 4590 natali
603 4543 645 4590 die
663 4547 719 4591 erat
736 4544 881 4593 coniuncta

68 4615 92 4681 ³)
110 4619 150 4666 De
168 4618 273 4677 Ilithyia
290 4620 395 4669 Deliaca
413 4622 446 4669 of.
464 4623 531 4669 inim
547 4636 605 4682 pag.
624 4624 663 4671 ll.
