3068 5288
685 465 724 524 13

65 652 264 711 memoriam
285 665 305 709 a
324 651 428 725 poetis
448 651 611 710 diversam
632 654 779 726 servant,
802 653 871 712 sive
891 653 1024 713 nomine
1044 655 1096 714 vel
1116 671 1177 715 usu
1202 658 1341 730 quodam
1420 673 1422 676 ·

64 752 107 812 ad
130 752 352 826 aetiologiam,
377 752 474 811 huius
498 753 617 813 aetatis
639 753 744 828 poetis
765 754 1003 828 gratissimam,
1030 755 1118 815 viam
1142 758 1307 832 praebent.

112 854 201 914 'l'alis
233 854 422 927 plerumque
457 852 571 913 subest
605 869 717 928 causa,
754 869 828 913 cum
864 854 903 914 ab
939 856 1105 917 homerica
1139 858 1343 934 mythologie

66 954 197 1028 longius
221 954 358 1013 discedit
382 957 488 1028 poeta.
516 955 639 1028 Aptum
667 954 800 1028 praebet
827 955 1015 1029 exemplum
1043 956 1221 1033 Volcanus,
1250 960 1351 1021 ouius‘

66 1056 119 1115 dei
149 1071 289 1130 persona
320 1071 435 1131 parum
466 1056 637 1115 constabat
663 1055 725 1115 sibi
753 1055 837 1128 apud
860 1059 987 1130 poetas,
1013 1059 1046 1117 et
1068 1057 1161 1134 lapsu
1185 1062 1343 1135 temporis

66 1157 163 1217 facile
194 1172 389 1218 evanescere
411 1158 540 1231 poterat
563 1157 595 1215 in
620 1155 699 1215 illud
727 1155 927 1216 elementum
961 1159 1013 1217 cui
1044 1163 1202 1233 praeerat.
1240 1163 1342 1238 Expo-

66 1263 179 1320 suerat
198 1261 238 1319 de
259 1275 296 1320 eo
315 1258 581 1334 philosophorum
604 1258 771 1332 opiniones
795 1272 875 1330 quas
895 1257 963 1332 ipse
983 1259 1139 1333 probabat
1158 1261 1343 1324 Hecataeus

67 1362 116 1420 ita
151 1361 252 1430 (Diod.
288 1361 311 1420 I.
347 1362 397 1430 12)
433 1358 483 1434 ,ab
515 1355 546 1418 ul
577 1367 637 1437 πῦρ
672 1358 971 1435 μεθερμηνευόμενον
994 1357 1164 1435 Ἤφαισεον
1196 1359 1342 1440 ὀνομάσαι

68 1461 250 1537 νομίσαντας
282 1460 373 1540 μέγαν
401 1454 476 1519 εἶναι
507 1460 582 1520 θεὸν
606 1457 654 1518 καὶ
678 1459 901 1537 συμβάλλεσθαι
924 1470 1015 1520 πᾶσιν
1040 1461 1080 1533 εἰς
1103 1461 1217 1542 γένεσίν
1242 1488 1270 1525 τε
1293 1490 1343 1526 και

66 1564 180 1623 τελείαν
212 1561 367 1640 οὔξηοιν”.
391 1563 512 1622 Eadem
537 1562 803 1638 philosophorum
831 1563 973 1637 cogitata
1000 1580 1059 1624 suo
1087 1580 1178 1625 more
1201 1569 1342 1628 reddide-

67 1669 144 1726 rant
185 1666 314 1742 Orphici
349 1667 463 1740 poetae
498 1679 573 1724 cum
607 1665 843 1739 ignipotentem
882 1665 1033 1726 dixerant
1074 1665 1216 1742 ,no'opmo
1256 1667 1343 1748 μέρος

67 1772 212 1846 στοιχεῖον
235 1765 399 1844 ἀμεμφές”,
422 1766 669 1838 salutarantque
692 1765 738 1824 ita
761 1766 871 1840 ignem
895 1767 1071 1828 caelestem
1096 1769 1215 1846 (tyran.
1240 1773 1293 1842 65)

338 1867 431 1944 αἰθὴρ
452 1866 533 1943 ἥλιος
557 1863 649 1942 ἄστρα
673 1866 781 1942 σελήνη
805 1874 870 1941 φῶς
894 1864 1046 1943 ἀμίανεον.

116 1970 319 2045 Quantopere
341 1970 426 2030 tales
444 1969 709 2044 philosophorum
728 1968 938 2043 physicorum
955 1973 1190 2045 syncretismos
1213 1979 1347 2050 respuat

69 2071 306 2146 Callimachus,
339 2071 489 2145 inprimis
520 2086 595 2130 cum
625 2070 806 2130 inserviant
837 2072 1062 2133 conanimibus
1097 2082 1154 2132 rev
1189 2075 1344 2152 αἰγυπιο-

68 2174 181 2243 ζονιων
209 2165 244 2247 ¹),
288 2173 371 2233 infra
412 2172 558 2247 pluribus
601 2173 781 2232 ostendam.
825 2171 930 2248 Nunc,
975 2174 1050 2246 quid
1091 2176 1123 2235 in
1157 2177 1344 2253 Hephaesto

69 2276 291 2350 constituerit,
332 2277 511 2336 videamus.
555 2275 649 2350 Optio
691 2274 839 2334 facienda
879 2275 950 2332 erat
991 2277 1105 2349 poetae
1144 2293 1186 2336 ex
1220 2279 1344 2339 duobus

69 2377 301 2438 traditionibus
330 2393 412 2451 quas
442 2377 574 2437 dederat
603 2377 777 2436 Homerus.
813 2375 973 2434 Utramne
1008 2377 1118 2453 eliget,
1155 2395 1235 2439 num
1270 2396 1343 2440 eam

69 2494 154 2552 quae
186 2481 223 2536 A.
255 2479 319 2539 590
350 2479 532 2553 exponitur,
557 2478 739 2538 Volcanum
768 2479 898 2551 propter
931 2477 1091 2537 auxilium
1116 2481 1216 2540 matri
1240 2481 1343 2541 latum

69 2581 111 2639 ab
124 2581 195 2655 ipso
208 2580 284 2639 Iove
297 2581 459 2640 deiectum
471 2595 513 2639 ex
526 2580 664 2654 Olympo
676 2564 848 2638 devenisse
860 2578 1034 2653 Lemnum,
1057 2595 1098 2639 an
1111 2580 1249 2641 alteram
1262 2598 1344 2655 quae

69 2681 191 2756 legitur
210 2684 245 2738 Σ.
266 2682 330 2742 395
356 2682 410 2741 ubi
434 2681 642 2756 Hephaestus
660 2678 830 2756 profitetur
849 2694 866 2738 e
887 2679 975 2739 caelo
995 2694 1031 2738 se
1053 2681 1211 2741 decidisse
1235 2682 1343 2762 μητρὸς

68 2783 161 2859 torna
186 2798 268 2857 quae
291 2784 434 2858 graviter
455 2784 555 2843 ferret
578 2783 758 2844 claudicare
781 2780 884 2841 fllium
909 2797 951 2841 ex
970 2797 1006 2841 se
1025 2785 1154 2858 natum,
1176 2788 1342 2860 receptum

68 2886 181 2943 autern
206 2899 242 2943 se
266 2898 339 2943 esse
362 2899 382 2943 a
404 2884 538 2943 Thetide
562 2899 600 2943 ac
623 2884 833 2957 Eurynome?

113 2984 279 3044 Posterior
308 2985 398 3045 locus
429 2985 536 3059 magis
566 3000 664 3057 quam
699 2983 754 3043 ille
785 2983 983 3045 Callimacho
1013 2987 1175 3060 placuisse
1208 2989 1342 3063 videtur,

67 3087 213 3147 latebras
236 3087 324 3147 enim
349 3087 467 3148 Oceani
490 3102 572 3160 quas
594 3089 630 3144 Σ.
654 3087 719 3146 400
743 3085 896 3146 describit
919 3086 1127 3162 Hephaestus

295 3197 359 3271 τῇσι
382 3182 447 3266 παρ’
468 3187 592 3259 εἰνάετες
616 3189 759 3266 χάλκευον
783 3186 909 3246 δαίδαλα
932 3188 1036 3264 πολλὰ,

293 3288 410 3366 πόρπας
433 3311 461 3348 τε
484 3289 637 3368 γναμπτάς
660 3283 689 3346 θ’
715 3285 812 3359 ἕλικας
835 3288 965 3361 κάλυκάς
988 3311 1016 3348 τε
1039 3288 1088 3349 καὶ
1113 3289 1224 3370 ὅρμους

294 3389 326 3449 ἕν
350 3400 423 3469 σπῆι
444 3395 596 3474 γλαφυρῷ·
619 3388 685 3470 περὶ
709 3387 741 3449 ei
764 3389 832 3469 ῥόας
852 3385 1008 3450 Ὠκεανοῖο

293 3489 379 3574 ἀφρῷ
405 3492 567 3571 μορμύρων
588 3489 654 3571 ῥέεν
676 3488 810 3567 ἄσπετος,

67 3593 139 3652 suis
168 3592 277 3652 verbis
305 3597 440 3654 conatus
471 3597 524 3654 est
552 3595 684 3655 reddere
715 3596 785 3654 tam
816 3594 849 3653 in
881 3597 996 3667 quarto
1027 3595 1165 3672 hymno,
1194 3602 1253 3668 (vs.
1281 3599 1343 3659 139

67 3698 140 3767 sqq)
168 3709 267 3767 quarn
291 3693 324 3754 in
347 3697 444 3756 tertio
467 3701 527 3766 (vs.
552 3698 593 3757 74
617 3701 695 3770 sq.);
719 3711 822 3770 neque
847 3712 923 3757 vero
947 3697 979 3756 in
1004 3697 1126 3757 Lemno
1151 3699 1246 3771 (quod
1268 3699 1346 3760 iecit

67 3795 263 3869 Apollonius
293 3795 438 3857 Rhodius
468 3798 492 3858 Ι.
526 3800 591 3859 850
622 3803 692 3871 sqq)
723 3799 780 3858 sed
811 3799 844 3857 in
872 3798 957 3858 mari
981 3797 1088 3858 Siculo
1119 3799 1169 3858 dei
1198 3798 1345 3860 officinas

65 3897 189 3972 posuit.
222 3894 375 3956 Officinas
406 3898 492 3958 enim
517 3899 650 3959 Volcani
682 3900 748 3959 iam
780 3900 833 3959 diu
858 3898 1057 3973 antiquiores
1081 3915 1207 3974 quoque
1229 3904 1344 3975 poetae

66 4013 112 4058 ex
136 3997 276 4072 Olympo
299 4002 491 4059 revocarant
514 4001 703 4075 interram,
728 4014 927 4074 quamquam
951 4001 984 4059 in
1007 4002 1194 4062 narratione
1217 4003 1344 4077 mytho·

65 4100 175 4174 logica
206 4101 238 4159 id
270 4101 495 4161 condonabant
517 4100 580 4160 arti
603 4103 639 4160 ut
661 4101 769 4176 ipsum
793 4101 890 4160 deum
914 4102 1015 4160 etiam
1039 4104 1182 4163 nuncin
1206 4104 1344 4179 Olympo

105 4390 124 4453 ¹)
140 4393 286 4441 Hecataeus
302 4395 384 4456 enim,
400 4409 459 4443 cum
478 4398 607 4444 constaret
624 4395 694 4456 apud
707 4393 846 4454 Aegyptios
862 4388 905 4455 (ci.
923 4392 1017 4440 Herod.
1035 4393 1069 4439 11.
1090 4390 1148 4458 14⁴)
1166 4394 1229 4442 deos
1243 4395 1304 4443 olim
1318 4397 1345 4442 in

67 4475 139 4520 terra
167 4485 247 4532 regno
273 4486 330 4520 esse
354 4474 468 4535 iunctos,
492 4489 547 4522 rem
568 4475 694 4522 convertit
716 4478 743 4521 et
765 4497 798 4507 -·
821 4473 972 4520 Xenocratis
999 4473 1172 4533 antiquasque
1197 4475 1345 4523 academiae

68 4552 215 4598 doctrinam
239 4556 344 4599 secutus
367 4553 446 4613 (Plut.
469 4552 504 4601 Ie.
527 4567 548 4601 o.
573 4549 628 4617 25),
651 4553 727 4601 simul
751 4566 810 4599 cum
832 4552 925 4598 Stoicis
949 4554 1098 4611 conspirans
1123 4550 1187 4616 (Oto.
1214 4559 1264 4602 nat.
1281 4554 1345 4602 deor.

68 4633 90 4676 1.
112 4633 150 4677 ιο.
169 4633 213 4690 38,
233 4633 277 4685 tlh
295 4632 329 4678 11.
348 4634 387 4679 il.
407 4631 450 4695 63)
467 4657 499 4667 —
518 4633 638 4679 mortales
657 4632 689 4679 ad
707 4632 818 4679 divinam
837 4630 988 4688 dignitatern
1006 4633 1162 4690 processisse
1180 4633 1276 4680 docuit.
