3104 5286
846 473 888 532 84

233 660 423 736 Heroopolis
441 658 647 734 exsculptam
666 658 782 719 habuit
800 659 833 718 in
854 659 1006 720 columna
1024 660 1203 734 imaginem
1220 661 1308 736 regis
1326 676 1423 722 sacra
1434 661 1505 722 olfe-

231 763 334 824 rentis
352 761 409 821 Dis
428 761 528 821 Atum
550 760 669 820 Osiridi
688 758 766 819 Isidi
785 760 943 820 Arsinoae
964 753 999 833 ¹),
1021 775 1126 834 neque
1145 760 1359 836 improbabile
1379 763 1507 824 videtur

231 879 356 939 regem,
380 876 479 938 penes
502 876 598 936 quom
622 862 753 921 tantum
772 859 897 922 valeret
921 860 1155 921 dilectissimae
1174 863 1288 921 uxoris
1309 864 1505 938 auotoritas,

229 966 291 1025 hac
309 978 436 1039 qnoque
455 962 488 1022 in
507 977 543 1023 re
561 963 684 1022 sororis
703 957 889 1036 φιλαδέιφου
908 961 1054 1021 consiliis
1066 965 1324 1038 optemperasse;
1346 964 1506 1025 Arsinoen

229 1068 354 1140 autem,
398 1065 465 1125 iam
507 1065 684 1138 antequam
725 1063 877 1123 diadema
919 1063 1158 1138 Aegyptiaoum
1198 1065 1393 1141 accepisset,
1431 1067 1506 1126 deos

229 1167 408 1243 Aegyptios
439 1166 472 1224 in
499 1165 621 1226 honore
644 1164 798 1224 habuisse
821 1163 939 1224 titulus
962 1162 1096 1225 cnidius
1119 1165 1227 1226 dccet:
1253 1162 1395 1246 ,ἀγαθῆς
1419 1168 1506 1245 τύχης

231 1271 306 1344 [τῆς]
341 1263 527 1341 Πτολεμαίου
557 1273 610 1325 τοῦ
640 1268 782 1341 Σωτῆρος
812 1260 863 1323 καὶ
894 1267 969 1323 θεοῦ
994 1263 1115 1341 Στράττι
1131 1262 1187 1325 Ἴσι
1210 1265 1346 1344 Ἀρσινόη
1370 1266 1403 1327 τὸ
1427 1266 1505 1344 ἱερὸν

228 1368 391 1445 ἱδρύσατο’
414 1361 450 1449 ²).
482 1367 582 1428 lirant
612 1367 701 1427 enim
728 1366 836 1440 regiae
859 1364 976 1425 domus
998 1366 1154 1427 mulieres
1179 1401 1220 1410 —
1245 1370 1282 1428 ut
1304 1368 1369 1428 fert
1391 1369 1504 1429 mulie

228 1471 296 1532 bris
325 1472 444 1531 natura
464 1502 507 1512 —
533 1470 622 1544 prius
651 1468 753 1528 etiam
780 1482 880 1541 quam
910 1482 1003 1542 reges
1026 1467 1188 1543 proclivae
1212 1468 1245 1527 in
1269 1468 1379 1529 cultus
1402 1485 1505 1531 novos

227 1572 419 1647 Aegyptios,
441 1569 644 1644 quodetiam
662 1570 805 1629 testatur
824 1567 992 1643 inscriptio
1011 1567 1312 1628 Halicarnassensis
1324 1571 1504 1644 quaedam:

232 1675 381 1752 ,Ἀγαθῆς
403 1671 492 1750 τύχης
517 1669 704 1748 Πτολεμαίου
728 1677 780 1728 τοῦ
803 1671 945 1747 Σωτῆρος
968 1665 1020 1728 καὶ
1043 1673 1115 1729 θα
1138 1667 1292 1749 Σαράπιδι
1315 1671 1453 1749 Ἀρσινόη
1474 1671 1505 1731 τὸ

230 1772 312 1853 ἱερὸν
334 1773 509 1852 ἱδρύσατο’.
530 1763 553 1842 ⁸)

271 1874 470 1935 Parentibus
499 1872 599 1947 regiis
629 1873 784 1933 uxoribus
814 1888 915 1947 quam
946 1872 1041 1933 facile
1068 1874 1250 1947 pervaserit
1273 1874 1371 1934 Isidis
1395 1875 1504 1936 cultus

229 1992 293 2037 non
328 1976 436 2037 solum
467 1975 500 2034 in
531 1973 765 2035 Alexandriam
795 1973 853 2034 sed
883 1989 940 2048 per
970 1988 1085 2033 omnes
1113 1974 1217 2034 terras
1243 1974 1384 2036 Graecas
1407 1980 1505 2051 atque

229 2078 394 2139 Romanas
413 2091 528 2137 omnes
546 2075 685 2149 scimns;
706 2089 769 2148 quo
789 2074 896 2148 magis
915 2074 1034 2135 attinet
1050 2075 1238 2151 observare,
1252 2090 1353 2149 quam
1366 2078 1505 2140 minime

229 2178 449 2240 Callimachus
482 2176 663 2251 Aegyptiae
697 2175 776 2235 deae
807 2174 1004 2251 μαριανύμοα
1036 2175 1183 2250 religioni
1213 2177 1363 2238 addictus
1395 2180 1504 2240 luerit.

229 2279 385 2341 Nominat
406 2279 461 2340 ille
484 2278 615 2353 quidem
639 2276 734 2336 deam
757 2275 899 2351 Aegypti
921 2276 1069 2350 reginam
1092 2277 1329 2353 epigrammate
1349 2283 1504 2357 quinqua·

229 2381 368 2457 gesimo,
389 2380 447 2441 sed
466 2394 605 2455 magnae
624 2392 704 2438 sane
722 2377 924 2438 reverentiae
940 2377 974 2437 in
994 2377 1062 2437 Isin
1081 2393 1146 2438 non
1158 2378 1292 2440 exhibet
1303 2384 1503 2461 exemplum,

228 2498 402 2559 personam
434 2481 607 2555 comicam,
640 2479 759 2539 faciem
788 2478 940 2554 senilem,
969 2493 1122 2552 rugosam
1154 2480 1430 2560 fuliginosamque
1461 2487 1505 2546 ibi

230 2585 341 2646 dicens
362 2578 458 2665 ,lurp
477 2580 575 2659 ἰσχάδι
593 2577 644 2640 καὶ
662 2579 782 2658 λύχνοις
795 2576 904 2651 Ἴσιδος
924 2578 1111 2655 εἰδόμενον”.
1133 2581 1269 2644 Temere
1281 2584 1407 2647 lactum
1419 2588 1503 2648 vide·

231 2688 320 2747 retur
350 2700 392 2745 ex
420 2684 528 2744 iocoso
555 2681 785 2757 epigrammati
804 2695 902 2741 versu
925 2683 1034 2755 petere
1062 2686 1292 2757 argumentum
1315 2686 1350 2746 in
1372 2687 1433 2747 tali
1454 2702 1502 2762 re,

227 2787 256 2846 si
276 2786 443 2846 obstarent
462 2784 528 2845 alia
539 2784 738 2845 testimonia.
753 2782 793 2843 lit
804 2782 936 2843 etiamsi
948 2781 1039 2842 nulla
1059 2784 1200 2860 obstant,
1221 2791 1374 2864 possunt,
1387 2789 1502 2864 fateor,

227 2889 260 2947 in
291 2889 383 2947 tanto
410 2888 601 2961 poematum
624 2885 793 2959 naufragio
817 2885 968 2944 interisse
992 2884 1105 2944 laudes
1128 2885 1238 2962 Isidis,
1272 2890 1383 2950 nescio
1406 2891 1461 2950 ubi
1485 2906 1504 2951 a

226 2987 425 3049 Callimacho
445 2990 604 3048 cantatae.
627 2987 688 3046 Sed
709 2985 828 3046 clarius
848 3000 947 3059 quam
968 3001 1010 3046 ex
1029 2986 1089 3047 hoo
1111 2988 1349 3062 epigrammate
1373 2992 1502 3053 aliunde

227 3087 407 3164 apparebit,
434 3091 557 3161 quanta
579 3088 770 3148 tractaverit
794 3088 1000 3162 neglegentia
1024 3088 1221 3163 Cyrenaicus
1245 3094 1340 3152 vates
1364 3094 1502 3154 eandam

228 3190 323 3250 deam
347 3203 446 3263 quam
466 3187 700 3262 cyrenensium
723 3204 843 3249 uxores
866 3189 933 3248 iam
953 3190 1060 3250 aetate
1080 3191 1235 3253 Herodoti
1255 3195 1345 3255 cultu
1367 3198 1503 3257 sanctis·

227 3291 312 3350 simo
328 3289 506 3350 coluissent
517 3282 551 3359 ⁴).
573 3289 701 3349 Scilicet
717 3289 811 3349 deam
825 3304 900 3348 cum
913 3289 1008 3350 silere
1028 3290 1142 3366 nollet,
1165 3308 1239 3353 eam
1259 3294 1365 3355 induit
1377 3297 1504 3371 mytho·

228 3391 334 3467 ologia
357 3391 493 3466 Graeca,
518 3390 577 3450 tali
596 3392 709 3450 tamen
728 3390 876 3463 mythica
895 3390 1085 3465 genealogia
1101 3407 1143 3452 ex
1160 3408 1387 3468 quasummae
1408 3397 1505 3458 Isidis

227 3492 378 3568 dignitati
397 3507 462 3553 non
482 3492 562 3552 nihil
582 3491 826 3551 detrectaretur.
848 3489 900 3548 Ita
915 3505 989 3550 eam
1011 3492 1248 3566 epigrammate
1259 3495 1365 3556 LVIII
1373 3490 1505 3576 Ἰναχίην

229 3596 407 3670 nuncupat,
433 3594 556 3668 hymno
579 3592 626 3651 ΙΙΙ
651 3607 698 3652 vs.
720 3592 785 3651 254
806 3593 970 3652 memorat
991 3591 1063 3670 βοὸς
1082 3593 1178 3671 πόρον
1193 3589 1367 3674 Ἰναχιωνης
1387 3601 1422 3660 et
1441 3601 1503 3661 sin·

228 3697 332 3772 gulari
352 3695 433 3756 libro
453 3688 530 3765 Ἰοος
554 3689 658 3768 ἄφιξιν
678 3693 724 3753 ita
747 3691 915 3768 tractavit,
937 3695 975 3753 ut
992 3708 1145 3767 graecam
1174 3696 1250 3757 huic
1272 3713 1401 3774 quoque
1425 3703 1504 3762 deae

229 3799 389 3873 originem
411 3797 605 3870 vindicaret,
629 3794 687 3855 sed
707 3795 814 3854 ortam
834 3793 957 3854 iaceret
978 3796 1071 3869 patro
1089 3796 1230 3857 mortali.
1251 3796 1349 3860 Viam
1369 3802 1411 3862 ad
1431 3817 1503 3863 eam

229 3899 453 3961 confusionem
481 3897 547 3958 iam
571 3896 732 3972 praeierat
762 3895 946 3956 Herodotus
976 3897 1044 3972 qui,
1081 3898 1263 3973 imaginum
1287 3901 1502 3965 similitudine

265 4152 285 4219 ¹)
302 4153 467 4203 Wiedemann
491 4149 591 4199 Potor..
621 4153 684 4200 1888
708 4166 733 4214 p.
752 4153 792 4200 88.
818 4149 934 4201 Wiloken
955 4154 971 4200 i.
989 4167 1013 4202 v.
1034 4153 1139 4202 Arsinoe
1160 4154 1219 4216 apd
1235 4155 1453 4216 Pauly-winone
1468 4159 1499 4206 11.

230 4236 279 4284 ool.
299 4235 372 4283 lact.

263 4311 359 4375 ¹)Anc.
382 4311 423 4360 (ir.
450 4309 529 4358 lucer.
552 4310 579 4357 ιἰι
600 4308 668 4357 Brit.
691 4307 849 4359 lius.1v.1
874 4308 963 4375 (qnam
981 4311 1070 4360 laudat
1088 4313 1192 4374 linerat,
1217 4311 1258 4361 die
1279 4313 1445 4379 Βορνΰιισαιρ
1463 4316 1499 4364 du

230 4392 377 4442 Alexander·
394 4389 447 4440 aad
454 4388 691 4438 Ptolemae-Kella
708 4389 735 4436 ιἰι
752 4388 885 4453 demta,
903 4389 989 4439 Mein.
1008 4390 1073 4439 Mu.
1091 4393 1156 4440 rael
1174 4405 1199 4452 p.
1217 4394 1258 4440 le.

261 4470 282 4536 ³)
301 4474 329 4521 B.
346 4470 515 4519 Homullor
531 4467 696 4530 lambrione
711 4466 918 4516 σἨιιΙίιανιιοια.
938 4467 969 4516 B.
989 4466 1013 4516 0.
1030 4468 1065 4517 Η.
1085 4471 1158 4519 1888.
1174 4484 1200 4532 p.
1218 4474 1276 4520 4⁰⁰.

260 4548 280 4613 ⁴)
298 4550 392 4599 Herod.
402 4550 444 4597 iv.
455 4550 502 4597 188
524 4554 587 4611 podir
608 4548 651 4605 po
673 4565 714 4595 νυν
735 4549 826 4608 θηλέων
842 4549 894 4596 οὐδ’
918 4553 944 4596 ul
962 4552 1099 4613 Κυρηναίων
1115 4559 1220 4610 walace
1236 4553 1351 4604 δικαιοῦσι
1370 4557 1490 4604 nachore

227 4632 266 4680 διὰ
283 4631 325 4692 τὴν
342 4633 365 4677 lv
382 4631 497 4692 Αἰγύπτῳ
511 4620 587 4681 Ἶσιν,
603 4627 662 4673 ἀλλὰ
680 4630 718 4674 xal
736 4632 845 4687 νηστηίας
861 4630 920 4691 αὐτῇ
937 4630 975 4676 καὶ
993 4629 1063 4693 δρίος
1079 4632 1225 4679 hirdinem.
