3090 5294
817 436 858 494 46
1308 430 1368 490 ΠΙ.
1394 431 1481 489 1-3

208 622 294 682 absit
326 619 517 700 ἐλαφρότερος
545 620 670 697 πόλεμος
697 623 733 682 Φ.
760 623 845 691 287).
876 621 989 681 Melius
1012 621 1123 694 opinor
1147 619 1278 679 Homeri
1302 618 1481 678 dictionem

208 725 393 784 observavit
427 723 540 797 hymni
574 714 627 782 VI¹
656 723 734 793 (VII)
767 725 862 797 poeta
884 722 939 795 qui
968 724 1079 781 utrum
1102 723 1211 780 nostro
1234 721 1301 780 iam
1329 720 1481 793 cognitus

208 841 249 886 an
273 827 341 900 ipse
365 825 560 886 callimacho
585 827 689 885 minor
712 825 818 901 fuerit,
844 824 970 899 dubito;
996 824 1026 884 is
1051 824 1138 884 enim
1162 839 1211 883 vs.
1237 824 1278 883 59

460 931 540 1006 χοῖρε
563 924 645 999 τέκος
667 923 799 1004 Σεμέλης
822 924 976 996 εὐώπιδος·
1000 921 1071 985 οὐδὲ
1094 945 1136 1008 πμ
1160 923 1218 983 ἔστι

452 1028 512 1088 σεῖό
535 1050 567 1109 γε
591 1028 761 1106 ληθόμενον
784 1025 930 1107 γλυκερὴν
953 1031 1099 1102 κοσμῆσαι
1123 1023 1239 1102 ἀοιδήν.

254 1163 294 1172 -
319 1129 374 1190 Vs.
400 1131 430 1190 2.
454 1127 652 1206 μέλονται.
677 1132 766 1190 Inter
790 1130 888 1190 activi
912 1133 943 1189 et
969 1128 1066 1188 medii
1089 1128 1210 1188 formas
1230 1129 1264 1187 in
1296 1129 1356 1188 hoc
1381 1129 1479 1188 verbo

208 1232 380 1292 discrimen
414 1232 508 1306 plane
542 1233 669 1293 nullum
704 1231 780 1292 iecit
812 1230 1045 1304 Callimachum
1077 1233 1114 1290 ut
1144 1230 1288 1289 medium
1312 1231 1372 1290 hoc
1396 1229 1478 1303 loco,

207 1335 244 1394 V.
273 1335 333 1395 138
372 1333 491 1414 (τῶρμος
527 1332 610 1407 ὅσαις
640 1331 774 1409 μέλεται),
805 1333 858 1393 IV.
892 1334 933 1392 98
965 1329 1126 1410 (εὖαγὲεσσι
1156 1331 1319 1409 μελοίμην),
1347 1332 1386 1392 fr.
1415 1333 1477 1393 169

207 1432 347 1513 μέμβλετο
380 1431 408 1495 δ’
443 1434 623 1512 εἰστλήοοις)
650 1436 697 1495 ita
727 1433 960 1509 significatione
984 1449 1115 1508 prorsus
1138 1435 1253 1494 eadem
1276 1435 1301 1493 Ι.
1328 1435 1368 1493 73
1393 1430 1477 1504 (ἄλλο

207 1533 303 1612 μέλειν
338 1535 478 1615 ἑτέροισι),
511 1537 564 1598 IV.
598 1540 639 1598 90
672 1533 719 1608 (od
755 1556 801 1595 πω
841 1558 891 1613 μοι
923 1537 1054 1595 Πυθῶνι
1084 1532 1162 1612 μέλει
1192 1533 1363 1612 τριποδήιος
1395 1532 1477 1613 ἕδρη)

207 1639 351 1697 activum
386 1638 540 1698 adhibuit.
576 1639 612 1697 ln
648 1652 712 1711 qua
745 1654 779 1698 re
813 1652 1011 1710 quamquam
1048 1637 1244 1710 frequentior
1275 1636 1374 1697 medii
1397 1651 1478 1696 usus

206 1740 353 1813 proprius
386 1742 437 1799 est
467 1740 599 1813 tragicis
630 1755 692 1799 non
723 1743 834 1799 tamen
858 1740 998 1813 proiecto
1023 1740 1105 1812 fugit
1129 1739 1363 1800 Callimachum
1388 1736 1475 1813 prae·

207 1841 284 1901 iisse
308 1842 416 1915 ipsum
439 1841 617 1901 Homerum
642 1845 679 1901 A.
694 1842 768 1902 523.
794 1863 819 1899 τι.
833 1843 906 1901 505.
932 1841 1065 1902 Gravior
1084 1844 1195 1902 autem
1215 1841 1373 1914 quaestio,
1394 1856 1476 1912 qnae

207 1943 264 2003 vix
283 1944 454 2004 dirimatur
473 1946 576 2004 restet
595 1945 633 2004 de
654 1945 758 2004 forma
777 1940 980 2020 μέμβλετο,
998 1960 1097 2017 quam
1117 1944 1219 2005 semel
1239 1946 1369 2003 tantum
1382 1942 1477 2014 idque

206 2045 253 2105 ita
276 2046 420 2106 adhibuit
443 2048 561 2120 noster,
586 2048 708 2106 utnon
732 2049 885 2120 appareat
907 2049 1016 2106 utrum
1049 2046 1248 2120 imperfecto,
1280 2060 1321 2104 an
1345 2044 1476 2117 aoristo,

209 2162 248 2206 an
272 2147 586 2222 plusquamperfecto
612 2148 768 2207 tribuerit.
792 2146 854 2206 Vix
882 2149 992 2207 tamen
1018 2148 1199 2222 putaverim
1230 2146 1476 2219 Callimachum,

207 2249 261 2320 qui
296 2249 486 2323 reduplicati
520 2250 632 2310 aoristi
666 2250 779 2309 formis
813 2264 942 2323 perraro
977 2265 1057 2309 usus
1087 2251 1137 2310 est
1168 2245 1306 2318 (ἐκέκλετο
1338 2249 1478 2309 occurrit

206 2349 258 2409 IV.
287 2351 359 2419 150)
391 2352 430 2411 ab
462 2351 650 2424 aequalibus
678 2352 711 2411 in
734 2351 794 2410 hac
818 2366 852 2411 re
877 2351 1079 2411 dissensisse.
1115 2351 1257 2427 Quorum
1288 2350 1478 2424 Apollonius

207 2450 350 2510 Rhodius
380 2453 420 2511 ll.
452 2454 514 2512 217
541 2451 705 2531 μέμβλεσθε
735 2453 897 2526 praesenti
929 2453 1042 2526 forma,
1075 2455 1108 2512 et
1134 2453 1299 2525 aliquanto
1323 2455 1398 2525 post
1422 2451 1478 2525 Op·

207 2553 321 2626 pianus
345 2552 418 2613 Hal.
444 2554 496 2614 IV.
524 2557 563 2618 λλ
590 2551 767 2631 μέμβλοοτοι
790 2554 929 2614 scribere
953 2569 1015 2613 non
1036 2554 1232 2613 dubitarunt.
1258 2552 1333 2611 Veri
1354 2552 1479 2611 similli·

206 2670 297 2714 mum
317 2655 415 2727 igitur
437 2659 488 2715 cst
512 2657 744 2717 Callimachum
763 2671 894 2737 ,quoque
918 2658 956 2716 de
981 2671 1076 2716 versu
1105 2659 1136 2715 T.
1152 2657 1214 2715 343
1243 2645 1280 2730 ,lq
1305 2675 1405 2712 ουτοι
1429 2652 1478 2713 οὐ-

204 2751 264 2812 κέτι
298 2754 394 2833 πάγχυ
426 2754 496 2831 μετὰ
527 2755 613 2833 φρεσὶ
637 2750 765 2834 μέμβλετ’
799 2755 938 2833 Ἀχιλλεὺς
962 2756 1048 2816 idem
1073 2756 1228 2816 iudicium
1255 2756 1369 2816 tulisse
1394 2755 1479 2828 quod

202 2857 395 2922 recentiores
424 2858 629 2929 grammatici
654 2859 692 2918 de
720 2860 779 2919 hoc
803 2859 872 2918 loco
895 2858 998 2930 deque
1024 2857 1129 2917 forma
1154 2853 1310 2933 μέμβλεται
1333 2856 1480 2915 tulerunt

203 2957 253 3025 (ci.
278 2957 424 3018 llustath.
453 2959 545 3018 1722.
572 2960 624 3018 63.
648 2975 745 3032 quem
768 2960 899 3019 reddere
925 2959 1021 3017 verba
1045 2958 1219 3018 Herodiani
1240 2960 1352 3018 censet
1375 2957 1477 3017 Lentz

203 3058 243 3118 Il.
270 3059 372 3132 294.);
399 3061 559 3132 praesenti
584 3063 695 3120 autern
721 3058 838 3138 μέμβλω
863 3062 921 3119 has
946 3059 1068 3119 formas
1093 3060 1273 3132 adsignant.

250 3159 400 3220 Glossam
432 3161 627 3221 homericam
659 3162 757 3221 simul
785 3162 895 3222 scribit
920 3176 995 3221 cum
1019 3162 1284 3235 interpretatione
1304 3161 1478 3235 aeschylea

207 3258 422 3320 Callimachus
456 3278 530 3321 curn
566 3279 613 3322 vs.
651 3266 670 3322 3
707 3264 812 3323 verbis
851 3260 987 3339 ,χόρος
1023 3259 1280 3340 oporicen&
1316 3261 1477 3336 significat

207 3362 367 3434 virginum
392 3366 519 3423 coetum
544 3366 596 3424 cui
620 3365 697 3425 libet
725 3362 782 3439 ,lv
803 3361 966 3442 οὔρεσιν
989 3361 1253 3438 ἕψοολοσθαι”;
1276 3379 1352 3424 nam
1377 3379 1477 3423 sonus

205 3464 274 3537 ipse
298 3464 466 3525 verborum
498 3467 605 3539 arguit
638 3467 670 3525 in
704 3481 780 3526 voce
813 3463 988 3542 ἀμφιλαφὴς
1012 3482 1094 3540 quae
1125 3467 1288 3526 homerica
1319 3481 1383 3525 non
1417 3467 1476 3537 est,

206 3569 240 3625 at
265 3567 352 3625 vario
377 3582 474 3626 sensu
497 3584 517 3627 a
540 3569 748 3643 scriptoribus
773 3568 952 3643 adhibetur,
980 3570 1139 3642 cogitasse
1161 3585 1237 3628 eum
1261 3570 1299 3629 de
1322 3565 1475 3640 Aeschyli

207 3682 301 3726 versu
334 3664 459 3741 Oboeplv.
494 3668 556 3728 368
593 3666 702 3746 (γόος
734 3666 908 3744 ἀμφιλαφὴς
933 3666 1122 3746 τοροχθεὶς”,
1151 3684 1232 3742 quae
1259 3670 1355 3728 verba
1379 3671 1475 3742 recte,

206 3769 325 3844 opinor,
355 3770 401 3828 ita
429 3772 539 3829 noster
569 3770 691 3843 accepit
723 3773 760 3829 ut
794 3768 863 3848 γόος
894 3767 1132 3847 ἀμφιλαμβολοων
1163 3770 1216 3831 sit.
1249 3770 1371 3830 Ceteris
1402 3785 1475 3843 quo·

204 3885 265 3942 que
301 3870 379 3930 locis
414 3870 530 3944 quibus
562 3885 674 3930 vocem
707 3870 783 3930 licet
817 3886 879 3931 non
914 3886 1031 3946 raram,
1064 3874 1174 3931 tamen
1207 3887 1305 3931 sensu
1332 3872 1474 3945 dubiam,

205 3975 338 4046 usurpat
369 3988 443 4033 oum
478 3973 572 4032 verbo
605 3969 784 4050 ἀμφιλοβεῐο
815 3973 964 4045 coniungi
992 3973 1106 4033 debere
1134 3973 1238 4033 lucide
1262 3974 1474 4046 demonstrat,

205 4073 275 4132 sive
305 4073 413 4133 activa
445 4075 486 4148 vi,
519 4076 556 4133 ut
586 4076 619 4133 et
642 4074 693 4133 hic
718 4077 749 4132 et
773 4074 813 4132 ΙΙ.
839 4075 880 4132 42
913 4071 1008 4156 (τέχνῃ
1041 4071 1227 4150 ἀμφιλαφὴς)
1252 4074 1320 4133 sive
1344 4075 1476 4148 passiva

205 4177 242 4233 ut
265 4174 317 4234 VI.
343 4176 383 4234 27
408 4172 506 4246 (ἄλσος
539 4173 689 4253 δένδρεσιν
721 4170 890 4250 ολμφιλοιοὲς
914 4176 997 4248 quod
1021 4176 1170 4235 imitatus
1192 4176 1325 4235 Nonnus
1346 4176 1474 4252 Dionys.

205 4276 246 4335 X.
271 4277 336 4336 300
366 4273 559 4353 »ἀμφιλαφὴς
587 4276 738 4351 φολίδεσσι
762 4274 902 4354 δράκων).
934 4277 1113 4337 Homerum
1137 4280 1247 4337 autem
1271 4279 1355 4338 haud
1379 4279 1474 4338 inele-

204 4380 318 4450 ganter
348 4378 578 4451 interpretatus
610 4382 660 4437 est
690 4379 722 4437 in
754 4380 899 4438 extremo
926 4394 1029 4438 versu.
1056 4377 1227 4439 Obversari
1250 4379 1336 4439 enim
1360 4383 1475 4455 poetae

202 4481 312 4538 nostro
343 4479 412 4539 loco
447 4494 543 4539 nemo
574 4494 636 4539 non
671 4481 757 4540 videt
786 4481 1052 4541 venustissimam
1077 4481 1197 4541 Dianae
1221 4480 1474 4555 descriptionem

206 4581 227 4650 ζ.
255 4581 316 4640 106
