3090 5294
828 453 869 515 62
1267 456 1326 517 111.
1354 459 1486 518 53-61

214 647 300 709 enim
324 641 552 723 μοννογλήνα
576 640 675 702 δεινὸν
697 639 1017 720 ὑπογλαάσσοντα
1041 642 1123 703 dixit
1145 643 1302 719 („lumina
1324 660 1368 704 ex
1392 624 1487 706 unica

213 747 334 825 pupilla
357 745 483 806 horride
506 744 719 820 spectantia”)
743 745 779 804 ut
801 743 959 804 indicaret
981 743 1144 823 γλήνην,
1165 746 1249 820 quod
1271 747 1358 807 teste
1383 746 1485 808 Schol.

213 851 266 910 BL
288 850 322 910 in
345 845 377 913 Ξ.
404 848 469 908 494
503 846 650 908 nonnulli
676 846 866 908 derivabant
887 843 969 926 καρὰ
997 845 1030 907 τὸ
1054 846 1232 926 νίγληεοσαν
1258 840 1346 924 εἶναι,
1368 848 1486 908 melius

213 951 340 1014 dervari
354 966 374 1011 a
389 950 490 1025 stirpe
503 949 591 1011 verbi
603 948 760 1029 γλαύσοειν
774 948 824 1019 (ci.
838 949 941 1010 Schol.
955 949 989 1008 in
1000 948 1146 1025 Apollon.
1160 949 1261 1010 Rhod.
1277 949 1386 1021 1280).
1401 949 1485 1010 Oete·

213 1068 287 1114 rum
306 1066 410 1126 neque
422 1051 638 1112 omittendum
653 1052 704 1111 est
716 1041 795 1125 φάεα
808 1050 904 1123 longa
926 1050 1184 1124 antepenultima
1197 1052 1377 1112 secundum
1390 1067 1485 1112 usum

214 1153 414 1215 homericum
438 1156 478 1223 (τι.
501 1153 558 1227 15;
579 1174 604 1231 ρ.
625 1153 685 1227 39;
708 1174 733 1213 τ.
754 1153 830 1221 414)
854 1151 1040 1212 adhibuisse
1062 1155 1221 1230 nostrum,
1246 1154 1279 1215 et
1306 1155 1485 1215 correxisse

213 1255 449 1330 quodammodo
473 1253 707 1316 Callimachum
730 1253 828 1314 verba
848 1252 991 1314 Homeri.
1013 1253 1073 1330 Qui
1093 1270 1168 1315 cum
1188 1255 1227 1316 de
1249 1253 1386 1330 Cyclope
1405 1254 1484 1316 locu·

137 1399 144 1414 .
214 1363 268 1419 tus
288 1380 307 1416 r.
328 1357 392 1418 889
408 1350 544 1434 ,ὀφρύας
556 1346 642 1414 εὗσεν
661 1351 758 1433 ἀυτμὴ
773 1353 884 1434 γλήνης
896 1351 1076 1433 καιομένης”
1089 1357 1199 1417 minus
1211 1358 1362 1417 accurate
1374 1355 1487 1432 plurali

214 1474 349 1521 numero
361 1473 441 1518 usus
454 1472 526 1518 esse
538 1457 711 1534 videretur,
725 1457 763 1517 de
779 1457 873 1518 unico
885 1457 1056 1532 supercilio
1067 1458 1267 1531 singularem
1279 1460 1391 1519 noster
1403 1458 1486 1518 adhi-

214 1563 284 1623 buit
307 1561 497 1621 numerum!
530 1560 698 1621 Postremo
722 1559 829 1621 verbis
862 1559 978 1635 ,τιονλύ
1000 1553 1022 1618 τ’
1047 1556 1129 1637 depe
1152 1556 1299 1634 pordav'·
1325 1559 1425 1620 alludi
1448 1559 1485 1618 ad

215 1662 350 1723 Vulcani
369 1660 515 1722 officinas
534 1676 615 1734 quas
635 1661 796 1722 Homerus
812 1660 981 1735 descripsit
995 1660 1076 1722 libro
1087 1664 1118 1719 Σ
1128 1661 1182 1722 ubi
1194 1662 1272 1721 sunt
1283 1668 1380 1736 φῦσαι
1396 1681 1486 1737 ,τινν-

216 1764 301 1843 τοίην
324 1759 491 1842 εὔπρηστον
517 1758 634 1840 άντμὴν
656 1758 834 1835 ἒξανιεῖοαι”
859 1765 918 1832 (va.
943 1762 1018 1831 470)
1043 1762 1098 1822 vix
1121 1762 1278 1835 estquod
1302 1776 1465 1822 moneam.

261 1968 316 2031 Vs.
342 1971 394 2030 56.
976 1956 1030 2025 αὖε
1052 1962 1108 2044 γὰρ
1133 1963 1236 2043 Αἴτνη,

439 2059 493 2129 αὖε
517 2064 549 2129 δὲ
575 2067 727 2147 Τρινακίη,
749 2071 890 2127 Σικανῶν
912 2063 989 2144 ἕδος,
1010 2058 1065 2127 αὖε
1089 2062 1121 2125 δὲ
1143 2066 1246 2147 γείτων

434 2164 552 2248 Ἰταλίη,
574 2170 705 2250 μεγάλην
728 2165 761 2230 δὲ
783 2167 860 2249 βοὴν
884 2166 932 2229 ἐντί
958 2168 1076 2248 Κύρνος
1099 2166 1192 2247 άύτει,

438 2263 501 2332 εὖθ’
529 2271 611 2352 οἵγε
634 2272 793 2353 ῥαιστῆρος
816 2269 985 2352 ἀειράμενοι
1008 2267 1083 2351 ὑπὲρ
1110 2269 1199 2348 ὤμων

340 2375 383 2434 60
437 2370 458 2453 ἢ
481 2372 589 2452 χαλκὸν
612 2373 725 2446 ζείοντα
747 2373 914 2453 καμινόθεν
937 2369 972 2452 ν’ρὲ
994 2372 1118 2451 σίδηρον

439 2472 603 2555 άμβολαδίς
625 2475 796 2548 τετύκοντες
820 2472 869 2535 lat
891 2472 965 2555 με’γα
990 2472 1182 2553 μοχθησειαν.

260 2579 382 2654 iterati,
418 2579 455 2638 ut
488 2577 519 2638 in
555 2578 606 2638 his
642 2578 799 2655 versibus
832 2578 921 2639 verbi
953 2592 1082 2652 semper
1111 2576 1238 2636 amator
1269 2576 1321 2647 (ci.
1354 2592 1402 2638 ve.
1436 2578 1487 2646 44)

215 2696 300 2742 nunc
330 2680 461 2754 quidem
484 2678 624 2740 habebat
646 2695 744 2753 quem
771 2682 976 2754 sequeretur:
1002 2678 1150 2739 imitatus
1174 2678 1261 2739 enim
1286 2680 1337 2739 est
1360 2680 1489 2740 nobilis·

216 2784 318 2844 simos
342 2798 456 2844 versus
480 2797 521 2842 ex
544 2782 761 2843 'theomachia
785 2784 832 2853 (Τ.
858 2781 911 2852 48)

1037 2871 1091 2941 οδε
1115 2875 1144 2940 δ’
1171 2878 1284 2960 Ἀθήνη

438 2979 518 3045 στάσ’
542 2980 589 3045 tel
612 2980 666 3063 μὲν
688 2982 770 3066 παρὰ
791 2985 908 3065 τάφρον
930 2980 1060 3065 ὀρυκτὴν
1083 2982 1189 3061 τείχεος
1213 2979 1303 3060 ἐκτὸς,

439 3081 529 3148 ἄλλοτ’
556 3081 597 3148 bl
623 3085 740 3149 ἀκτάων
763 3085 930 3169 ἐριδούπων
953 3085 1067 3167 μακρὸν
1089 3083 1182 3163 ἀύτει,

439 3180 493 3249 αὖε
517 3183 547 3248 δ’
567 3186 657 3268 ’Ἀρης
681 3187 836 3270 ἑτέρωθεν,

217 3295 251 3353 et
284 3292 335 3352 hic
365 3291 496 3366 quidem
526 3291 620 3366 eulpa
651 3295 756 3368 vacat,
789 3308 852 3367 qua
875 3292 1013 3367 turpiter
1035 3290 1181 3366 peccavit
1203 3291 1244 3350 ΙΙ.
1272 3291 1333 3350 102
1358 3307 1378 3351 a
1402 3309 1490 3368 prae·

217 3394 303 3455 senti
344 3393 448 3454 forma
483 3389 583 3452 άντεῖν
618 3395 777 3454 aoristum
811 3394 937 3469 fingens
971 3393 1066 3469 plene
1097 3408 1218 3454 novum
1261 3389 1429 3471 ,ἐπηύτηοε
1461 3391 1493 3454 δὲ

216 3492 318 3566 λοός.”
358 3493 508 3555 Ceterum
543 3497 580 3555 ut
610 3495 733 3555 assolet
759 3496 934 3556 imitationi
957 3495 1257 3570 interpretationem
1280 3495 1386 3571 addit;
1413 3513 1491 3558 nam

216 3598 348 3672 secutus
372 3612 428 3658 eos
448 3613 561 3658 versus
585 3613 666 3671 quos
691 3598 848 3672 exscripsi
868 3597 968 3658 simul
988 3599 1100 3658 tamen
1119 3596 1241 3657 indicat
1256 3598 1391 3659 verbum
1406 3597 1493 3659 αὔειν

217 3698 318 3758 alium
349 3713 475 3772 quoque
505 3714 638 3760 sensum
672 3700 755 3774 apud
779 3700 959 3760 Homerum
981 3700 1125 3760 obtinere
1148 3713 1246 3771 quam
1269 3702 1410 3762 uocandi.
1436 3702 1492 3761 Re·
1519 3682 1525 3686 ’

216 3800 351 3861 coeundi
373 3800 461 3860 enim
484 3800 512 3862 ei
538 3801 604 3861 vim
628 3802 742 3862 tribuit
764 3802 850 3862 baud
873 3801 1047 3861 immemor
1068 3815 1183 3861 versus
1206 3800 1246 3858 Ν.
1270 3802 1333 3862 441

439 3898 476 3979 δὴ
500 3900 562 3962 τότε
585 3896 607 3982 γ’
634 3893 710 3962 αὖον
734 3899 825 3962 άνσεν
849 3900 1031 3982 ἐρεικόμενος
1054 3898 1121 3981 περὶ
1145 3901 1238 3982 δουρί.
1272 3906 1274 3909 ’

262 4002 459 4077 Saepissime
493 4004 654 4065 Homerus
685 4004 759 4064 huic
791 4004 886 4065 verbo
909 4004 1026 4065 adiecit
1051 4000 1125 4083 μέγα
1148 4001 1262 4083 μακρὸν
1284 4003 1373 4065 talia.
1400 4005 1493 4082 Quod

218 4105 329 4163 autem
353 4105 464 4166 noster
488 4104 731 4166 substantivum
754 4105 843 4166 addit
866 4101 953 4184 (βοὴν
973 4102 1020 4164 inl
1043 4104 1164 4182 Κύρνος
1187 4101 1278 4176 ἀύτει)
1301 4106 1332 4166 id
1356 4109 1493 4181 tragicis

217 4205 328 4266 debuit
361 4206 415 4279 qui
449 4222 488 4267 ea
521 4208 677 4267 adamant
711 4207 811 4268 veluti
845 4207 1012 4282 Euripides
1046 4206 1161 4268 Hecuh.
1200 4208 1284 4268 1092
1312 4207 1389 4287 βοὰν
1412 4209 1493 4289 βοὰν

217 4301 297 4365 άοτῶ
320 4306 370 4376 (cf.
394 4305 461 4368 Ιοκ.
489 4309 594 4379 1146).

263 4409 414 4482 Sequitur
448 4426 545 4472 versu
576 4414 616 4473 61
653 4407 861 4490 άμφιμάχητον
892 4412 971 4474 illud
994 4409 1218 4491 άμβολαδίς
1247 4412 1492 4491 τετάττοντες

219 4511 257 4571 de
288 4526 350 4585 quo
382 4513 533 4575 adverbio
563 4513 669 4575 multa
692 4515 843 4575 dixerunt
866 4515 971 4576 multi.
1003 4516 1091 4576 Duas
1114 4515 1260 4576 adhibuit
1282 4515 1405 4577 iormas
1428 4517 1493 4581 Ho-

217 4627 345 4674 merus:
375 4609 532 4693 ἀμβλήδην
556 4617 594 4676 Χ.
619 4617 683 4677 476
