3068 5294
19 454 61 515 11.
88 455 221 514 25-29
630 453 692 512 201

22 642 116 702 Hanc
150 643 275 716 partem
312 642 424 716 paucis
455 657 509 703 me
539 641 706 702 absolvere
737 656 832 716 posse
862 657 904 703 ex
931 642 1039 703 animo
1069 644 1181 718 laetor,
1205 646 1297 705 tanto

21 741 146 803 afficior
179 743 309 804 fastidio
348 759 423 804 cum
466 744 613 817 quaesita
652 743 865 817 ambignitate
908 743 1095 805 adulantem
1135 745 1202 818 regi
1237 759 1297 805 suo

25 846 118 906 video
150 848 280 921 poetam
308 861 364 919 per
395 860 509 905 versus
541 844 614 904 illos
646 844 813 918 languidos
845 846 986 921 25-29,
1017 848 1051 906 et
1077 846 1200 906 invitus
1231 846 1297 906 iere

24 962 139 1007 revoco
163 947 328 1007 homerica
351 945 407 1006 illa
430 961 513 1019 quae
536 946 589 1006 hic
610 946 761 1006 imitatur
785 944 1003 1007 Callimachus
1026 950 1071 1018 (Ζ.
1097 949 1187 1018 141);

239 1042 323 1123 ,oit'
351 1043 389 1106 άν
412 1045 467 1127 ἐγὼ
491 1046 652 1126 μακάρεσσι
675 1051 758 1119 θεοῖς
782 1043 914 1124 ἐθέλοιμι
938 1047 1117 1126 μάχεσθαι”.

64 1148 282 1210 Referendum
307 1152 417 1211 tamen
449 1151 500 1209 est
530 1150 570 1210 ad
594 1164 726 1209 versum
751 1149 856 1225 illum,
887 1165 949 1223 quo
973 1150 1181 1211 confirmetur
1200 1167 1238 1211 ea
1261 1166 1295 1211 re

25 1267 151 1326 quoque
175 1252 295 1313 distare
319 1253 466 1312 nostrum
491 1252 531 1312 ab
554 1252 644 1326 spico
664 1266 823 1327 sermone,
847 1252 930 1326 quod
958 1252 1125 1330 „persp”
1150 1253 1296 1313 substan-

23 1355 82 1414 tivi
105 1354 173 1415 fere
197 1355 267 1415 vice
291 1354 374 1428 apud
397 1368 473 1414 eum
496 1353 650 1427 iungatur
673 1353 723 1423 (ci.
745 1369 816 1428 pag.
839 1355 901 1424 36).
928 1353 973 1415 De
995 1370 1056 1414 usn
1076 1356 1187 1414 antem
1209 1354 1297 1414 verbi

24 1454 213 1537 φθέγγεσθαι
236 1457 303 1517 iam
326 1471 397 1531 pag.
414 1458 486 1532 131,
511 1458 544 1517 et
568 1457 606 1517 de
630 1456 713 1517 crasi
739 1457 771 1517 in
799 1452 981 1532 „baetico”
1006 1456 1150 1517 adhibita
1169 1472 1240 1531 pag.
1257 1456 1296 1515 18

25 1560 148 1621 dictum
182 1560 243 1620 est.
279 1559 341 1620 Sed
373 1559 468 1620 verbo
500 1560 671 1620 dicendum
706 1561 757 1619 est
784 1559 823 1620 de
846 1559 980 1635 optativi
1004 1574 1065 1619 usu
1090 1559 1122 1618 in
1151 1557 1298 1618 versibus

25 1663 65 1724 25
90 1664 124 1723 et
149 1663 200 1723 26.
225 1662 366 1738 Apparet
390 1662 477 1722 enim
502 1660 699 1722 Callimacho
723 1662 826 1722 iudice
850 1676 1035 1722 sermonem
1059 1661 1186 1735 epicum
1215 1659 1296 1719 ferre

26 1765 58 1823 in
82 1763 300 1839 hypotheticis
332 1763 509 1822 enuntiatis
542 1763 723 1837 optativum
753 1763 912 1837 particula
935 1758 973 1821 liv
996 1763 1199 1824 destitutum.
1225 1760 1298 1822 Om-

25 1865 100 1924 nino
136 1879 199 1924 non
234 1864 478 1926 offendebantur
511 1864 717 1938 grammatici
753 1864 962 1925 Alexandrini
994 1865 1026 1925 in
1054 1866 1095 1924 iis
1115 1864 1194 1926 locis
1218 1879 1298 1937 quos

26 1965 120 2026 hodie
144 1965 294 2026 certatim
314 1965 448 2026 Homeri
468 1967 608 2027 editores
628 1966 802 2042 corrigunt,
824 1966 929 2039 qualis
949 1968 999 2026 est
1020 1982 1134 2027 versus
1155 1969 1189 2024 Δ.
1203 1968 1244 2028 93
1261 1956 1298 2043 ,ἦ

27 2065 63 2147 ῥά
97 2066 136 2128 νύ
168 2065 222 2144 μοί
249 2089 276 2125 ιι
299 2066 404 2127 πίθοιο
413 2069 442 2140 ;”
467 2068 500 2128 et
523 2067 566 2128 ibi
589 2069 701 2127 tamen
726 2067 866 2128 dubitari
888 2070 1006 2144 potest,
1034 2069 1145 2127 utrum
1169 2067 1298 2128 interro·

28 2169 114 2242 gailo
145 2183 187 2228 an
219 2169 400 2229 adhortatio
431 2168 656 2242 grammaticis
687 2169 760 2229 visa
790 2169 843 2244 sit,
876 2169 1049 2230 adnotatur
1071 2169 1159 2230 enirn
1186 2167 1298 2244 ,cincla

26 2264 341 2347 ἡπαροίνεοις”,
373 2272 485 2331 contra
516 2266 547 2334 Ξ.
585 2269 648 2331 190
683 2272 716 2331 ln
751 2271 863 2331 eodem
894 2287 1010 2332 versus
1040 2271 1131 2332 initio
1161 2271 1300 2331 dubitari

28 2387 88 2432 non
126 2373 236 2446 potest
266 2372 342 2446 quin
373 2367 411 2430 dv
444 2372 534 2447 epica
561 2371 692 2433 licentia
716 2372 876 2432 omissum
899 2372 1091 2433 iudicaverit
1113 2372 1299 2446 grammati·

30 2489 86 2534 cus
105 2474 161 2547 qui
181 2472 352 2548 adscripsit
374 2469 578 2549 ,ὑποθετικῶς
606 2470 798 2553 σιολὲγειοι”.
823 2472 933 2546 Neque
957 2473 1052 2534 aliter
1071 2475 1168 2546 atque
1188 2470 1301 2532 ὑποθε-

29 2583 113 2647 τικῶς
146 2576 245 2650 accipi
279 2576 387 2649 potest
413 2576 448 2632 E.
474 2575 556 2635 303:
585 2568 619 2650 ,3
644 2573 679 2634 οὐ
704 2573 760 2634 δύο
784 2568 806 2653 γ’
832 2570 922 2651 liudpr
946 2570 1087 2652 φέροιεν”
1111 2573 1161 2644 (cf.
1186 2573 1300 2634 Nuber.

33 2676 150 2751 damasi.
174 2676 256 2737 hom.
281 2691 311 2751 p.
339 2677 422 2745 100).
456 2676 556 2736 Facili
581 2677 677 2737 modo
701 2677 780 2737 haec
804 2677 954 2752 exempla
977 2675 1083 2749 quiuis
1107 2675 1237 2748 augebit
1260 2691 1301 2735 ex

29 2779 146 2839 Atticis
166 2778 299 2851 tragicis
318 2777 510 2852 praesertim
532 2778 759 2853 scriptoribus;
781 2781 815 2838 et
834 2792 1032 2853 quamquam
1049 2777 1211 2851 plerisque
1222 2776 1301 2837 locis

29 2874 64 2937 άι
85 2879 138 2940 rel
157 2900 209 2938 κει
228 2879 298 2939 sive
317 2880 425 2953 potest
444 2879 517 2940 addi
538 2878 607 2939 sive
628 2880 733 2955 debet,
754 2879 784 2940 id
804 2880 922 2940 saltem
944 2880 1069 2939 certum
1089 2877 1126 2938 fit
1138 2893 1179 2938 ex
1191 2879 1301 2939 nostro

29 2981 107 3057 loco,
128 2982 166 3042 ut
186 2981 436 3054 Aristophanem
458 2982 554 3053 atque
567 2980 794 3041 Aristarchum
816 2981 863 3040 ita
883 2980 1116 3041 Callimachum
1130 2979 1300 3055 iudicasse,

28 3084 95 3143 tam
120 3083 153 3142 in
178 3081 383 3142 subiunctivo
407 3081 549 3155 generali
577 3096 675 3155 qnam
704 3082 736 3142 in
765 3082 910 3157 optativo
938 3077 976 3140 dv
996 3085 1067 3152 (κεν)
1088 3082 1217 3155 saepius
1236 3082 1301 3156 qui·

29 3185 100 3245 dem
128 3184 212 3261 addi,
244 3185 300 3245 sed
331 3199 426 3259 posse
449 3185 567 3246 omitti.
597 3184 685 3261 Quod
709 3186 820 3245 autem
843 3185 876 3244 in
901 3184 1100 3245 secundariis
1124 3185 1302 3245 enuntiatis

29 3289 100 3361 post
123 3286 353 3348 conunctiones
378 3284 412 3362 εἰ,
436 3284 492 3363 ὅτε,
514 3286 604 3363 talia,
628 3287 821 3362 saepissime
845 3287 877 3347 in
902 3287 1001 3362 epicis
1027 3287 1160 3362 viderat,
1181 3287 1212 3348 id
1232 3287 1301 3362 ipse

30 3389 177 3449 imitatur
208 3403 304 3448 versu
336 3389 495 3463 sequenti,
523 3404 597 3449 cnm
629 3391 751 3449 omisso
781 3410 832 3448 κεν
855 3389 934 3450 dicit
960 3386 1025 3465 ,lire
1050 3386 1176 3448 οἱκατὰ
1199 3387 1301 3465 θυμὸν

29 3486 89 3549 ἀεί
97 3489 183 3574 siff:
208 3490 255 3550 ita
281 3490 369 3550 enim
392 3490 564 3564 legendum
590 3505 662 3551 esse
690 3490 882 3552 Schneidero
906 3491 1043 3551 libenter
1067 3492 1235 3553 assentior.

70 3593 126 3654 Vs.
141 3594 184 3653 29
196 3593 275 3653 nihil
288 3593 386 3655 habet
404 3593 579 3654 admodum
600 3592 825 3654 observatione
837 3594 981 3670 dignum,
996 3594 1058 3653 nisi
1071 3593 1155 3667 quod
1169 3593 1303 3653 verbum

27 3703 145 3773 τιμᾶν
176 3695 354 3756 secundum
385 3695 517 3756 Homeri
546 3710 644 3756 usum
668 3695 855 3756 adhibetur:
879 3711 956 3756 nam
980 3710 1077 3770 saepe
1101 3694 1184 3768 apud
1209 3693 1302 3753 illum

30 3812 153 3872 quoque
198 3797 230 3858 di
272 3804 391 3874 τιμῆσαι
432 3796 501 3869 τοὺς
543 3794 669 3875 βροτοὺς
704 3797 855 3858 dicuntur
893 3813 968 3858 cum
999 3812 1133 3858 munere
1170 3797 1301 3872 pietatis

29 3900 183 3960 mortales
206 3900 336 3960 donant.
372 3898 481 3960 Obiter
505 3901 616 3960 autem
641 3914 766 3975 moneo,
791 3900 851 3961 hoc
875 3915 972 3960 versu
999 3901 1146 3975 spectare
1170 3899 1300 3972 poetam

29 4002 187 4077 hymnum
212 4002 413 4063 homericum
437 4002 469 4062 in
490 4000 695 4062 Mercurium.
720 4001 766 4062 Ut
789 4002 878 4063 enim
905 4002 956 4062 hic
980 4002 1019 4062 ad
1043 4001 1194 4062 dextram
1213 3999 1301 4060 Iovis

29 4105 174 4165 adsidere
197 4104 314 4165 dicitur
337 4103 460 4180 Apollo,
483 4103 531 4164 ita
553 4103 671 4179 hymno
693 4102 775 4163 hora.
800 4103 834 4162 ιἰι
858 4101 949 4164 Mero.
973 4118 1022 4163 vs.
1051 4101 1115 4163 468

274 4212 388 4283 πρῶτος
411 4203 466 4284 γὰρ
491 4203 564 4276 Διὸς
587 4199 634 4264 oti
657 4198 713 4281 μετ’
740 4201 919 4264 ἀθανάτοισι
942 4203 1087 4275 θαάσσεις
1113 4196 1144 4274 ¹).

61 4471 78 4533 ¹)
96 4473 230 4522 Eiusmodi
247 4487 336 4521 versus
354 4474 446 4522 iniuria
461 4489 538 4537 saepe
555 4475 711 4523 induxerunt
728 4473 913 4521 Alexandrinae
929 4486 1037 4534 poeseos
1053 4474 1257 4534 investigatores,
1273 4476 1304 4520 ut

29 4553 107 4601 latere
124 4553 285 4601 adulationes
298 4567 389 4613 regum
407 4555 433 4600 in
447 4558 539 4615 poetae
548 4555 634 4603 verbis
648 4555 848 4616 suspicarentur.
861 4554 902 4600 Ita
914 4553 982 4600 hune
994 4566 1095 4601 versum
1107 4555 1138 4601 29
1148 4556 1235 4601 natum
1246 4565 1304 4600 esse

28 4645 58 4680 ex
84 4634 139 4680 sola
165 4633 307 4681 imitatione
334 4637 425 4695 poetae
450 4635 572 4683 homerici
600 4638 737 4697 propterea
763 4648 857 4695 operae
884 4635 996 4696 pretium
1023 4635 1072 4683 erit
1094 4634 1251 4694 meminisse,
1271 4645 1304 4680 ne
