3068 5294
842 467 903 529 196
1308 469 1350 530 Π.
1377 470 1486 529 14-15

236 657 362 719 videtur
382 656 608 719 Callimachus.
629 656 699 717 Etsi
718 658 807 719 enim
821 657 905 733 apud
918 658 1097 718 Homerum
1113 657 1268 733 „inservit
1280 658 1489 733 imperfectum

235 760 275 820 ad
296 760 483 820 indicandas
501 774 564 833 res,
584 774 667 832 quae
687 758 815 818 futurae
835 762 928 819 erant
947 758 997 818 vel
1019 760 1182 833 expectari
1201 761 1350 833 poterant
1362 761 1489 833 tempore
1528 810 1529 816 ,

234 862 272 922 de
293 875 355 934 quo
376 861 446 920 sive
465 862 561 934 poeta
580 860 722 933 loquitur
741 861 810 920 sive
831 861 859 920 is
878 861 934 933 qui
949 875 1084 920 narrans
1097 860 1290 936 inducitur''‚
1303 861 1384 921 nihil
1395 863 1489 920 tamen

234 965 285 1024 est
312 963 345 1023 in
370 963 457 1022 verbi
480 959 593 1038 μέλλειν
614 962 646 1021 vi
668 963 804 1038 propria,
829 977 891 1034 quo
915 963 1034 1023 rectius
1054 962 1280 1036 imperfectum
1300 978 1399 1036 quam
1419 977 1489 1037 prae·

233 1079 310 1124 sens
328 1066 458 1137 tempus
478 1078 552 1124 eam
571 1062 841 1137 significationem
861 1064 1003 1124 iudicare
1015 1064 1179 1138 putemus.
1192 1064 1299 1138 Ipsius
1312 1064 1490 1125 narrationis

232 1165 408 1240 ingenium,
443 1165 559 1239 quippe
595 1180 676 1238 quae
711 1180 763 1225 res
798 1167 895 1225 antea
926 1164 1030 1225 factas
1060 1168 1210 1242 exponat,
1237 1166 1310 1241 fert,
1336 1168 1373 1226 ut
1399 1178 1490 1224 senno

234 1267 417 1327 homericus
448 1269 579 1327 tantum
609 1281 673 1327 uon
696 1281 825 1340 semper
849 1267 887 1327 do
912 1267 1008 1327 rebus
1032 1267 1215 1341 praeteritis
1238 1282 1350 1341 agene,
1375 1268 1490 1340 tempus

233 1368 375 1443 postulet
405 1368 611 1443 historicum
638 1383 751 1428 verum
774 1370 905 1428 tantum
934 1369 1026 1428 abest
1056 1370 1092 1427 ut
1122 1384 1291 1444 perperam
1315 1368 1490 1429 iudicaverit

233 1469 461 1545 Callimachus,
491 1470 561 1529 iure
592 1484 651 1530 suo
683 1485 719 1530 se
742 1470 904 1530 dicturum
932 1465 1056 1544 ,τελέειν
1081 1466 1239 1546 μέλλονσέ·
1264 1470 1296 1540 (i.
1324 1485 1351 1530 e.
1375 1471 1402 1531 εἰ
1423 1470 1490 1529 aaa

232 1588 299 1648 apes
333 1571 389 1631 erit
422 1564 491 1646 fore
525 1574 557 1631 νλ
586 1572 770 1642 inclament)
802 1573 839 1631 ut
868 1570 968 1632 etiam
991 1586 1055 1631 non
1079 1571 1187 1632 desint
1209 1571 1271 1632 loci
1294 1572 1327 1631 in
1350 1571 1420 1646 ipso
1441 1571 1487 1630 Ho-

233 1688 323 1734 mero
357 1672 474 1746 quihus
505 1687 541 1732 se
571 1672 731 1747 defendat,
765 1672 866 1732 veluti
894 1674 932 1732 Ψ.
957 1674 1020 1733 544
1050 1669 1178 1749 ,μέλλεις
1201 1670 1257 1752 γὰρ
1281 1670 1487 1750 ἀφαιρήσεσθαι

233 1771 365 1834 demost
390 1775 410 1834 i.
435 1790 462 1835 e.
485 1773 521 1833 in
542 1774 650 1834 animo
672 1774 765 1834 habea
787 1773 930 1849 spoliare.

278 1877 366 1938 Haec
389 1877 488 1951 igitur
510 1876 592 1935 satis
614 1876 776 1937 homerico
797 1876 883 1937 dicta
902 1877 1005 1936 erant.
1027 1876 1088 1937 Sed
1112 1876 1237 1950 epicam
1257 1875 1430 1935 dictionem
1444 1887 1486 1947 por

234 1980 293 2039 hos
313 1993 428 2038 versus
447 1977 548 2037 etiam
569 1977 681 2038 volens
697 1992 734 2038 ac
754 1978 861 2038 sciens
879 1977 1033 2050 relinquit
1053 1976 1280 2038 Callimachus.
1302 1975 1393 2036 Mitto
1407 1974 1484 2034 verta
1524 2022 1527 2028 ,,

233 2079 378 2156 πολιὴν
402 2082 610 2158 νεμεῖσθαι
634 2083 693 2149 (vs.
710 2081 771 2155 14),
791 2093 969 2152 quaenovo
993 2094 1071 2140 saue
1091 2079 1186 2139 modo
1205 2078 1302 2154 dicta,
1315 2079 1482 2138 nontamen

233 2182 338 2242 forma
377 2197 451 2242 cum
487 2180 577 2254 epioe
611 2181 750 2242 dictione
779 2183 926 2255 pugnant
952 2196 1056 2254 neque
1086 2181 1175 2241 omni
1198 2179 1360 2253 elegantia
1383 2177 1481 2239 carent

233 2282 326 2342 Mitto
348 2297 475 2356 quoque
506 2280 646 2342 formam
669 2278 862 2358 έστήξειν,
889 2282 928 2342 de
951 2297 1014 2355 qua
1037 2282 1139 2342 obiter
1162 2295 1278 2341 moneo
1303 2279 1479 2340 infinitivum

234 2399 365 2458 perraro
398 2399 461 2444 usu
494 2383 640 2456 venisse;
672 2383 757 2443 hunc
793 2383 881 2443 enim
908 2384 1016 2458 ipsum
1045 2382 1234 2444 Callimachi
1274 2397 1403 2442 versum
1433 2379 1481 2439 lau·

235 2485 312 2546 dare
335 2484 555 2545 Herodianum
586 2485 637 2553 (ll.
664 2486 738 2560 269,
770 2485 819 2554 14)
847 2499 910 2558 quo
934 2484 1035 2545 futuri
1059 2484 1165 2546 exacti
1189 2484 1329 2545 formam
1354 2476 1481 2544 infinitivi

231 2584 409 2649 confirmet.
436 2585 576 2646 Novavit
601 2601 675 2647 vero
699 2585 927 2662 Callimachus,
952 2587 1046 2660 idque
1069 2601 1173 2659 neque
1197 2585 1378 2646 inconsulto
1397 2592 1478 2655 neque

230 2691 348 2764 inepte,
373 2703 447 2749 cum
471 2688 503 2748 in
528 2688 653 2762 epicam
677 2688 850 2749 dictionem
871 2689 980 2749 intulit
1005 2689 1139 2749 verbum
1160 2685 1314 2764 ἐπιδημεῖν
1339 2701 1376 2747 eo
1401 2694 1478 2744 sensu

232 2806 294 2864 quo
327 2806 412 2851 nunc
447 2789 587 2864 adhibet,
623 2789 851 2863 theophaniam
887 2789 1045 2864 Apollinis
1076 2789 1220 2850 indicans
1251 2788 1358 2848 verbis
1385 2784 1477 2862 Φοίβου

233 2888 563 2968 ἐπιδημήσαντος.
588 2891 738 2952 Solemne
758 2892 845 2952 enim
864 2892 898 2951 in
918 2891 977 2952 hac
993 2907 1027 2952 re
1042 2892 1176 2952 verbum
1188 2890 1267 2950 illud
1280 2891 1341 2966 eet,
1355 2905 1392 2950 ac
1403 2889 1478 2948 uotae

232 2996 309 3053 sunt
340 2993 436 3052 huius
465 2994 516 3054 dei
539 2991 692 3070 έιτιιλημλαι
723 2996 756 3054 et
779 2991 945 3070 ἀποδημίαι
971 2986 1001 3063 ¹).
1027 2993 1096 3053 Non
1120 2993 1230 3052 minus
1253 2992 1355 3052 distat
1377 2992 1414 3051 ab
1435 2987 1479 3048 Hc·

234 3095 314 3155 meri
333 3109 395 3154 usu
415 3094 563 3167 loquendi
587 3099 697 3156 noster
717 3110 764 3169 eo,
785 3095 869 3167 quod
889 3095 927 3155 de
945 3095 1053 3169 pueris
1072 3094 1151 3169 ipsis
1164 3094 1219 3168 qui
1231 3094 1327 3155 choro
1341 3087 1480 3154 intersunt

233 3196 310 3257 dicit
333 3194 378 3272 ,εἰ
398 3192 546 3255 τελέειν
570 3193 705 3272 μέλλουσι
726 3195 855 3276 γάμον”,
868 3197 1020 3268 quoniam
1034 3195 1065 3255 id
1077 3197 1184 3271 ipsum
1198 3193 1295 3274 γάμον
1312 3199 1402 3254 τελεῖν
1413 3191 1481 3267 apice

233 3297 363 3371 quidem
386 3297 512 3372 dicitur,
533 3312 591 3357 nec
610 3300 723 3358 tamen
745 3298 785 3357 de
808 3297 1003 3358 hominibus.
1028 3297 1111 3357 Deos
1133 3296 1187 3369 qui
1207 3295 1330 3371 nuptiis
1348 3290 1483 3372 praesunt

233 3411 363 3472 poscere
386 3398 493 3460 solent
511 3400 659 3460 homines
679 3400 834 3461 homerici
857 3396 981 3476 ,τέλος
1005 3402 1143 3476 θαλεροῖο
1168 3396 1308 3478 μέμον’,
1328 3412 1430 3459 cuma
1447 3393 1484 3454 dis

232 3500 414 3575 precantur,
435 3502 473 3560 ut
491 3501 522 3561 id
543 3503 605 3562 sihi
624 3517 745 3562 munus
765 3505 928 3576 proprium
948 3501 1084 3560 faciant:
1106 3500 1138 3559 di
1150 3500 1238 3560 euim
1250 3498 1364 3578 γάμους
1376 3495 1487 3558 τελέουσι

231 3602 302 3662 sive
322 3597 491 3679 έντελέοοοι,
514 3603 616 3664 veluti
628 3604 662 3663 in
682 3603 818 3663 Menelai
838 3603 937 3678 regia,
958 3600 984 3661 d.
1001 3605 1036 3663 7:
1061 3605 1172 3678 ,τοῖσιν
1185 3596 1217 3660 δέ
1229 3594 1488 3681 θεολμάμονέξετέ-

230 3703 330 3763 λειον·
346 3696 377 3774 ²).
402 3703 506 3765 Aliter
531 3720 615 3781 voro,
641 3706 680 3765 ad
700 3705 885 3780 aequalium
908 3704 1067 3764 rationem
1087 3703 1212 3764 dicendi
1230 3704 1337 3777 magis
1358 3704 1488 3764 animum

232 3805 405 3865 advertens
447 3820 532 3867 nunc
574 3806 791 3868 Callimachus
822 3807 910 3880 ipsos
944 3806 1205 3867 adulescentulos
1243 3809 1353 3881 ,τελεῖν
1386 3799 1488 3885 μέμον’

232 3906 324 3982 dixit,
360 3907 443 3979 quod
479 3908 612 3967 verbum
648 3908 687 3968 de
723 3907 866 3981 qualibet
899 3908 1045 3981 graviore
1076 3921 1110 3966 re
1146 3904 1343 3968 conficienda
1376 3905 1492 3980 saepius

232 4009 423 4082 usurpatum
466 4009 505 4069 de
547 4010 670 4084 nuptiis
712 4009 939 4069 contrahendis
979 4009 1046 4070 iam
1088 4009 1214 4069 dixerat
1248 4023 1374 4082 quoque
1408 4008 1492 4081 Lyco·

220 4106 310 4185 ¹phro
335 4124 383 4170 vs.
411 4110 507 4171 1387.

276 4214 321 4274 De
343 4213 542 4274 substantivi
565 4210 716 4291 θέμεθλον
740 4213 854 4274 formis
877 4213 943 4274 iam
969 4214 1110 4274 vidimus
1133 4228 1204 4288 pag.
1232 4212 1304 4273 107.

199 4528 204 4535 .
232 4531 239 4544 ,
264 4481 282 4543 1)
301 4485 339 4531 Cf.
356 4485 476 4532 iloscher⁴
500 4485 524 4530 in
547 4484 629 4532 lexico
647 4500 694 4533 suo
712 4485 732 4532 I.
751 4487 808 4542 426,
828 4487 866 4532 ll.
887 4512 916 4520 —
936 4487 993 4534 alio
1011 4499 1088 4534 senen
1106 4486 1258 4532 adiectivum
1279 4484 1390 4545 ractores
1407 4482 1499 4531 adhibi·

232 4558 285 4611 ἶιιιιι
305 4564 414 4610 vidimus
432 4564 479 4609 lIl.
500 4565 556 4622 226,
574 4577 631 4622 pag.
652 4569 707 4610 101.

262 4642 284 4710 ²)
302 4644 365 4691 lude
383 4658 432 4690 uon
450 4644 516 4690 male
532 4643 636 4691 Nonnus
654 4643 763 4706 (Dionys.
783 4648 823 4692 48.
842 4646 900 4703 232)
922 4649 1003 4692 Πειθὼ
1021 4647 1179 4706 nuncupavit
1198 4650 1370 4704 ιελισσῖμαμοι.
