3104 5296
71 481 119 542 rr.
145 484 275 543 ιιι-11
533 522 534 525 τ
669 484 730 543 rae
840 549 849 570 ρ

67 667 242 748 διαβρέχει.
266 669 377 743 Neque
396 670 546 744 opinatus
571 672 622 731 est
640 670 826 745 scholiasta,
849 670 904 744 qni
927 670 1011 730 haud
1032 669 1179 745 absurde,
1200 669 1237 728 ut
1257 667 1337 728 mihi

65 771 194 844 quidem
216 772 353 847 ridetur,
374 771 523 833 adnotet:
552 768 620 844 „ord
643 769 676 831 τὸ
699 769 900 851 γόνιμον”.
925 771 1024 833 Recte
1036 771 1091 832 ille
1103 770 1233 844 quidem
1245 769 1335 830 intel·

63 874 144 934 lexit
179 874 296 935 fertilis
330 873 456 934 insulae
488 887 620 946 campos
654 873 791 947 irriguos
825 874 959 934 indicari
994 888 1053 933 nec
1086 874 1198 933 tamen
1230 872 1335 931 totam

62 974 203 1035 reddidit
225 977 339 1050 poetae
362 974 569 1034 sententiam.
594 973 683 1034 Usus
707 975 777 1035 erat
801 975 960 1035 adiectiro
988 972 1145 1052 διάβροχος
1169 971 1336 1046 Euripides

63 1076 179 1136 Bacch.
219 1077 321 1151 1051;
360 1066 416 1152 „r'pv
447 1068 476 1133 δ’
510 1072 601 1154 άμκος
633 1072 845 1153 ἀμφίκρημνον
872 1074 992 1135 ὕδασι
1015 1074 1266 1153 διάβροχον”.
1292 1072 1336 1134 Eo

63 1194 141 1240 vern
161 1194 261 1240 sensu
281 1193 344 1252 quo
369 1177 462 1237 vallis
483 1176 639 1256 διάβροχος
656 1178 772 1239 dieitur
784 1192 883 1251 quam
895 1180 1000 1238 totam
1013 1178 1126 1251 irrigat
1138 1190 1231 1250 aqua,
1244 1174 1336 1236 collis

64 1281 120 1340 vix
156 1283 245 1341 recte
276 1282 400 1341 dicetur
430 1280 583 1353 quoniam
608 1295 671 1340 nen
699 1281 836 1356 desuper
857 1281 891 1340 in
914 1280 1029 1342 nollem
1054 1279 1193 1340 decurrit
1216 1276 1336 1336 ilurins

61 1383 120 1442 sed
155 1398 193 1441 ex
224 1383 304 1443 colle
335 1381 472 1457 profluit.
508 1381 621 1443 Sermo
649 1385 760 1443 autem
793 1385 843 1444 est
866 1382 905 1443 de
929 1398 968 1443 ea
990 1381 1098 1441 insula
1120 1395 1203 1453 quae
1225 1378 1334 1454 ληντκ.

61 1483 145 1543 lenm.
170 1482 206 1542 ιἰι
229 1482 327 1558 Apoll.
353 1484 393 1544 41
419 1490 527 1557 (quem
553 1499 682 1545 versum
707 1485 823 1560 respici
846 1484 1016 1558 sequentia
1035 1497 1160 1556 quoqne
1184 1482 1335 1554 arguunt)

62 1584 155 1645 audit
189 1584 293 1660 Σάμος
327 1583 450 1663 toperi.
488 1585 585 1647 Cuius
616 1587 662 1646 rei
688 1601 833 1663 eausam,
858 1589 995 1661 quaest
1017 1587 1171 1661 doctrina,
1196 1584 1335 1659 explicat

60 1687 185 1762 noster,
228 1702 302 1747 cum
345 1688 460 1748 nollem
495 1703 536 1748 ex
572 1702 634 1762 quo
668 1689 771 1749 oritur
802 1688 922 1765 flumen
956 1688 1143 1749 Parthenius
1181 1688 1335 1761 cuiusque

61 1787 186 1849 olivum
212 1804 405 1864 percurrens
434 1790 463 1850 id
487 1789 609 1850 flumen
633 1790 755 1867 irrigat,
783 1789 962 1870 „droppopov
984 1789 1091 1849 odard‘
1117 1789 1194 1851 dicit
1220 1789 1333 1850 eodem

59 1905 163 1950 sensu
195 1906 258 1965 quo
286 1889 444 1970 διάρροιαι
467 1901 588 1974 ποταμῷ
612 1892 716 1954 δίοιτο
740 1892 854 1967 potuit.
881 1892 961 1953 (lum
985 1908 1048 1968 quo
1071 1892 1196 1953 dicendi
1218 1905 1334 1965 genere

60 1995 138 2067 apte
162 1993 342 2068 comparari
365 1995 501 2068 possunt
525 1993 684 2068 Euripidis
707 1994 806 2055 rerba
828 1993 928 2070 lpiip.
956 1993 1051 2056 Taur.
1077 1994 1141 2055 262

330 2085 369 2172 ἦν
391 2116 434 2166 τις
460 2092 588 2173 διαρρὼξ
610 2093 750 2172 κυμάτων
771 2099 869 2179 πολλῷ
892 2094 971 2180 σάλῳ

333 2193 478 2267 κοιλωπὸς
502 2192 603 2276 άγμύς.

107 2297 348 2370 Antiquissima
377 2297 504 2358 insulae
527 2300 674 2373 tempora
696 2300 730 2359 ln
753 2300 862 2366 animo
887 2300 993 2362 habet.
1018 2300 1063 2361 Ea
1086 2315 1212 2375 queque
1235 2314 1335 2360 causa

65 2400 219 2459 movetur
242 2400 279 2458 ut
297 2414 374 2460 mex
394 2399 538 2473 Mycalen
557 2401 757 2462 indicaturus
776 2402 826 2472 (ci.
847 2403 956 2478 ληνιη
977 2403 1058 2464 tem.
1079 2404 1113 2463 ιἰι
1133 2402 1268 2478 Apellis.
1293 2403 1333 2462 41

63 2499 217 2577 Μυκάλης
240 2495 260 2559 τ’
283 2497 402 2559 αἰπεινὰ
420 2500 547 2580 κάρηνα)
566 2502 741 2564 introducit
760 2505 922 2579 nymphas
942 2505 1160 2580 Mycalense83
1191 2503 1336 2583 ,γείτονες

61 2601 221 2681 Ἀγκαίου”
245 2617 302 2663 eae
320 2604 477 2664 vocantur
498 2597 518 2675 ¹)
531 2605 551 2664 i.
565 2620 592 2665 e.
613 2607 697 2666 reden
715 2605 857 2667 morales
879 2607 997 2668 νὶολαοο
1017 2608 1088 2668 eius
1106 2606 1233 2667 insulae
1253 2620 1335 2681 quae

60 2718 140 2765 mox
164 2704 205 2764 ab
229 2704 358 2765 Ancaeo
380 2704 505 2765 dicetur
528 2705 653 2767 Samos.
680 2707 766 2784 Quod
787 2708 912 2770 dicendi
935 2723 1037 2783 genus
1057 2709 1206 2783 quaesita
1225 2708 1334 2769 obscu-

59 2806 159 2866 ritate
195 2806 361 2886 auctorem
396 2805 482 2867 ultro
515 2807 636 2881 prodit:
673 2809 835 2870 sentimus
869 2811 1121 2885 Lycophronem.
1155 2809 1195 2870 Et
1221 2825 1335 2870 revera

59 2908 179 2982 praeiit
213 2906 268 2967 ille
303 2906 390 2968 Alex.
426 2909 488 2968 401
526 2909 655 2988 „tripedes
687 2905 719 2970 δὲ
750 2910 854 2991 γείτων
883 2908 1006 2992 ὄρτυγος
1037 2908 1257 2990 πετρουμένης”
1283 2911 1333 2981 (cf.

59 3009 219 3084 Lycophr.
253 3024 299 3069 vs.
327 3010 399 3071 725.
435 3010 529 3071 1021.
565 3012 649 3073 1286
682 3014 714 3073 et
745 3014 829 3086 quod
860 3014 966 3088 magis
993 3029 1067 3075 enm
1091 3013 1187 3073 solita
1210 3012 1335 3074 dicendi

59 3111 187 3171 ratione
212 3111 362 3171 eonvenit
386 3111 463 3173 cell.
488 3111 525 3173 fr.
554 3114 633 3173 113⁸
647 3117 668 3184 ).

148 3315 206 3375 Vs·
233 3315 285 3376 51.
331 3310 420 3392 ἡνίκα
441 3311 468 3376 δ’
496 3315 654 3378 Ἀπόλλωνι
677 3314 832 3398 γενέθλιον
855 3309 949 3391 ούδας
972 3316 1104 3398 ύπίσχες,

329 3416 414 3478 τοῦτό
437 3439 482 3478 τοι
508 3414 692 3498 άντημοιβδν
717 3416 851 3483 ἁλίπλοοι
874 3416 975 3499 οὔνομ’
1001 3419 1116 3500 ἔθεντο,

329 3518 452 3579 οὕνεκεν
476 3514 566 3581 ούκίί
593 3517 704 3600 άδηλος
729 3519 873 3600 ἐπλπλεες,
897 3517 956 3583 ἀλλ’
981 3520 1025 3583 ἐνί
1048 3522 1161 3583 πόντου

328 3621 469 3681 κεύθεσιν
492 3621 630 3702 Αλγαίοιο
653 3622 757 3684 ποδῶν
781 3621 926 3702 ἐνεπηξαο
949 3623 1030 3704 ῥίζας
1055 3618 1087 3696 ²).

230 3723 272 3782 55
330 3715 396 3782 ούδ’
414 3718 513 3802 Ἥρην
537 3721 699 3785 κοτέουσαν
734 3722 902 3805 ὑπέτρεσας·
927 3722 947 3804 ἣ
970 3722 1024 3803 μὲν
1048 3722 1176 3796 άπάσαις

330 3821 430 3887 δεινὸν
451 3822 640 3905 ίπεβροομᾶιο
664 3827 807 3906 λεχωίσιν,
829 3827 862 3887 αἳ
884 3824 935 3887 Διλ
956 3828 1066 3900 παῖδας

328 3922 475 4005 ἐξέφερον,
499 3931 600 4005 Λητοῖ
618 3923 650 3987 δὲ
674 3927 838 4008 διακριδὸν,
861 3929 971 3990 οὕνεκα
994 3929 1092 4008 μούνη

331 4024 407 4104 Ζηνί
429 4031 522 4087 τεκεῖν
545 4024 649 4106 ἤμελλε
673 4030 842 4108 φιλαίτερον
859 4027 961 4110 ’Ἀρεος
985 4023 1045 4090 οί.

102 4127 158 4188 Vs.
185 4127 226 4188 51
261 4127 376 4202 hymni
406 4128 439 4190 in
470 4129 653 4205 Apollinem
685 4133 879 4193 memoriam
903 4132 1086 4207 promiscue
1110 4147 1185 4194 enm
1210 4131 1332 4205 tragica

93 4409 113 4473 ¹)
130 4412 172 4459 Ita
205 4409 304 4471 optimo
328 4411 384 4460 inre
413 4427 444 4461 ex
473 4413 546 4462 cedd.
574 4415 687 4463 restituit
713 4415 861 4476 Sehneider,
887 4417 956 4478 qnod
981 4418 1059 4466 miror
1085 4431 1136 4465 nou
1164 4420 1297 4478 reeeptnm
1319 4435 1334 4467 ι

58 4491 261 4539 wormundo.

90 4565 111 4631 ²)
129 4571 171 4618 Ite
187 4584 279 4619 versus
296 4571 421 4632 legendus
438 4585 494 4620 esee
512 4573 575 4620 mihi
593 4573 700 4622 ridetur.
719 4575 816 4623 <tensas
834 4578 941 4638 exposui
952 4576 1041 4626 Mrem.
1051 4580 1116 4628 m.
1126 4594 1152 4641 p.
1164 4580 1203 4627 72.
1214 4579 1334 4628 Schneid.

58 4652 190 4710 vulpeum
210 4653 314 4700 tuetur:
332 4655 432 4711 κύμασιν
449 4653 562 4710 Λίγσίοιο
578 4653 657 4700 ποδῶν
675 4656 789 4714 leudinus
805 4657 875 4717 ῥίζας.
