3104 5296
58 108 114 169 111.
142 107 319 170 aot-210
677 111 718 172 97

304 295 441 368 ἶαδόιιοιις
464 295 624 376 ἒφόρησαν·
648 294 795 358 &obturor
820 295 852 358 δέ
875 320 930 375 φιν
954 290 1029 377 ὦμοι

305 395 444 476 δεξιτεροὶ
466 396 517 457 καὶ
538 396 651 478 γυμνὸς
675 395 720 459 ἀεὶ
744 398 943 478 παρεφαίνετο
968 399 1067 477 μαζός.
1152 413 1153 417 ’

99 501 211 560 Primo
232 515 329 560 versu
348 500 496 560 consulto
516 501 549 560 in
570 502 760 575 cognomine
780 501 860 563 deae
879 505 950 562 tam
971 502 1106 563 obscuro
1121 519 1219 578 quam
1236 505 1331 565 notis·

52 603 140 663 simo
171 602 255 662 ludit
276 605 381 677 posta.
404 603 474 663 Non
498 603 586 663 enim
610 619 730 664 nomen
757 603 842 678 Upin
867 605 1037 678 ipsamque
1060 605 1154 665 deam
1179 607 1333 666 externae

51 705 190 778 originis
214 720 286 765 esse
309 704 463 780 concedit,
488 708 521 766 et
544 705 667 767 Letoidi
691 706 918 767 vindicandum
944 721 1017 767 esse
1040 721 1217 781 cognomen
1238 707 1332 767 inter·

50 807 237 882 pretatione
256 806 387 879 indicat,
411 796 527 878 οὖττις
550 808 680 868 disertis
705 807 811 868 verbis
843 808 961 868 docens
984 808 1065 868 nihil
1089 807 1238 868 essenisi
1259 799 1333 879 ὦτις

49 909 125 969 sive
152 904 272 979 εὐῶττις.
300 907 384 967 Tum
408 908 556 980 sequenti
585 924 680 969 versu
706 905 908 986 Κρηταέες
928 922 1027 981 quam
1056 910 1170 986 Κρῆτες
1193 908 1332 969 scribere

50 1010 183 1086 maluit,
218 1024 282 1083 qua
311 1009 344 1068 in
374 1024 409 1068 re
440 1024 516 1069 eum
547 1012 680 1071 secutus
705 1009 894 1084 Apollonius
918 1009 1062 1069 Rhodius
1087 1010 1112 1069 Ι.
1141 1010 1226 1071 1129
1251 1011 1333 1088 Κρη-

46 1108 145 1183 ταιέες
180 1111 319 1186 scripsit.
351 1111 447 1170 Parvi
476 1111 614 1172 fortasse
644 1113 803 1172 momenti
829 1112 888 1171 hoc
912 1111 1045 1186 dixeris,
1073 1110 1332 1184 quandoquidem

47 1215 83 1274 in
116 1228 238 1287 magna
268 1212 438 1272 nominum
468 1214 669 1287 propriorum
695 1214 853 1273 varietate
881 1214 935 1272 vix
960 1214 1089 1273 constat
1112 1212 1214 1286 ipsius
1240 1211 1332 1272 Calli·

47 1315 164 1375 machi
182 1314 215 1374 id
233 1329 305 1374 esse
321 1314 501 1374 inventum.
521 1315 584 1376 Sed
602 1315 734 1389 gravius
757 1314 863 1389 paulo,
886 1328 1084 1387 quamquam
1104 1328 1168 1373 non
1180 1328 1331 1374 summae

43 1417 219 1491 audaciae,
239 1419 291 1476 est
313 1411 565 1492 „tractoque”
590 1420 648 1486 (vs.
671 1417 746 1488 206)
769 1417 861 1476 cuius
878 1415 965 1476 verbi
978 1415 1083 1475 forma
1102 1413 1208 1474 media
1228 1414 1331 1476 semel

46 1519 139 1595 apud
172 1519 352 1579 Homerum
382 1532 553 1579 occurrens
586 1519 637 1588 (N.
670 1519 745 1587 tce)
774 1516 1002 1578 difficultatem
1026 1517 1190 1589 quandam
1214 1516 1331 1578 habere

46 1621 224 1681 videbatur
245 1619 489 1692 Alexandrinis;
515 1619 724 1680 Aristarchus
747 1620 835 1680 enim
859 1618 966 1693 diplen
991 1619 1138 1693 appinxit
1161 1621 1198 1678 ut
1222 1633 1329 1680 mone·

46 1725 104 1782 ret
138 1723 262 1783 dictum
292 1736 365 1781 esse
403 1717 487 1796 „nivel
520 1728 573 1780 τοῦ
609 1719 754 1799 σύνεργον
788 1719 907 1799 λάβηθ’.
946 1719 1106 1787 Ceterum.
1138 1719 1202 1779 alic
1229 1736 1328 1781 sensu

43 1837 154 1897 quam
182 1837 244 1896 quo
274 1822 419 1882 medium
443 1823 528 1896 apud
548 1825 708 1899 nostrum,
735 1823 801 1883 iarn
827 1823 972 1883 activum
995 1823 1176 1882 adhibitum
1202 1823 1326 1884 videbis

39 1923 162 2001 hymn.
186 1924 268 1985 bora.
291 1924 327 1983 tu
355 1923 501 1984 Venerem
528 1939 576 1985 vs.
601 1925 643 1986 96
667 1925 706 1986 de
731 1923 870 1984 Gratiis:

706 2023 743 2083 αἴ
760 2045 789 2084 τε
812 2028 929 2084 θεοῖσιν

323 2133 415 2185 πᾶσιν
438 2122 613 2204 ἑταιρίζουσι
636 2122 686 2184 καὶ
709 2122 858 2185 ἀθάνατοι
881 2120 1042 2184 καλέονται.

99 2229 154 2290 Vs.
191 2230 254 2289 207
290 2242 387 2289 canes
411 2228 490 2289 dicit
520 2231 734 2306 θηρητηρε.
765 2228 815 2288 Ex
837 2242 901 2301 qua
925 2228 1030 2288 forma
1053 2226 1175 2288 efficias
1198 2230 1239 2287 A.
1264 2228 1328 2287 325

45 2325 208 2392 habuisse
230 2331 379 2391 nostrum
403 2329 436 2390 in
472 2329 634 2390 codicibus
667 2330 736 2389 suis
764 2326 815 2405 „tv
838 2326 906 2389 κυσὶ
929 2322 1134 2407 θηρητῆραι”;
1161 2328 1329 2388 variabant

49 2434 142 2493 enim
162 2432 235 2492 libri
258 2432 343 2492 inter
368 2435 531 2515 θηρευτῇσι
555 2434 590 2492 et
612 2435 790 2510 θηρητῆρα,
813 2433 896 2506 apud
922 2433 1070 2492 nostrum
1090 2432 1202 2491 autem
1224 2445 1328 2502 neque

52 2531 204 2612 θηρευτηρ
227 2533 365 2594 occurrit
388 2548 491 2607 neque
514 2532 682 2611 θηρευτής;
712 2549 824 2594 verum
850 2537 887 2594 ut
910 2535 970 2594 hcc
995 2533 1064 2594 loco
1087 2529 1224 2610 θηρητὴρ
1248 2532 1328 2591 item

57 2630 94 2696 de
129 2651 208 2697 cane
241 2633 405 2713 θηρήτειρα
435 2635 552 2708 legitur
582 2635 636 2696 IV.
662 2636 738 2696 230.
766 2668 804 2678 —
829 2634 939 2708 Neque
965 2635 1075 2695 minus
1100 2632 1239 2695 fideliter
1262 2648 1324 2694 ser·

61 2748 149 2798 vassa
168 2738 258 2812 leges
276 2737 458 2798 homericae
478 2736 628 2797 dictionis
659 2738 721 2797 sibi
744 2737 913 2798 videbatur
934 2751 1009 2797 cum
1027 2737 1148 2797 diceret
1172 2727 1325 2814 „ioooo’

4 2824 5 2829 ’
61 2832 234 2899 dibiad&
263 2838 328 2899 Nos
351 2853 428 2898 vero
451 2852 514 2898 non
535 2839 758 2899 dubitabimus
782 2839 858 2913 quin
883 2837 1023 2899 solemni
1047 2838 1233 2912 aequalium
1258 2852 1328 2897 suo·

6 2960 7 2965 ¹
59 2954 126 3001 rum
160 2957 267 3002 errore
297 2941 438 3002 formam
473 2938 580 3018 ἔμμορε
611 2942 761 3001 tribuerit
788 2941 927 3014 aoristo;
956 2940 1040 3013 quod
1071 2941 1183 2999 tamen
1210 2938 1328 2998 attinet

58 3043 93 3103 ad
122 3058 259 3103 sensum
283 3043 372 3103 verbi
395 3058 521 3104 memor
544 3043 606 3103 fuit
629 3043 787 3103 homerici
813 3039 939 3120 „Succos
974 3040 1092 3119 τίμης”,
1116 3056 1192 3100 nam
1217 3042 1328 3100 nostro

55 3143 121 3204 loco
152 3144 222 3204 sive
253 3159 273 3204 a
296 3144 474 3205 masculino
498 3140 607 3215 ἄεθλος
625 3145 695 3204 sive
720 3161 740 3204 a
765 3146 880 3203 neutro
905 3139 1017 3202 ἄεθλον
1040 3141 1253 3203 derivandum
1278 3145 1329 3202 est

3 3285 4 3305 2
54 3247 102 3314 (ct.
127 3263 157 3321 p.
184 3248 246 3320 76),
278 3245 349 3320 ipsa
380 3245 512 3306 Homeri
542 3245 683 3306 imitatio
706 3245 814 3319 arguit
839 3245 899 3305 hcc
923 3244 1066 3305 voluisse
1091 3246 1241 3318 poetam:
1269 3243 1327 3302 cic·

1 3333 2 3336 ¹
51 3348 167 3408 tortam
190 3348 302 3423 acepta
324 3351 365 3407 est
384 3341 416 3416 ¹).

96 3450 152 3510 Vs.
177 3450 242 3509 210
265 3444 471 3526 ὁμόθηροτ
495 3448 615 3509 Dianae
640 3448 769 3509 Procrin
790 3450 964 3524 nuncupat,
988 3461 1109 3507 novum
1134 3445 1326 3506 vocabulum

50 3550 177 3624 tingens
199 3565 256 3624 pro
281 3549 411 3623 vulgato
434 3549 588 3627 σύνθηρος
610 3565 675 3610 non
698 3550 874 3611 admodum
896 3549 1111 3628 homericum..
1129 3547 1216 3608 Rara
1239 3547 1327 3607 enim

49 3654 84 3713 in
113 3651 214 3712 iliade
243 3653 277 3711 et
305 3649 450 3724 Odyssea
474 3655 551 3711 sunt
574 3652 733 3712 eiusmodi
757 3651 924 3726 vocabula,
953 3650 1047 3723 quale
1073 3651 1125 3710 est
1157 3645 1329 3726 ὁμότιμος,

86 3892 107 3960 ¹)
127 3895 199 3950 Quod
225 3898 324 3942 tantum
352 3909 444 3943 moneo
463 3884 572 3957 'propter
594 3899 775 3944 Srunmonztn
792 3895 871 3942 verbs
891 3890 993 3959 (Rosch.
1013 3892 1117 3955 Mythol.
1140 3893 1197 3941 lex.
1217 3895 1250 3941 ΙΙ.
1269 3889 1328 3958 lio)

50 3976 117 4032 „der
144 3969 217 4029 ἆθλος
244 3976 336 4031 <ist>
366 3975 438 4022 nicht
463 3976 511 4023 wie
537 3977 655 4024 Mainake
679 3976 763 4023 wollte
790 3975 831 4022 ein
856 3971 1028 4034 (unerhdrter)
1055 3973 1189 4032 Jagdagon
1214 3973 1257 4020 bei
1278 3973 1327 4020 den

49 4054 266 4114 Leiehenspielen
292 4054 338 4101 des
357 4053 442 4102 Pelias
464 4056 582 4117 condem,
605 4057 652 4102 wie
675 4055 812 4114 allgemein
837 4054 986 4113 ancrtmnnt,
1012 4051 1067 4099 eben
1093 4068 1140 4099 nur
1163 4051 1207 4100 der
1231 4051 1327 4099 ὶόιταιι-

50 4133 165 4197 ὶαιαρβ
188 4135 234 4181 Oui
257 4137 287 4181 ut
307 4134 417 4182 libenter
439 4136 573 4196 assentior,
595 4135 628 4182 de
651 4149 737 4195 pugna
759 4147 817 4181 cum
836 4133 954 4180 leonibus
973 4133 1014 4178 hic
1032 4132 1116 4191 egisse
1134 4130 1328 4186 Callimachum,

50 4215 89 4261 its
107 4226 174 4271 nego
191 4227 253 4260 voce
269 4215 358 4260 ἀέθλου
375 4214 460 4273 ipsum
477 4218 606 4261 certemcn
625 4228 685 4261 enm
703 4214 816 4260 indicare
834 4213 961 4266 volnisse;
981 4212 1085 4268 „diolco
1102 4210 1203 4274 ῐμμορι”
1222 4212 1328 4256 nonest

49 4295 173 4340 mane»
191 4291 255 4346 iniit,
273 4304 363 4338 verum
380 4292 497 4339 αιἀίοήαα
509 4293 618 4354 praemia
636 4292 725 4354 adepta
742 4296 786 4339 est.

1209 4376 1222 4418 7
