3104 5296
48 453 106 513 IV.
135 449 264 512 75-80
663 455 724 515 129

47 643 114 703 His
149 643 298 703 versibus
331 643 408 702 dum
443 644 548 717 pergit
581 643 777 718 amplificare
812 647 845 706 et
878 644 1042 706 illustrare
1078 647 1175 709 verba
1209 646 1324 721 hymni
1360 694 1363 703 τ

47 746 210 807 homerici
228 746 262 804 ι’νι
283 743 381 820 Apoll.
404 745 546 820 30-47,
570 760 729 818 quasnam
754 747 896 808 rationes
918 752 1083 826 sequatur,
1108 763 1170 823 quo
1191 749 1325 810 consilio

46 863 186 909 omnem
210 848 338 907 Atticae
362 847 562 908 mentionem
585 848 727 925 omittat,
751 864 909 923 quosnam
933 851 1066 925 mythos
1089 853 1223 927 spectet,
1242 853 1326 913 unde

48 951 219 1025 copiosam
243 948 422 1009 doctrinam
447 950 645 1023 congesserit
668 965 822 1023 quaerere
841 952 1035 1014 omittimus.
1057 954 1101 1014 At
1120 954 1324 1030 verbonunc,

47 1053 209 1126 quoniam
232 1051 353 1112 totiens
376 1050 510 1111 offendit
532 1066 628 1112 aures
651 1051 808 1113 lectorum
834 1052 1052 1116 Callimachus
1072 1056 1161 1115 dnus
1180 1056 1329 1116 versibus

49 1157 86 1216 et
109 1153 278 1230 contortis,
302 1151 475 1214 laudemus
498 1152 695 1227 elegantiam
716 1171 870 1216 versuum
886 1157 1014 1217 75-81
1033 1151 1063 1227 ¹).
1080 1189 1120 1197 -
1133 1157 1239 1219 Verba
1262 1156 1328 1218 τὸν

49 1253 122 1314 ἕνα
151 1253 300 1333 δρόμον
324 1255 391 1314 iam
414 1254 591 1316 illustravit
614 1255 838 1331 Schneiderus,
864 1258 948 1331 quod
975 1260 1087 1319 autem
1112 1259 1152 1320 ad
1176 1259 1328 1321 Boeotiae

49 1358 173 1419 ilurios
203 1357 331 1433 attinet,
367 1372 451 1417 nova
481 1357 576 1418 affert
605 1356 824 1418 Callimachus
848 1360 1002 1436 epitheta,
1027 1375 1164 1434 quorum
1188 1361 1329 1422 alterurn

51 1458 327 1537 μελομψήρνς,
350 1461 406 1520 ΙΗ.
433 1461 493 1520 101
520 1475 645 1534 quoque
670 1460 861 1537 adhibitum,
884 1462 1062 1523 formatum
1088 1478 1161 1523 esse
1184 1464 1331 1539 suspicor

52 1579 96 1623 ex
134 1562 317 1623 imitatione
348 1562 472 1635 antiqui
503 1562 625 1622 oraculi
657 1564 691 1623 et
720 1564 884 1624 notissimi
908 1565 992 1639 apud
1017 1564 1217 1626 Herodotum
1237 1565 1262 1626 1.
1289 1567 1330 1626 55

57 1662 281 1740 ,πολυψήφιδα
315 1659 380 1741 παρ’
409 1660 557 1741 Ἔρμον”,
593 1665 733 1725 alterum
764 1664 1019 1745 βαρύγουνος
1044 1659 1065 1736 ²)
1108 1668 1235 1742 spectat
1276 1682 1332 1728 eus

53 1784 110 1829 res
135 1782 217 1841 quas
240 1769 369 1828 enarrat
391 1767 603 1842 Apollodorus
626 1767 683 1827 ΙΙΙ.
708 1768 757 1827 12.
779 1769 809 1841 5,
830 1768 887 1828 sed
910 1769 1021 1828 tamen
1034 1768 1080 1827 ita
1107 1767 1221 1830 fictum
1241 1771 1333 1829 esta

54 1871 155 1945 poeta
178 1869 271 1943 quasi
304 1869 447 1930 alludere
473 1868 569 1930 vellet
603 1868 644 1929 ad
675 1869 818 1943 epitheta
850 1870 966 1943 quibus
989 1871 1135 1945 Asopum
1160 1872 1334 1931 emoverat

57 1972 224 2032 Homerus
259 1973 295 2031 Δ.
332 1970 414 2031 383;
449 1969 654 2049 βαθύσχοινον
684 1969 846 2047 λεχεποίην.
872 1971 1084 2046 -Sequens
1113 1972 1192 2033 illud
1215 1971 1334 2032 πεποί-

57 2077 178 2132 lauro
201 2073 249 2132 ita
275 2070 420 2133 nonnulli
444 2072 550 2133 solent
568 2072 711 2146 accipere
731 2073 901 2146 tamquam
922 2088 978 2147 pro
1002 2070 1163 2151 ἐπέπληκτο
1191 2076 1333 2151 positum

59 2176 104 2235 sit
128 2166 163 2244 ³).
200 2174 302 2250 Quem
341 2189 482 2236 errorem
516 2189 579 2248 quo
610 2174 679 2235 iure
711 2172 907 2235 Callimacho
939 2175 1113 2237 obtrudant
1143 2191 1206 2237 non
1233 2177 1334 2251 video,

58 2293 138 2338 nam
170 2275 208 2337 V.
243 2274 389 2359 iidupcp
424 2272 633 2353 πεπαλαγμένον
666 2290 741 2336 cum
777 2276 860 2336 dixit
877 2279 988 2350 ,poeta
1022 2278 1164 2338 ostendit
1200 2278 1335 2339 uerbum

59 2377 225 2438 παλάοοειν
260 2378 322 2438 sibi
355 2378 440 2438 haud
476 2378 678 2452 incognitum
714 2393 804 2452 esse;
840 2394 899 2439 nec
934 2379 1067 2439 dubium
1104 2379 1231 2440 videtur
1260 2379 1336 2453 quid

62 2496 149 2541 nuno
174 2479 322 2540 voluerit.
354 2479 519 2555 Spectavit
542 2480 629 2540 enim
654 2480 748 2553 (quod
780 2481 873 2541 docet
903 2481 1002 2540 etiam
1023 2480 1220 2541 adiectivum
1243 2479 1336 2560 βαρύ-

62 2587 185 2663 γοονος)
216 2581 324 2653 locum
359 2583 440 2642 satis
472 2581 635 2642 difficilem
661 2583 691 2641 P.
717 2582 780 2642 385
804 2597 869 2656 sqq.
890 2584 923 2642 et
948 2583 1008 2643 hoc
1028 2584 1154 2644 narrat:
1175 2582 1336 2643 turbidam

62 2686 189 2747 iactam
219 2698 292 2744 esse
323 2698 441 2758 aquam
477 2685 510 2744 et
540 2683 729 2758 ίοιιραίιίανα
752 2684 873 2745 flumen
898 2683 1044 2744 fulminis
1067 2683 1142 2745 ictu.
1167 2684 1236 2744 Hoc
1262 2698 1336 2744 vero

63 2802 161 2848 nemo
186 2785 358 2846 mirabitur
380 2786 435 2860 qui
455 2787 649 2862 recordetur,
674 2801 715 2846 ex
733 2786 794 2845 hac
816 2785 904 2846 lovis
923 2784 1102 2862 κερουνοίοει
1126 2785 1227 2846 etiam
1245 2784 1337 2859 Apol·

63 2890 167 2952 lodori
190 2888 390 2963 temporibus
417 2884 467 2962 ηἐν
489 2895 548 2946 τῶν
572 2885 677 2946 τούτου
701 2884 829 2964 ῥείθρων
850 2882 1006 2962 ἄνθρακας
1025 2883 1202 2966 φέρεσθαι”.

109 2993 232 3054 Utrum
267 2991 335 3065 ipse
366 2988 583 3050 Callimachus
613 2989 739 3063 primus
769 2989 800 3048 id
831 2988 1000 3063 invenerit,
1031 2990 1068 3049 ut
1094 3003 1151 3063 pro
1174 2987 1337 3050 homerico

64 3090 262 3172 δνοτρομὲειν
293 3093 342 3161 (Κ.
367 3091 409 3151 95
439 3087 552 3169 τρομέει
576 3084 603 3148 δ’
637 3087 696 3148 δπὸ
727 3087 856 3165 φαίδιμα
883 3093 963 3167 γυῖα,
988 3088 1027 3149 cf.
1057 3091 1094 3150 K.
1122 3090 1196 3161 390)
1222 3105 1270 3150 va.
1296 3089 1337 3149 79

65 3197 202 3272 poneret
224 3191 551 3270 ὑποδινρθῆναι,
580 3207 620 3252 an
644 3191 699 3252 alii
725 3191 785 3251 hoc
809 3191 978 3251 inventum
1002 3191 1128 3269 debeat,
1154 3193 1337 3265 nescimus;

66 3297 319 3374 trepidationem
345 3297 455 3357 autem
475 3297 586 3356 nostro
609 3294 678 3355 loco
701 3293 780 3354 illud
806 3294 940 3354 verbum
964 3295 1115 3370 indicare,
1139 3307 1338 3367 quamquam

68 3402 165 3462 multi
195 3399 403 3473 dissentiunt,
433 3411 497 3457 non
528 3396 662 3455 dubium
692 3395 772 3454 mihi
803 3396 938 3456 videtur.
976 3394 1125 3456 ceterum
1156 3395 1339 3471 putaverim

67 3506 200 3579 poetam
236 3501 277 3561 ad
309 3500 370 3560 hoc
401 3498 616 3572 compositum
652 3497 826 3575 adductum
860 3512 932 3557 esse
968 3513 1064 3558 versu
1098 3496 1273 3572 Odysseae,
1308 3497 1341 3557 et

69 3606 98 3682 β.
126 3606 187 3665 151
216 3603 340 3662 variam
365 3599 516 3675 voluisse,
541 3599 595 3658 ubi
619 3598 657 3659 de
682 3598 800 3673 aquilis
823 3598 940 3659 dicitur

295 3695 357 3762 ἔνθ’
383 3697 670 3778 ἐπιδινηθέντε
692 3698 877 3777 τιναξάσθην
901 3696 991 3778 πτερὰ
1014 3699 1122 3758 πυκνά.

114 3806 347 3881 Neglegentius
369 3804 464 3880 paulo
488 3803 667 3864 Homerum
691 3817 789 3863 suum
813 3802 955 3876 inspexit
975 3803 1085 3861 noster
1108 3817 1183 3862 oum
1208 3816 1339 3874 sequen-

68 3914 139 3972 tem
165 3924 298 3970 rersum
330 3908 493 3982 pangeret,
517 3906 581 3966 nisi
604 3906 637 3964 in
661 3905 731 3980 ipsa
754 3904 892 3965 fortasse
913 3904 1125 3964 translatione
1146 3902 1341 3975 elegantiam

69 4013 218 4073 sectatus
242 4012 302 4071 est.
329 4011 364 4067 Κ.
392 4010 455 4069 376
479 4008 566 4068 enim
590 4006 690 4068 Dolon
714 4006 753 4066 ab
776 4005 873 4066 Ulixe
897 4007 930 4066 et
953 4005 1106 4066 Diomede
1129 4005 1261 4079 petitus,
1281 4003 1343 4063 init

70 4235 163 4282 dubito
190 4247 223 4280 an
248 4245 339 4293 purum
363 4233 441 4277 recte.
470 4230 542 4276 Inest
572 4229 640 4275 enim
669 4240 830 4288 responsum,
854 4227 972 4286 quamvis
994 4225 1064 4273 hand
1087 4225 1220 4285 copiosum
1243 4224 1270 4270 in
1292 4223 1343 4270 illis
1364 4229 1367 4234 '

71 4314 191 4362 versibus
208 4315 240 4361 84
258 4317 285 4359 et
303 4313 344 4359 85.
360 4311 416 4358 Non
434 4322 588 4370 responsum
606 4307 652 4355 sed
670 4321 730 4368 pars
747 4306 899 4353 narrationis
918 4305 998 4353 deest.

108 4390 127 4455 ¹)
145 4393 236 4440 Obiter
250 4404 343 4438 moneo
360 4391 467 4436 sormam
485 4388 552 4452 χέρα,
571 4387 640 4447 spnd
656 4388 797 4433 Homerum
817 4398 867 4432 non
885 4384 995 4442 obviam,
1013 4385 1117 4444 tragicis
1135 4384 1218 4444 poetis
1232 4383 1329 4430 deberi.

107 4471 235 4531 ¹)Nonno
260 4470 309 4516 hoc
333 4468 487 4515 adieetirum
513 4468 539 4513 in
563 4466 663 4513 deliciis
681 4466 761 4513 tuisse
784 4467 872 4511 monet
895 4465 1042 4512 Schneider.
1065 4462 1240 4511 conferendus
1258 4465 1344 4508 autom

1 4547 3 4598 ν
72 4550 192 4610 inprimis
209 4549 266 4596 Lib.
284 4548 385 4595 XXVII.
405 4548 453 4594 ilo
472 4546 576 4599 Ἀσωπὸς
592 4549 736 4609 βαρύγουνας
753 4547 875 4607 δπίστερον
893 4546 958 4603 ἴχνος
974 4547 1076 4591 litoreo.

107 4628 130 4695 ³)
147 4631 184 4677 (li.
203 4629 306 4676 Brsdsu
324 4628 339 4674 l.
355 4628 371 4674 l.
390 4642 414 4688 p.
434 4629 473 4674 80.

1227 4709 1241 4750 θ
