3104 5296
66 107 122 168 ΙΙΙ.
150 106 325 167 183-189
700 106 741 166 93

64 296 222 369 nymphis
256 299 289 355 et
322 294 464 355 heroinis
498 294 576 354 deae
610 293 727 354 additis
758 294 903 354 dicturus
934 295 995 368 est,
1027 293 1105 355 iacit
1136 310 1193 370 per
1217 293 1340 357 formas

64 396 142 456 huic
165 411 301 471 poeseos
322 397 432 470 generi
456 397 539 456 satis
563 396 755 457 familiares:

107 497 164 556 VS.
193 498 266 557 183.
313 498 354 570 τίς
378 497 410 557 δέ
435 498 472 558 νύ
495 519 540 558 τοι
565 497 674 575 νήσων,
698 501 786 557 ποῖον
810 490 838 555 δ’
865 492 933 574 ὄρος
957 493 1045 557 εὔαδε
1068 501 1219 571 wiciorum

315 599 357 671 τίς
380 595 413 659 δὲ
439 597 538 677 λιμὴν,
560 598 632 676 ποίη
656 594 688 658 δὲ
710 597 812 671 πόλις,
834 596 899 657 τίνα
923 591 952 657 δ’
979 596 1064 677 ἔξοχα
1087 597 1230 676 νυμφέων

195 703 257 762 185
314 702 404 776 φίλοιο
427 699 477 760 καὶ
498 700 587 772 ποίας
610 695 740 779 ἡρωίδας
764 697 842 778 ἔσχες
865 696 998 778 ἓταίρας;

316 799 378 862 elai
400 800 469 879 θεὰ,
492 801 529 863 σὺ
553 798 607 878 μὲν
630 798 734 879 ίίμμιν,
757 798 813 879 ἐγὼ
837 794 865 860 δ’
893 798 1032 880 ἕτίροισιν
1057 797 1153 862 ἀείσω.

62 904 112 964 De
144 906 263 978 quibus
294 906 405 979 paucis
436 904 614 966 absolvam.
639 905 727 965 Satis
750 904 838 965 enim
861 904 922 964 erit
946 903 1042 964 verbo
1067 906 1178 965 notare
1201 905 1341 965 formam

65 1005 203 1082 φίλαν,
225 1022 323 1080 quam
344 1008 454 1068 hausit
474 1005 691 1067 Callimachus
708 1021 749 1066 ex
762 1007 852 1067 Ε.61
881 1003 1013 1082 ,ἔξοχα
1032 1003 1088 1084 γάρ
1109 1027 1159 1081 μιν
1179 1001 1343 1081 ἐφίλατο

65 1105 193 1179 Παλλὰς
217 1107 359 1184 Ἀθήνη.”
384 1107 632 1169 substantivum
656 1102 776 1185 ἡρωίς
799 1107 883 1181 apud
907 1106 1097 1183 Homerum,
1122 1108 1173 1168 cui
1196 1108 1343 1169 heroides

63 1224 106 1269 eo
130 1225 232 1270 sensu
254 1225 316 1283 quo
339 1214 449 1270 noster
473 1211 524 1271 hic
546 1226 603 1270 eas
626 1210 704 1270 dicit
723 1210 904 1282 incognitae
925 1212 1027 1284 erant,
1048 1211 1169 1271 frustra
1187 1226 1342 1286 quaeras;

64 1311 229 1372 Pindarus
264 1328 339 1373 vero
369 1313 437 1373 iam
465 1311 553 1388 Pyra.
585 1312 641 1372 Xl.
669 1313 707 1371 11
741 1306 872 1389 ἡρωίδας
902 1312 1115 1386 memoravit;
1140 1312 1252 1372 eodem
1277 1313 1343 1373 fere

63 1429 169 1474 sensu
193 1428 257 1487 quo
280 1415 363 1488 apud
387 1414 480 1475 illum
504 1414 598 1474 Melia
621 1429 703 1487 quae
727 1412 867 1488 Apollini
889 1414 1071 1475 Ismeniam
1090 1415 1214 1490 peperit
1235 1416 1342 1476 herois

64 1515 198 1588 dicitur,
222 1515 335 1575 eodem
360 1514 576 1575 Callimachus
599 1530 683 1575 nunc
708 1513 852 1587 cyrenen
873 1514 923 1585 (ci.
946 1510 1217 1594 renuntiastis
1237 1520 1340 1579 vocat.

110 1716 166 1776 Vs.
195 1719 267 1780 187.
313 1716 415 1796 νήσων
437 1713 491 1794 μὲν
515 1716 635 1795 Δολίχη,
657 1715 769 1775 πολίων
793 1712 826 1775 δέ
848 1737 892 1775 τοι
916 1712 1004 1776 εὔαδε
1028 1713 1140 1797 Πέργη,

320 1820 468 1898 Τηΰγετον
492 1812 520 1879 δ’
547 1814 650 1897 ὀρέων,
674 1815 787 1894 λιμένες
809 1837 842 1896 γε
864 1813 918 1895 μὲν
943 1815 1101 1896 Εὐρίποιο·

317 1919 401 2000 ἔξοχα
424 1916 455 1980 δ’
481 1918 597 1980 ἀλλοίων
621 1921 649 1977 Γ
646 1918 788 1998 ορτννίδα
811 1918 900 1994 φίλοιο
924 1918 1060 1997 νύμφην,

197 2025 260 2084 190
317 2021 479 2098 ίλλοφόνον
504 2021 697 2100 Βριτόμαρτιν
722 2018 877 2081 ἐύσκοπον·
901 2011 937 2098 ἧς
959 2040 1029 2081 ποτε
1053 2020 1162 2093 Μίνως

315 2121 470 2201 κτοιηθελς
492 2116 539 2182 ὑπ’
567 2121 650 2201 ἔρωτι
674 2120 855 2201 κατέδραμεν
878 2119 968 2201 οὔρεα
994 2121 1121 2201 Κρήτης.

1 2256 3 2307 j
71 2222 160 2284 Licet
189 2228 287 2285 verba
313 2226 589 2300 quemadmodum
609 2226 766 2299 exscripsi
788 2258 828 2269 -
853 2225 1083 2287 Schneiderum
1113 2229 1255 2299 secutus
1280 2227 1343 2288 nisi

3 2327 4 2331 ’
73 2327 155 2399 quod
178 2326 359 2404 κατέδραμεν
392 2328 520 2387 restitui
552 2342 607 2401 pro
631 2342 693 2400 quo
718 2328 767 2387 vir
790 2327 939 2402 egregius
962 2328 1143 2388 coniecerat
1169 2326 1236 2403 ,καὶ
1260 2326 1345 2407 ἔδρα-

4 2455 5 2459 =
73 2431 145 2501 μεν”
172 2461 213 2471 -
238 2429 317 2488 nihil
349 2429 489 2489 habeant
518 2429 602 2501 quod
637 2443 831 2503 magnopere
854 2429 1005 2503 offendat,
1034 2429 1208 2489 admodum
1232 2434 1344 2491 tamen

2 2599 3 2602 ρ
76 2530 251 2590 verisimile
284 2531 411 2591 videtur
437 2529 517 2590 mihi
540 2546 588 2590 vs.
616 2530 678 2589 189
706 2545 769 2604 quo
792 2532 976 2591 accuratius
1002 2531 1109 2590 versui
1133 2532 1194 2591 184
1218 2547 1345 2607 respon·

1 2672 2 2676 τ
73 2633 156 2707 deat,
189 2648 252 2692 non
284 2632 456 2705 legendum
486 2647 560 2693 esse
590 2632 715 2711 νύμφην
748 2649 862 2694 verum
885 2629 1047 2709 νυμφέω
1059 2655 1084 2690 ν.
1110 2632 1259 2695 ueterum
1282 2649 1345 2696 non

72 2736 184 2810 opinor
231 2735 332 2795 voluit
377 2736 473 2809 poeta
506 2734 681 2794 lectoribus
715 2735 908 2808 persuadere
942 2734 1067 2794 nullam
1103 2735 1188 2795 iuter
1223 2737 1346 2798 insulas
1401 2816 1403 2818 q

73 2837 231 2898 cariorem
266 2837 345 2897 deae
380 2836 481 2897 fuisse
517 2851 615 2910 quam
650 2836 814 2912 Dolichen,
849 2836 973 2896 nullam
1006 2836 1127 2910 Pergae
1159 2838 1229 2898 urbi
1260 2841 1345 2900 ante·

72 2940 223 3014 posuisse
257 2954 341 3014 eam,
376 2941 411 2999 at
445 2954 484 2999 ea
517 2939 641 2998 ratione
675 2953 755 2998 usus
790 2940 841 2998 est
874 2937 1035 3010 genetivis
1067 2933 1160 3014 ὀρέων
1189 2941 1250 3000 etc.
1283 2955 1348 3014 qua

71 3041 248 3102 notissima
278 3040 335 3100 illa
368 3039 437 3114 ,δῖα
466 3039 650 3117 γοναιαῶν”,
683 3038 751 3114 ,δῖα
775 3038 896 3097 θεάων”
921 3038 999 3099 olim
1024 3039 1187 3100 Homerus
1211 3041 1347 3119 dixerat,

73 3143 125 3204 vel
152 3145 375 3218 praestantem
405 3142 510 3202 forma
544 3133 640 3216 ,εἶδος
671 3137 814 3217 ἀρίστην”
842 3141 1005 3214 quandam
1032 3142 1203 3202 mulierem
1227 3145 1347 3218 praedi·

70 3248 217 3320 caverat,
244 3244 401 3305 uelutis.
427 3246 490 3303 124
514 3243 563 3315 (ci.
590 3246 622 3301 Z.
647 3244 722 3311 252)

323 3344 480 3422 Λαοδίκην
504 3343 653 3420 Πριάμοιο
676 3348 837 3422 θυγατρῶν
861 3336 938 3415 εἶδος
962 3342 1092 3423 ἀρίστην·

70 3450 114 3510 ad
139 3463 237 3522 quem
263 3463 394 3508 versum
416 3448 624 3507 Aristarchus
646 3462 772 3520 quoque
797 3447 944 3507 attendit.
969 3448 1003 3507 Is
1035 3449 1122 3508 enim
1145 3448 1185 3508 ad
1209 3449 1249 3506 N.
1273 3450 1348 3525 365,

70 3551 130 3611 ubi
162 3550 275 3610 eodem
307 3550 402 3610 modo
432 3550 562 3609 honoris
593 3536 692 3610 causa
714 3549 912 3609 iudicaverat
936 3549 1098 3609 Homerus
1122 3547 1349 3625 Cassandram,

71 3654 292 3714 adnotaverat
325 3657 402 3727 ,νῦν
425 3645 479 3727 μὲν
502 3646 556 3725 την
584 3649 782 3728 Κασσάνδραν
805 3643 884 3721 εἶδος
907 3647 1039 3728 ἀρίστην,
1063 3647 1094 3708 ἐν
1117 3648 1216 3722 ἄλλοις
1240 3645 1272 3710 δὲ
1295 3648 1349 3728 τὴν

72 3753 247 3830 Λαοδίκην,
269 3748 319 3811 καλ
343 3751 380 3813 οίι
404 3752 530 3830 μάχεται.

122 3859 208 3919 Loca
230 3858 301 3933 ipsa
323 3856 441 3930 raptim
465 3855 590 3928 peragit
612 3857 717 3930 poeta,
747 3854 786 3914 ad
811 3854 876 3914 alia
898 3854 1045 3929 propiora
1072 3855 1249 3929 festinans;
1273 3869 1349 3916 nam

70 3964 108 4022 in
143 3961 252 4021 animo
284 3958 390 4032 habet,
422 3957 547 4029 mythis
570 3956 760 4030 aetiologias
784 3972 825 4016 ex
850 3971 939 4017 more
963 3971 1022 4016 suo
1046 3957 1263 4032 interponens,
1288 3958 1350 4016 his·

71 4063 195 4124 toriam
229 4075 379 4121 enarrare
411 4058 651 4118 Britomartidis
682 4059 752 4118 sive
784 4058 983 4132 Dictynnae:
1016 4072 1054 4118 eo
1085 4058 1195 4118 autem
1220 4059 1350 4119 nomine

72 4167 184 4239 ipsam
214 4163 351 4223 Dianam
379 4160 440 4222 coli
467 4163 623 4234 oportere,
647 4175 750 4232 neque
774 4160 858 4233 quod
882 4159 1089 4221 Cretensibus
1111 4158 1227 4236 placet,
1251 4159 1351 4220 aliam

73 4268 241 4343 quandam
267 4266 360 4325 deam
386 4262 498 4323 Cretae
521 4263 692 4336 propriam,
717 4261 746 4321 ei
769 4263 1057 4335 persuasissimum
1083 4265 1142 4321 est.
1181 4260 1351 4338 Nuncupat
