3068 5288
829 1460 892 1543 IV

759 1726 952 1738 ——-———.

265 1946 415 2005 Vidimus
453 1946 552 2019 igitur
590 1945 702 2005 Iovem
741 1947 838 2019 atque
876 1946 1014 2006 Dianam
1049 1963 1069 2006 a
1103 1946 1301 2009 Callimacho
1335 1949 1475 2011 Arcadiae

220 2049 325 2109 addici
344 2050 513 2121 tamquam
536 2047 624 2107 illius
648 2048 839 2121 praesertim
859 2048 1000 2122 regionis
1023 2048 1100 2108 deos
1119 2050 1284 2126 titulareS,
1305 2054 1401 2126 atque
1418 2066 1475 2127 poe·

221 2153 290 2211 tam
307 2149 340 2208 in
363 2149 425 2209 hac
447 2163 482 2208 re
504 2148 609 2208 multo
632 2150 741 2209 minus
764 2148 898 2209 ductum
922 2165 994 2210 esse
1013 2152 1182 2227 poetarum
1202 2151 1410 2227 antiquorum
1426 2158 1477 2214 tes·

220 2252 380 2327 timoniis,
413 2266 511 2325 quam
545 2251 653 2311 studio
683 2251 830 2325 diligenti
857 2250 1004 2311 cultuum
1028 2255 1061 2312 et
1084 2250 1264 2330 ἐπικλήσεων
1300 2255 1416 2329 quibus
1438 2252 1479 2315 dei

221 2354 283 2428 ipsi
303 2355 336 2413 in
356 2368 395 2413 ea
413 2352 543 2426 regione
563 2367 645 2426 quae
665 2352 894 2426 antiquissima
913 2352 942 2412 ei
962 2353 1134 2430 videretur,
1155 2356 1343 2429 gauderent.
1365 2358 1401 2418 Id
1416 2369 1480 2416 vero

220 2454 425 2529 antiquitatis
444 2454 590 2514 studium
606 2456 765 2527 quantum
778 2468 939 2527 quamque
953 2457 1107 2515 constans
1122 2457 1264 2517 fueritin
1278 2456 1479 2531 Callimacho,

220 2560 396 2631 antequam
409 2570 555 2631 pergam,
575 2556 767 2630 quibusdam
780 2556 940 2630 exemplis
953 2556 1130 2634 illustrabo,
1144 2574 1206 2632 quo
1218 2559 1326 2634 magis
1339 2561 1482 2635 appareat

219 2659 330 2720 sedulo
361 2674 489 2732 semper
519 2657 721 2732 singulorum
752 2656 896 2716 locorum
929 2657 999 2716 iura
1027 2658 1066 2717 ab
1090 2673 1127 2718 eo
1150 2661 1316 2736 perpendi,
1348 2662 1482 2737 palmam

220 2763 331 2821 autem
362 2760 478 2819 deferri
501 2758 548 2818 illi
571 2759 655 2832 loco,
681 2758 734 2832 qui
758 2772 851 2817 sacra
873 2772 934 2816 sua
958 2758 1185 2832 antiquissimo
1209 2760 1277 2821 iure
1301 2762 1483 2824 vindicaret.

262 2863 358 2922 Viam
392 2861 537 2920 indicant
570 2859 743 2933 aetiologia
784 2862 817 2917 et
851 2859 1030 2932 priscorum
1065 2860 1235 2921 nominum
1270 2863 1483 2939 investigatio.

217 2964 289 3024 Huc
319 2962 478 3023 referendi
509 2965 587 3021 sunt
616 2959 718 3020 αἰτίων
741 2959 814 3019 libri
845 2962 878 3020 et
905 2975 1001 3035 opera
1025 2963 1146 3022 navata
1168 2966 1230 3032 ταῖς
1255 2965 1484 3042 μετονομασίαις,

218 3066 289 3126 Huc
324 3065 464 3140 pertinet
498 3064 583 3137 quod
617 3064 746 3124 Euboea
776 3063 892 3122 Macris
923 3063 1040 3123 dicitnr
1070 3065 1193 3138 (hymn.
1218 3064 1271 3124 IV.
1298 3066 1341 3126 20
1372 3066 1485 3143 Μάκρις

219 3163 370 3244 adnotate
385 3160 581 3241 Ἐλλοπιήων)
602 3165 700 3239 quod,
720 3165 896 3239 praeeunte
916 3164 1124 3238 Lycophrona
1142 3166 1239 3235 (Alea.
1263 3167 1375 3245 1209),
1397 3171 1485 3230 Boeo·

217 3271 283 3330 tiae
295 3270 436 3344 partem,
457 3284 540 3342 quae
552 3268 671 3329 Thebis
683 3267 822 3342 adiacet,
841 3264 958 3341 Ἀονίην
970 3269 1065 3327 vocat
1077 3267 1130 3327 IV.
1145 3269 1196 3343 75,
1211 3267 1274 3328 huc
1286 3270 1485 3331 referendum

219 3373 270 3431 est
282 3364 374 3446 Ῥείης
393 3368 515 3447 λεχώιον
534 3370 559 3431 Ι.
583 3370 637 3446 12,
658 3367 832 3444 Ἀπιδανῆες
851 3367 876 3426 Ι.
893 3368 947 3441 13,
969 3367 1077 3443 Λύμαξ
1095 3368 1119 3427 Ι.
1136 3370 1189 3443 15,
1205 3361 1371 3444 Ὀμφάλιον
1388 3372 1486 3432 πεδίον

218 3474 243 3533 Ι.
268 3473 325 3547 45,
350 3474 501 3532 sescenta
523 3471 588 3532 alia
606 3465 641 3547 ¹),
667 3470 700 3530 in
723 3469 840 3544 quibus
863 3469 892 3527 si
916 3468 988 3541 quis
1011 3469 1056 3529 nil
1077 3469 1140 3529 nisi
1160 3485 1281 3530 vanam
1300 3473 1486 3533 eruditionis

218 3574 471 3635 ostentationem
494 3573 592 3649 videt,
617 3571 758 3645 iniquius
778 3571 899 3631 iudicat
916 3571 954 3630 de
975 3568 1182 3631 Callimacho.
1203 3571 1288 3631 Nam
1308 3587 1386 3633 cum
1405 3576 1486 3635 esset

218 3678 251 3736 in
281 3675 432 3737 omnibus
463 3675 560 3734 huius
587 3673 705 3733 aetatis
729 3673 832 3746 poetis
856 3671 1125 3732 ardentissimum
1147 3673 1293 3733 studium
1318 3677 1485 3750 antiquita·

216 3780 261 3840 tis
282 3813 322 3823 —
346 3777 508 3854 praeierat
537 3764 694 3850 Philetas,
724 3789 803 3833 mox
831 3776 963 3833 secutus
987 3776 1038 3834 est
1060 3773 1250 3848 Apollonius
1274 3809 1316 3817 —
1341 3775 1484 3837 Callima·

217 3881 298 3941 chus
328 3882 453 3940 ceteros
484 3879 545 3938 hoc
575 3891 686 3936 amore
716 3874 896 3950 superavit,
929 3874 985 3934 sed
1017 3878 1104 3935 certo
1132 3876 1273 3949 quodam
1297 3879 1433 3939 consilio
1455 3879 1484 3937 in

216 3984 277 4044 hac
301 3999 335 4043 re
357 3996 437 4042 usus
461 3995 533 4040 esse
556 3976 718 4052 putandus
737 3978 798 4036 est.
818 3975 903 4035 Dum
923 3976 1010 4036 enim
1029 3976 1070 4035 ad
1089 3991 1166 4036 suas
1186 3992 1348 4052 quemque
1367 3981 1484 4056 patrias

215 4084 418 4159 singulorum
448 4082 581 4141 deorum
613 4078 737 4139 cultum
768 4078 887 4136 referre
912 4078 1035 4154 studet,
1060 4077 1092 4137 id
1116 4078 1222 4152 egisse
1244 4080 1328 4139 mihi
1351 4082 1482 4154 videtur,

216 4189 251 4247 ut
275 4184 418 4259 antiquis
439 4180 625 4243 nominibus
657 4179 797 4254 priscam
828 4193 953 4251 quoque
985 4178 1168 4254 Graeciam,
1200 4181 1335 4241 deorum
1359 4183 1482 4244 illorum

250 4451 269 4519 ¹)
287 4455 402 4502 Pertinet
425 4453 477 4500 huo
499 4464 602 4511 quoque
630 4451 684 4497 Pan
714 4450 739 4495 in
768 4449 843 4496 attide
870 4449 994 4512 Ἀρκαδικῇ
1021 4449 1057 4506 (in
1082 4448 1157 4497 Dian.
1185 4447 1227 4514 87)
1251 4452 1284 4499 oi.
1307 4452 1406 4500 helian.
1429 4451 1480 4498 Nat.

214 4533 263 4583 An.
284 4534 327 4580 xl.
345 4535 359 4582 6
377 4537 401 4580 δν
419 4531 530 4595 Ἀρκαδίᾳ
550 4530 575 4576 et
592 4534 658 4593 χώρᾳ
676 4531 737 4576 rosis
755 4529 816 4594 ἱερὸν
834 4532 919 4583 Πανός·
937 4529 1005 4588 Adit
1022 4539 1054 4592 τῷ
1071 4535 1140 4595 χώρῳ
1158 4531 1183 4577 τὸ
1202 4531 1282 4588 ὄνομα.
1297 4531 1364 4580 Item
1380 4534 1480 4581 Hermes

216 4613 353 4662 Acaoeaiua
370 4608 407 4676 (in
424 4609 498 4658 Dian.
518 4608 575 4670 14³)
594 4609 657 4656 deus
675 4608 919 4668 Megalopolitanus,
936 4609 1012 4655 Paua.
1032 4609 1099 4656 vm.
1118 4611 1196 4666 30.6;
1215 4611 1247 4658 of.
1265 4612 1305 4658 bd.
1317 4613 1355 4658 10.
