3068 5294
817 445 880 508 176
1225 446 1279 510 IV.
1304 445 1459 510 266-2i0

454 627 556 700 πίονες
578 625 697 710 ἤπειροί
716 651 747 690 ιε
769 629 820 692 καὶ
842 630 876 691 αἲ
896 631 1058 712 περιναίειε
1080 640 1178 713 νῆσοι,

455 727 530 807 αὐτὴ
555 727 610 811 ἐγὼ
632 729 732 809 τοιήδε
755 730 917 811 δυσήροτος

455 832 564 911 Δήλιος
587 830 733 892 Ἀπόλλων
755 832 933 912 κεκλήσεται,
957 832 1029 896 οὐδέ
1051 856 1094 908 τις
1117 833 1191 914 άλλη

333 937 398 995 270
454 932 569 1015 γαιάων
591 931 731 994 τοσσόνδε
754 938 817 1018 θεῷ
840 934 1032 1015 πεφιλήσεται
1056 934 1142 1023 diter·

454 1033 490 1096 οὐ
514 1032 639 1114 nappis
662 1034 789 1114 ιιοείοντι
813 1037 1002 1099 Ποσειδάωνι
1025 1038 1144 1124 Λεχαίῳ

454 1134 491 1197 οὐ
514 1135 609 1218 πάγος
627 1131 750 1221 Ἑρμείῃ
773 1137 952 1217 Κυλλήνιος,
973 1137 1010 1200 οὐ
1034 1138 1085 1200 Au
1108 1139 1221 1221 Κρήτη,

454 1236 493 1312 ὡς
516 1236 573 1319 ἐγὼ
596 1238 762 1299 Ἀπόλλωνι·
786 1237 836 1299 καὶ
859 1238 981 1318 ἔσσομαι
1005 1239 1103 1303 οὐκέτι
1125 1243 1289 1322 πλαγκιή”.

255 1342 412 1419 Quoniam
445 1342 487 1402 ad
520 1341 702 1415 augendam
738 1341 808 1402 Deli
846 1342 972 1404 insulae
1006 1344 1143 1418 gloriam
1183 1345 1475 1418 conciliandamque

208 1444 386 1507 Ptolemaei
397 1444 483 1517 regis
495 1444 635 1517 gratiam
647 1443 795 1503 consulto
809 1446 938 1505 traditis
951 1446 1249 1520 mytholognmenis
1261 1446 1360 1521 addit,
1373 1447 1477 1522 ipsam

207 1549 333 1609 insulae
367 1547 461 1608 deam
496 1546 580 1606 lacte
614 1560 673 1606 suo
706 1546 803 1606 deum
834 1562 948 1608 recens
978 1555 1093 1608 natum
1123 1547 1311 1624 nutrivisse,
1343 1562 1477 1610 necesse

209 1652 261 1711 est
277 1665 353 1710 eum
373 1648 528 1709 homerici
551 1647 664 1720 hymni
689 1647 796 1719 verba,
819 1649 973 1721 quamvis
995 1649 1157 1725 respiciat,
1181 1648 1248 1709 iam
1273 1650 1383 1710 minus
1408 1649 1480 1710 fide·

209 1753 283 1812 liter
304 1765 444 1812 servare.
470 1749 561 1809 Unde
586 1763 661 1809 vero
685 1763 780 1824 nova,
801 1749 918 1823 quibus
938 1751 1045 1812 insula
1064 1751 1162 1812 deum
1181 1751 1315 1826 salutat,
1337 1751 1483 1826 epitheta

208 1852 420 1931 πολύβαμε
453 1849 674 1910 saltevola
704 1850 832 1926 habeat,
865 1867 980 1926 parum
1003 1852 1035 1912 id
1058 1853 1188 1925 quidem
1213 1854 1351 1928 constat,
1376 1869 1484 1926 neone

209 1954 320 2028 magni
350 1952 508 2014 momenti
533 1951 660 2012 videtur
686 1944 717 2025 ¹),
752 1967 827 2012 cum
850 1954 1044 2027 praesertim
1068 1957 1177 2016 cetera
1199 1969 1325 2028 quoque
1348 1960 1485 2016 careant

208 2056 289 2117 certi
318 2054 487 2115 cuiusdam
520 2052 660 2126 exempli
696 2053 852 2126 vestigiis.
885 2053 1038 2114 Frustula
1068 2070 1146 2116 sane
1177 2056 1341 2118 homerica
1362 2056 1399 2116 in
1423 2058 1486 2118 hac

208 2173 334 2232 quoque
368 2156 458 2231 parte
489 2169 553 2214 non
577 2155 704 2216 desunt.
729 2153 773 2214 Ut
795 2157 906 2215 noster
927 2155 975 2216 ita
1001 2155 1164 2217 Homerus
1186 2154 1288 2234 φέρειν
1311 2159 1350 2219 de
1374 2160 1485 2220 terrae

207 2260 375 2320 fertilitate
408 2257 492 2318 dixit
526 2259 558 2325 (r.
594 2257 666 2325 111)
698 2258 731 2315 et
762 2255 881 2316 divites
911 2271 1006 2330 agros
1028 2257 1135 2330 πίονας
1160 2258 1321 2335 laudavit;
1345 2260 1485 2335 ipsaque

208 2377 322 2423 versus
353 2362 415 2420 267
440 2358 637 2419 constructio
660 2360 791 2418 revocat
814 2358 979 2419 homerica
1007 2359 1064 2420 illa
1087 2358 1112 2419 d.
1139 2361 1219 2422 177:
1243 2359 1315 2438 μίαν
1337 2359 1428 2421 πόλιν
1452 2363 1488 2422 αἳ

206 2460 474 2542 περιναιετάουσι”,
504 2482 525 2535 ι,
548 2461 590 2520 23
625 2467 731 2536 ,νῆσοι
764 2458 966 2537 ναιετάουσι”,
1000 2462 1031 2519 Β.
1064 2463 1128 2523 626
1161 2460 1280 2539 ηνήσοον
1303 2463 1337 2522 αἳ
1356 2463 1484 2524 ναίουσι

206 2561 301 2643 πέρην
335 2560 437 2640 ἁλός”,
472 2577 576 2636 neque
611 2563 690 2623 haec
725 2561 864 2623 fortasse
894 2562 991 2636 digna
1021 2563 1088 2623 sint
1124 2567 1307 2626 memoratu
1341 2565 1408 2626 nisi
1443 2569 1484 2627 nt

204 2669 278 2728 inde
313 2665 434 2728 efficias
468 2680 533 2726 non
566 2664 718 2724 incidisse
755 2663 990 2724 Callimachum
1024 2664 1058 2725 in
1094 2680 1170 2726 eum
1202 2682 1353 2741 errorem,
1378 2683 1482 2742 quem

205 2769 370 2830 commisit
404 2766 596 2842 Zenodotus,
632 2766 686 2840 qui
718 2766 922 2827 scribendum
958 2766 1108 2841 opinatus
1139 2768 1169 2827 οἲ
1190 2767 1308 2828 ναίουσι
1335 2765 1396 2841 (ἐπὶ
1420 2779 1482 2831 τῶν

205 2868 345 2949 ἀνδρῶν),
370 2870 485 2930 merito
509 2869 549 2929 ob
572 2883 646 2928 eam
670 2883 804 2928 causam
827 2869 1006 2942 castigatur
1029 2869 1068 2929 ab
1092 2870 1289 2932 Aristarcho.

249 2971 458 3046 Aliquantulo
499 2970 638 3030 fortasse
675 2970 781 3042 magis
819 2969 899 3031 utile
939 2973 1000 3047 est,
1043 2974 1080 3031 ut
1114 2971 1252 3034 artificia
1287 2971 1479 3036 callimachi

204 3073 445 3149 perspiciemus,
480 3071 651 3132 observare
685 3071 845 3145 quomodo
876 3087 1009 3133 versum
1042 3094 1060 3131 ι.
1097 3073 1159 3134 123
1190 3075 1223 3134 ln
1255 3090 1352 3136 usum
1376 3091 1478 3136 snum

204 3174 409 3236 converterit.
433 3173 566 3234 Dixerat
589 3173 752 3234 Homerus
775 3188 812 3234 eo
836 3173 905 3234 loco
932 3167 1009 3249 ,ἀλλ’
1036 3172 1055 3251 tj
1081 3168 1105 3253 γ’
1128 3171 1276 3254 ἄσπαρτος
1296 3173 1347 3235 καὶ
1364 3173 1479 3257 ἀνήρο-

204 3278 285 3352 τος”,
310 3275 526 3336 Callimachus
550 3277 661 3335 autem
684 3290 782 3348 quam
806 3274 953 3349 proxime
977 3277 1084 3351 potest
1107 3277 1148 3337 ad
1168 3278 1356 3353 exemplum
1375 3294 1480 3340 suum

203 3394 239 3439 ee
259 3377 424 3452 applicans
443 3376 537 3450 (quod
556 3375 673 3437 suadet
691 3391 732 3436 ne
751 3375 923 3437 audiamus
943 3376 1135 3452 Stanleium‚
1156 3379 1210 3451 qui
1231 3380 1369 3440 coniecit
1380 3377 1477 3458 αὐτὰρ

204 3496 223 3541 a
250 3478 406 3541 Meinelrio
437 3481 613 3553 receptum)
637 3477 734 3538 metri
758 3477 884 3551 legibus
907 3479 1019 3538 tamen
1042 3478 1163 3552 aliquid
1187 3483 1314 3542 mutare
1337 3482 1476 3558 cogitur,

203 3584 313 3657 itaque
335 3597 392 3656 plo
412 3577 556 3660 ἀνήροτος
576 3580 688 3640 scribit
711 3575 806 3656 „otiari
827 3576 883 3658 ἐγὼ
905 3576 1005 3657 τοιήδε
1026 3578 1220 3659 δυσήοοσος”.
1241 3583 1349 3656 Atque
1367 3583 1403 3643 in
1415 3585 1478 3645 hac

203 3685 273 3759 ipsa
307 3698 433 3757 quoque
467 3698 501 3743 re
535 3682 640 3742 rarius
673 3696 845 3742 occurrens
880 3680 1069 3755 exemplum
1104 3683 1306 3744 homericum
1336 3687 1477 3760 spectat,

204 3787 281 3847 dum
302 3784 461 3846 adiectivo
481 3782 644 3860 δυσήροιος
663 3783 762 3858 addit,
787 3782 929 3843 adverbii
949 3781 1016 3843 fere
1038 3784 1118 3860 vice,
1139 3783 1254 3861 ιοιήδε;
1273 3800 1351 3847 nam
1371 3787 1477 3860 sequi·

204 3889 257 3948 tur
281 3902 318 3948 eo
341 3907 372 3945 π.
397 3886 461 3946 205

447 3980 503 4046 ἀλλ’
531 3981 576 4046 ὅδ’
604 3983 660 4067 ἐγὼ
683 3985 797 4047 τοιόσδε
820 3984 931 4046 παθὼν
953 3983 1031 4046 ιιαιιά
1054 3984 1147 4047 πολλὰ
1170 3981 1200 4048 δ’
1228 3984 1361 4065 ἀληθείς.

248 4089 350 4151 Versu
370 4092 481 4150 autem
503 4089 567 4149 270
590 4086 865 4166 πεφιιήσειαι,
879 4103 973 4162 nova,
997 4091 1034 4149 ut
1054 4090 1190 4166 videtur,
1207 4090 1313 4151 forma
1333 4093 1478 4154 ostendit

203 4195 334 4267 poetam
361 4192 552 4252 observasse
576 4192 683 4266 epicos
706 4191 739 4250 in
762 4190 861 4251 futuri
886 4192 1007 4265 passivi
1030 4193 1162 4253 secundi
1188 4208 1225 4253 ac
1248 4194 1338 4254 tertii
1360 4193 1477 4256 formis

203 4293 376 4355 discrimen
399 4309 463 4354 non
487 4293 613 4355 iecisse.
638 4292 726 4369 Quod
750 4294 778 4353 si
801 4294 848 4353 ita
876 4296 937 4368 est,
970 4294 1054 4354 ultro
1084 4294 1227 4355 oboritur
1257 4309 1371 4369 rogare
1397 4279 1477 4369 quid

205 4395 421 4456 Callimachus
449 4396 483 4454 et
501 4394 653 4468 aequales
672 4394 844 4455 iudicarint
867 4394 906 4454 de
929 4395 1043 4470 formis
1066 4395 1172 4468 qualis
1193 4397 1246 4456 est
1267 4394 1475 4475 πεφιδήσεται,

236 4609 256 4679 Ι)
274 4615 313 4661 of.
330 4627 410 4675 snpra
428 4615 460 4660 ad
478 4613 525 4660 111.
544 4615 592 4660 225
611 4627 668 4673 pag.
688 4616 744 4661 101.
