3090 5294
832 453 873 514 aa
1303 449 1328 512 1.
1355 449 1487 513 οι-οτ
1541 409 1543 524 ἶ

214 643 299 704 tueri
328 657 423 717 posse
454 642 515 702 sibi
551 644 612 703 visi
647 644 733 720 sunt,
765 657 964 717 quamquam
992 642 1118 717 iniuria,
1148 655 1223 701 cum
1247 641 1412 703 videretur
1437 640 1490 701 ille
1541 677 1543 690 t

92 787 95 794 ,
214 741 285 804 ὅσον
314 743 457 805 adverbii
480 745 550 805 loco
581 748 817 820 usurpassent
841 749 965 806 tantum
988 744 1079 804 modo
1103 743 1259 804 indicaret
1284 744 1310 803 l.
1336 743 1413 802 354.

260 845 341 907 (ium
378 846 466 906 enim
500 845 687 921 Apollonius
727 847 870 908 Rhodius
904 848 989 907 hunc
1023 846 1130 906 locum
1164 844 1314 903 imitatus
1348 843 1390 902 ΙΙ.
1426 843 1487 901 112

215 949 345 1024 scripsit

392 1045 466 1109 άλλά
487 1071 539 1126 μιν
563 1047 599 1109 οὗ
622 1046 815 1128 κατέπεφνεν,
838 1048 933 1110 ὅσον
956 1043 988 1109 δ’
1015 1045 1063 1108 έπλ
1087 1043 1207 1126 δέρματι
1230 1052 1383 1123 μοῦνον

394 1149 527 1229 νηδυίων
553 1148 706 1228 άψαοστος
729 1149 789 1212 ὑπὸ
813 1150 911 1230 ζώνην
934 1151 1007 1230 θόρε
1030 1147 1146 1229 χαλκός,

214 1255 365 1327 idemque
387 1254 413 1315 Ι.
442 1255 503 1313 113

438 1350 509 1415 οόδέ
530 1354 627 1428 θοοὺς
650 1353 761 1434 βάπτεν
784 1353 880 1427 πόδας
902 1349 962 1415 ἀλλ’
989 1352 1084 1414 ὅσον
1106 1348 1208 1433 άκροις

390 1447 487 1536 ἴχνεσί
502 1454 675 1536 τεγγόμενος
700 1457 781 1541 διερῇ
804 1454 955 1536 πέφορητο
979 1459 1120 1538 κελεοθῷ·

214 1563 330 1623 ultimo
350 1560 481 1634 quidem
499 1559 570 1621 loco
590 1575 664 1620 vere
684 1560 864 1621 Homerum
884 1560 1060 1635 expressit;
1081 1558 1185 1633 priore
1204 1553 1338 1615 dubium
1350 1551 1489 1612 forsitan

214 1665 371 1740 videatur,
396 1663 472 1736 quid
494 1661 647 1723 voluerit:
672 1663 847 1724 scholiasta
865 1662 985 1723 saltem
1005 1661 1099 1722 aliter
1117 1656 1272 1720 iudicavit
1291 1656 1330 1716 de
1346 1671 1385 1716 eo
1398 1655 1488 1729 looo;

214 1765 383 1826 adnotavit
408 1763 495 1824 enim
519 1759 613 1823 ὅσον
637 1744 703 1822 διντλ
725 1770 778 1824 τοῦ
806 1759 956 1843 ὀλίγον.

257 1864 471 1941 Apertissime
496 1866 607 1926 autem
632 1864 819 1927 Callimachi
843 1880 976 1927 versum
999 1864 1148 1925 imitatus
1176 1864 1227 1922 est
1249 1859 1307 1920 ΙΙΙ.
1333 1860 1399 1919 519

393 1961 465 2025 οὐδέ
487 1985 541 2044 περ
564 1963 653 2027 ὅσσον
677 1964 902 2041 ἐπανθιόωντας
925 1965 1046 2036 ίούλονς
1067 1962 1072 2041 Ι
1092 1959 1245 2022 ἀντέλλων.

220 2132 222 2135 ,
260 2069 404 2129 'landem
425 2083 541 2129 moneo
563 2067 798 2130 Callimachum
821 2069 855 2129 in
876 2069 964 2143 epico
984 2080 1134 2128 sermone
1144 2061 1250 2123 τόσσον
1263 2062 1402 2123 relativo
1415 2077 1487 2135 quo·

217 2186 279 2244 que
303 2185 401 2231 sensu
426 2170 610 2231 adhibuisse
634 2172 675 2231 ΙΙ.
701 2172 743 2230 84
762 2173 796 2231 et
815 2171 868 2246 94,
889 2171 922 2231 et
944 2169 1123 2231 secundum
1145 2165 1366 2228 homericum
1390 2179 1488 2225 usum

215 2273 370 2334 relatium
394 2270 484 2332 ὅσσον
508 2271 673 2333 causalem
697 2272 765 2332 vim
790 2272 932 2333 obtinere
955 2272 1012 2331 111.
1039 2271 1113 2331 255.

263 2423 317 2484 Vs,
343 2425 395 2483 65.
441 2421 612 2500 ψευδοίμην
636 2418 753 2494 δέοντος
777 2421 797 2482 ά
819 2445 870 2484 κεν
893 2422 1051 2482 πεπίθοιεν
1075 2419 1199 2498 ἀκουήν.

438 2521 475 2584 oti
498 2540 530 2584 σε
553 2528 634 2584 θεῶν
658 2522 768 2602 ἐσσῆνα
790 2524 879 2585 πάλοι
901 2521 1007 2602 θέσαν,
1029 2521 1099 2604 ἔργα
1124 2519 1155 2583 δέ
1174 2530 1288 2602 χειρῶν,

439 2623 476 2702 σή
499 2647 528 2685 τε
551 2625 602 2705 βίη
625 2624 657 2687 τό
680 2648 710 2686 τε
733 2626 849 2708 κάρτος,
871 2621 888 2686 δ
910 2624 961 2687 καλ
983 2624 1073 2698 πέλας
1096 2625 1177 2686 εἴσαο
1201 2623 1320 2702 δίφρον.

438 2725 538 2804 θήκαο
562 2721 591 2786 δ’
617 2726 733 2788 οἰωνῶν
756 2722 815 2808 μέγ’
841 2725 999 2809 ὑπείροχον
1023 2725 1201 2808 ἀγγελιώτην

437 2837 498 2889 σῶν
521 2828 642 2909 τεράων,
664 2824 705 2890 δότ’
731 2828 825 2908 έμοῐστ
848 2830 946 2907 φίλοις
970 2827 1084 2903 ένδέξια
1111 2829 1243 2906 φαίνοις.

259 2934 351 2993 Nova
380 2931 475 2992 solito
509 2947 599 2992 more
630 2948 705 2992 cum
737 2933 878 3007 antiquis
905 2934 1058 3005 miscens,
1082 2933 1247 2994 homerica
1269 2929 1401 3005 quidem
1424 2926 1486 3002 ple·

215 3049 352 3107 rumque
383 3033 538 3093 vocabula
561 3034 594 3093 in
618 3034 707 3094 hisce
730 3034 860 3095 adhibet
883 3050 942 3096 nec
967 3037 1078 3096 tamen
1099 3049 1198 3095 sensu
1225 3045 1354 3106 semper
1380 3030 1485 3089 home·

216 3135 290 3195 rico.
315 3130 439 3210 ἀκοοη
461 3135 549 3195 enim
570 3136 653 3208 quod
673 3136 706 3195 in
725 3135 825 3197 Iliade
845 3151 909 3196 uno
929 3136 998 3197 loco
1019 3137 1158 3198 occurrit
1170 3137 1220 3206 (Π.
1234 3136 1298 3196 634
1315 3128 1445 3209 ,ἕκαθεν
1458 3125 1488 3189 δέ

215 3258 245 3297 τε
267 3230 368 3316 γίγνετ’
385 3233 502 3312 ἄκονθ’
524 3237 578 3297 uhi
590 3238 824 3313 Aristophanes
839 3235 955 3316 „durh”
968 3240 1105 3313 legebat)
1127 3238 1228 3300 semel
1252 3237 1349 3310 atque
1369 3235 1487 3294 lterum

217 3340 251 3399 in
279 3338 424 3412 Odyssea
455 3339 488 3398 in
520 3339 682 3399 constanti
712 3338 861 3414 loquendi
896 3341 1036 3401 formula
1071 3338 1161 3417 ,μετὰ
1195 3335 1305 3416 πατρὸς
1339 3333 1488 3413 ἀκουήν”,

217 3441 433 3502 Callimachus
470 3457 598 3516 semper
628 3445 764 3517 usurpat
796 3444 980 3504 Atticorum
1003 3459 1093 3504 more
1116 3445 1153 3503 ut
1182 3454 1316 3502 sensum
1340 3437 1489 3501 audiendi

216 3545 368 3619 ipsasque
399 3559 494 3605 aures
522 3545 642 3605 indicat
665 3545 714 3615 (cs.
739 3545 792 3607 IV.
820 3546 882 3606 180
906 3547 939 3606 et
961 3546 999 3605 ir.
1027 3547 1121 3615 lob).
1146 3541 1292 3620 ἐσστην
1316 3559 1418 3617 quam
1440 3558 1491 3603 no·

218 3661 295 3706 vum
320 3648 408 3706 esset
428 3661 470 3706 ne
496 3645 564 3721 ipse
596 3646 725 3719 quidem
749 3647 914 3707 nesciebat
933 3640 971 3722 ¹);
996 3644 1124 3705 πάλον
1156 3660 1241 3720 vero,
1266 3645 1342 3706 licet
1369 3660 1436 3705 non
1459 3645 1491 3704 in

217 3748 358 3808 Homero
382 3747 524 3825 obvium,
549 3748 694 3808 adhibuit
717 3749 892 3809 Pindarum
915 3751 949 3810 et
971 3749 1169 3822 tragicorum
1196 3761 1322 3807 morem
1346 3748 1491 3821 secutus,

216 3850 337 3910 rectius
363 3849 504 3927 proiecto
532 3865 610 3910 voce
630 3850 771 3911 Homero
787 3851 898 3924 ignota
917 3866 997 3911 usus
1022 3865 1120 3924 quam
1144 3865 1219 3910 cum
1244 3847 1399 3908 sortiendi
1427 3863 1492 3908 mo·

216 3967 286 4012 rem
310 3952 483 4012 homericis
509 3952 708 4026 temporibus
735 3954 914 4014 adhibitum
941 3952 1116 4028 neglegens
1144 3953 1240 4012 modo
1270 3966 1318 4010 va.
1344 3951 1386 4011 62
1406 3949 1493 4011 dixe·

216 4056 267 4114 rat
294 4057 421 4131 ,κλῆρον
441 4050 649 4133 ἐρύσσαι”;
673 4070 770 4115 versu
790 4057 901 4115 autem
922 4056 964 4116 67
988 4055 1104 4115 merito
1128 4052 1254 4114 Bentlei
1274 4052 1495 4112 mutationem

220 4154 258 4234 ,ἦ
273 4176 302 4215 τε
326 4154 382 4232 Βίη
402 4154 434 4216 τό
454 4177 483 4216 τε
503 4155 641 4235 Κάρτος”
662 4158 845 4232 repudiavit
864 4158 1086 4219 Schneiderus.
1111 4157 1195 4218 Nam
1207 4157 1334 4231 spectat
1346 4154 1493 4230 quidem,

217 4258 301 4332 quod
316 4273 413 4319 nemo
424 4259 564 4336 negabit,
577 4259 710 4320 Hesiodi
726 4258 833 4335 Τίτιος.
848 4263 912 4321 385
930 4257 998 4337 „noi
1011 4258 1127 4340 Κράτος
1141 4254 1192 4338 ἠδὲ
1205 4257 1301 4335 Βίην”
1315 4257 1348 4316 et
1361 4271 1410 4317 vs.
1426 4255 1492 4316 388

484 4355 542 4420 ἀλλ’
569 4359 626 4421 crisi
648 4342 715 4441 παρ’
744 4360 820 4440 Ζηνί
843 4363 1021 4448 βαροκτόπιμ
1045 4359 1217 4441 ἑδριόωνται

218 4463 253 4521 at
267 4460 400 4522 Hesiodi
421 4477 534 4523 versus
554 4464 625 4525 ideo
645 4466 776 4525 tantum
796 4466 943 4538 sequitur
962 4469 1000 4526 ut
1020 4464 1164 4544 ,δηναίοο
1185 4456 1312 4523 τοιᾶσδ’
1326 4457 1494 4533 theologo

251 4640 270 4714 ¹)
288 4646 404 4693 conferri
427 4649 547 4707 poterunt
570 4661 636 4707 quae
657 4649 689 4696 de
707 4662 737 4696 eo
758 4662 819 4696 voce
837 4653 958 4709 congesta
978 4653 1038 4697 eunt
1055 4664 1070 4696 a
1087 4649 1211 4697 Bredavio
1228 4649 1246 4695 l.
1263 4649 1280 4696 l.
1299 4652 1339 4698 88.
