3104 5296
61 458 108 520 lv.
138 456 271 519 1548
662 460 724 519 115

60 646 201 707 Homero
239 645 479 726 interpretando
513 647 639 721 propria
680 647 811 708 licentia
842 662 939 724 usus,
981 649 1028 709 ita
1058 649 1141 710 dixit
1170 650 1211 711 ΙΙ.
1248 653 1329 714 569:

750 745 849 824 ὑψόθι
873 742 901 807 δ’
928 743 1022 828 ὄχθης

282 846 370 926 λευκὴ
393 849 587 928 καχλάζοντος
610 846 783 910 ἀνέπτυε
806 849 936 927 κύματος
959 847 1043 929 άχνη.

101 953 159 1013 Vs.
182 955 223 1013 15
243 953 420 1027 piscatores
444 950 693 1030 ἰχθυβολῆας
718 953 813 1013 vocat
828 952 982 1026 Aeschyli
994 952 1180 1026 exemplum
1193 954 1330 1018 fortasse

57 1059 203 1130 secutus
223 1055 279 1128 qui
302 1054 499 1114 adiectivum
526 1054 624 1114 habet
648 1051 819 1132 ἰχθυβόλος,
840 1053 981 1128 Neptuni
1004 1069 1193 1130 nuncupans
1216 1058 1330 1118 triden·

56 1160 128 1218 tem
147 1152 286 1234 μαχανάν
304 1153 467 1233 ἰχθυβόλον
488 1154 575 1230 Sept.
599 1157 672 1216 131.
698 1154 945 1216 substantivum
966 1155 1143 1234 ἰχθυβολεὺς
1158 1162 1331 1233 postquam

56 1257 162 1318 semel
198 1256 344 1317 adhibuit
375 1256 593 1318 Callimachus
623 1257 797 1333 permultis
827 1257 948 1333 placuit
978 1257 1028 1329 (cf.
1052 1257 1222 1320 Blornfield
1251 1258 1332 1321 Glos-

56 1375 123 1420 aor.
159 1359 195 1418 in
229 1358 345 1419 Aescb.
383 1357 462 1434 sept.
495 1374 525 1433 p.
561 1360 711 1428 1091-
742 1359 861 1420 Deinde
901 1354 1118 1431 ἁλικλόονς
1155 1361 1333 1435 piscatores

56 1461 170 1525 diceus
201 1462 376 1534 opportune
399 1461 494 1535 poeta
523 1461 628 1535 docet,
661 1460 736 1534 quid
760 1460 821 1520 sibi
847 1460 995 1521 videatur
1017 1461 1055 1521 de
1081 1476 1178 1522 versu
1202 1463 1247 1520 Μ.
1272 1464 1331 1524 26:

57 1560 187 1622 ἁλίπλοα
217 1563 305 1622 euim
336 1561 428 1640 τείχεσ
463 1578 537 1624 cum
570 1579 590 1624 a
621 1562 783 1638 plerisque
817 1563 864 1622 ita
898 1563 1119 1637 acciperentur
1152 1564 1189 1621 ut
1222 1567 1334 1624 essent

56 1667 145 1725 muri
175 1664 263 1724 mori
289 1665 453 1740 submersi,
481 1665 536 1725 alii
564 1664 861 1739 interpretabantur
894 1673 947 1747 ,τῇ
966 1662 1105 1746 θαλάσσῃ
1125 1660 1332 1726 iuratione&

57 1767 152 1827 Hanc
172 1766 364 1841 opinionem,
386 1781 468 1839 quae
489 1769 602 1840 postea
620 1767 690 1826 iure
704 1770 887 1840 oppugnata
900 1768 952 1826 est
964 1766 1003 1825 ab
1017 1765 1197 1827 Herodiano
1210 1768 1261 1836 (ll.
1279 1767 1332 1843 80,

59 1870 124 1942 26),
156 1866 346 1941 amplexum
374 1867 476 1927 fuisse
501 1867 746 1942 Callimachum,
771 1871 805 1927 et
824 1869 935 1927 noster
957 1882 1071 1927 versus
1094 1869 1200 1941 arguit
1223 1870 1257 1929 et
1284 1886 1330 1929 vs.

59 1970 113 2045 52,
138 1967 195 2029 ubi
213 1968 312 2028 simul
335 1968 576 2029 substantivam
603 1969 668 2029 virn
694 1969 827 2029 obtinet.
843 1969 933 2028 -In
957 1971 1105 2029 extremo
1130 1984 1225 2030 versu
1248 1971 1331 2043 quod

58 2071 180 2145 legitur
214 2067 460 2129 ἐννάσσαντο
496 2070 641 2130 medium
665 2071 717 2130 est
740 2070 780 2129 ab
803 2069 937 2130 Homeri
959 2070 1050 2130 libris
1073 2070 1233 2145 alienum;
1257 2073 1331 2130 sim·

57 2172 134 2247 plex
171 2168 342 2247 ἐνασσάμην
377 2173 498 2247 tamen,
534 2173 618 2245 quod
653 2174 742 2232 recte
777 2172 953 2232 formatum
989 2187 1061 2232 esse
1096 2171 1146 2230 vel
1174 2172 1334 2231 causativi

58 2274 166 2334 forma
201 2270 305 2331 ἔνασσε
335 2275 456 2349 monet,
492 2275 558 2334 iam
595 2274 734 2334 occurrit
762 2273 845 2347 apud
877 2272 1055 2334 Hesiodum
1090 2271 1165 2347 opp.
1194 2273 1269 2333 639.
1294 2273 1334 2332 Et

57 2375 191 2449 saepius
225 2374 436 2434 Alexandrini
472 2376 581 2435 minus
618 2374 823 2448 vulgatorum
855 2374 958 2435 seduli
989 2376 1167 2435 sectatores
1192 2389 1248 2434 eas
1271 2373 1331 2434 ior-

58 2493 134 2537 mas
157 2475 383 2551 adhibuerunt,
407 2475 446 2537 ci.
472 2477 574 2551 Apoll.
599 2476 700 2538 Rhod.
725 2476 779 2536 IV.
804 2476 898 2536 1751.
926 2477 1020 2536 1213.

101 2679 159 2739 Vs.
190 2680 243 2739 16.
291 2674 363 2738 ἀλλά
387 2677 418 2738 οἰ
439 2677 476 2739 οὐ
499 2677 659 2757 νεμεσητὸν
686 2675 730 2737 at
753 2677 885 2761 πρώτῃσι
907 2674 1045 2756 λέγεσθαι

287 2774 387 2839 ὁππότ’
413 2777 443 2851 ἐς
462 2774 607 2840 Ὠκεανόν
629 2801 658 2839 τε
681 2776 730 2838 καὶ
754 2776 783 2850 ἐς
809 2777 950 2856 Τιτηνίδος
975 2776 1083 2856 Τηθὺν

288 2888 374 2957 νῆσοι
398 2877 590 2955 άολλίζονται,
613 2877 658 2940 ἀεὶ
682 2874 709 2938 δ’
741 2877 860 2956 ἔξαρχος
884 2874 989 2938 ὁδεύει.

287 2977 306 3058 ἣ
331 2977 360 3040 δ’
388 2978 496 3042 ὅττιθεν
521 2981 667 3041 Φοίνισσα
690 2974 745 3056 μετ’
772 2979 850 3058 ἴχνια
875 2979 995 3058 Κύρνος
1019 2975 1135 3058 ὀπηδεῖ,

186 3086 229 3144 20
287 3080 343 3143 οὐκ
366 3079 465 3160 ὀνοτή,
486 3081 536 3143 καὶ
561 3083 683 3162 Μάκρις
706 3078 858 3159 Ἀβαντιὰς
877 3076 1064 3158 Ἐλλοττιήιον

288 3184 398 3263 Σαρδώ
422 3180 451 3243 θ’
478 3184 642 3264 ἱμερόεσσα,
664 3180 715 3242 καὶ
737 3178 777 3260 ἣν
801 3180 960 3260 ἐκενήξατο
984 3183 1102 3262 Κύπρις

289 3282 319 3358 ἐξ
341 3285 450 3358 ὕδατος
472 3284 507 3345 τά
531 3295 641 3366 πρῶτα,
663 3289 735 3344 σαοῑ
754 3281 786 3343 δέ
809 3306 860 3360 μιν
888 3278 948 3343 ἀντ’
974 3282 1157 3365 ἐπιβάθραν.

108 3388 311 3449 Recentioris
331 3389 449 3449 aetatis
469 3387 702 3463 mythologiam
725 3387 871 3459 sequitur
891 3389 964 3457 (non
992 3387 1080 3447 enim
1092 3387 1244 3460 allegoria
1257 3388 1336 3447 haec

64 3494 125 3559 est)
153 3505 230 3549 curn
254 3488 354 3550 Delon
377 3490 534 3566 Insulam,
558 3491 680 3551 olima
712 3488 849 3548 Pindaro
872 3487 1010 3558 (Proaod.
1033 3488 1072 3550 ir.
1097 3488 1149 3549 87.
1175 3491 1204 3558 3)
1236 3487 1337 3563 ,ilio-

63 3612 116 3650 τον
139 3590 294 3669 θύγατερ”
318 3591 506 3668 salutatam,
530 3594 616 3652 inter
638 3590 767 3652 Insulas
791 3590 910 3651 Oceani
937 3588 1021 3650 filias
1045 3590 1226 3651 solemnem
1250 3604 1336 3663 porn-

64 3706 141 3767 pam
169 3693 397 3755 instituentem
428 3694 589 3755 describit.
620 3694 658 3753 In
691 3708 754 3766 qua
785 3692 999 3767 descriptione
1022 3693 1051 3752 si
1075 3693 1256 3753 homericae
1280 3692 1336 3751 lin·

64 3809 149 3868 guae
184 3793 266 3855 lines
300 3796 351 3856 bic
381 3796 447 3856 illic
477 3797 596 3857 transit
631 3797 736 3871 poeta,
768 3798 879 3855 tamen
913 3796 1036 3870 epicam
1068 3795 1242 3855 dictionem
1275 3808 1339 3855 non

66 3897 221 3971 neglexit.
249 3898 300 3958 lta
324 3898 520 3958 adiectivum
545 3898 674 3959 verbale
698 3894 857 3974 νεμεσητὸν
888 3898 937 3966 (de
968 3912 1031 3970 quo
1055 3897 1122 3957 iam
1145 3911 1248 3972 pauca
1272 3895 1340 3956 dixi

66 4015 167 4074 supra
200 4014 271 4073 pag.
305 4000 357 4068 64)
392 3998 433 4059 ab
468 3998 610 4060 Homero
642 3999 776 4058 minime
808 3998 952 4087 alienum
984 3999 1063 4073 erat,
1096 3999 1152 4059 sed
1179 3998 1233 4058 ille
1257 4013 1341 4058 sem-

66 4116 124 4176 per
145 4098 306 4175 duplicato
326 4114 344 4157 σ
367 4101 495 4176 scripsit
517 4101 686 4176 posuitque
707 4100 740 4159 in
760 4099 825 4159 arsi
845 4102 968 4172 quarta.
984 4099 1091 4160 Semel
1105 4116 1179 4161 vero
1197 4103 1247 4170 (A.
1265 4099 1341 4169 649)

70 4202 205 4279 ,oidoiog
230 4199 406 4280 νεμεσητός”
431 4203 464 4262 in
490 4203 575 4264 thesi
599 4203 800 4263 secundant
824 4203 934 4262 nostro
954 4201 1023 4263 loco
1047 4203 1189 4277 positum
1214 4204 1275 4262 est.
1299 4233 1340 4244 —

67 4305 179 4379 Neque
214 4319 296 4378 quae
330 4307 510 4377 sequuntur
541 4302 708 4383 ἔξαρχος
739 4308 773 4365 et
804 4299 962 4363 ὁδεύειν
994 4305 1157 4378 incognita
1189 4303 1340 4378 Homero,

68 4408 142 4484 etsi,
178 4422 257 4467 casu
289 4405 440 4482 quodam,
468 4422 531 4467 non
566 4407 630 4466 nisi
664 4421 762 4466 sensu
798 4404 925 4478 lugubri
957 4408 1091 4481 usurpat
1121 4405 1175 4465 ille
1209 4403 1340 4464 vocabu·

68 4510 138 4571 lum
165 4506 296 4586 ἔξαρχος,
320 4507 360 4566 Ω.
387 4509 448 4570 721
484 4505 626 4584 ,torosis
649 4506 774 4586 θρήνων
798 4503 969 4584 ἐξάρχους”.
998 4507 1086 4584 Quod
1110 4521 1173 4568 non
1197 4505 1344 4567 vocabuli

70 4612 102 4673 vi
135 4611 266 4686 propria
298 4609 438 4682 quadam
474 4610 597 4670 iactum
633 4625 706 4669 esse
740 4610 773 4668 et
807 4608 877 4681 ipsa
913 4624 946 4668 re
981 4609 1082 4681 liquet
1106 4613 1139 4668 et
1162 4610 1344 4669 Atticorum
