3090 5294
827 468 867 528 12
933 560 936 564 Α
1295 470 1320 532 1.
1347 472 1485 533 ra-rr·

251 652 363 713 lla-16
386 645 410 735 ᾧ
432 672 472 712 κε
495 651 627 714 τόκοιο
650 654 798 733 λύματα
821 653 1072 734 χυτλώσαιτο.
1092 655 1233 717 Verbum
1253 673 1329 720 cum
1348 658 1483 719 adhibet

208 754 291 827 quod
314 754 417 816 semel
440 756 571 816 tantum
592 756 691 819 habet
713 757 876 819 Homerus
900 757 924 830 ζ.
948 757 992 818 80

475 856 550 918 δῶκε
573 853 606 919 δὲ
627 858 747 943 χρυσείη
770 856 803 920 ίν
824 859 950 944 ληκύθῳ
972 855 1067 938 ύχοόν
1090 855 1190 920 ἔλαιον

473 957 540 1032 εἴας
561 960 738 1038 χυτλώσαιτο
762 960 819 1022 σύν
841 957 1037 1039 ἀμφιπόλοισι
1058 960 1186 1041 γυναιξί,

206 1073 270 1119 non
293 1060 499 1122 tamensem
521 1061 790 1136 significationem
813 1064 927 1125 tribuit
946 1064 1042 1124 verbo
1065 1079 1166 1137 quam
1184 1065 1400 1143 grammatici,
1425 1068 1482 1141 qui

206 1159 354 1222 solebant
383 1177 515 1225 monere
548 1163 653 1243 χότλον
687 1157 818 1226 εἶναιτὸ
841 1157 907 1242 μεθ’
935 1164 1045 1236 ὕδατος
1068 1162 1211 1226 ἔλαιον.
1234 1168 1272 1227 In
1296 1168 1482 1242 usurpando

206 1263 266 1323 hoo
301 1264 455 1326 vocabulo
486 1267 597 1328 demta
624 1267 756 1329 notione
787 1267 950 1341 unguendi
974 1267 1143 1344 praeierat,
1166 1282 1265 1341 quem
1287 1269 1482 1345 saepissima

206 1365 353 1438 sequitur
373 1368 495 1445 noster,
519 1368 685 1444 Lycophro
707 1369 763 1443 qui
786 1369 873 1430 Aias.
899 1370 963 1430 322
987 1368 1130 1432 dixerat:

473 1465 545 1547 πρίν
568 1466 600 1529 ἐκ
622 1469 736 1549 λοχείας
757 1474 829 1551 χυλα
851 1473 996 1549 χυτλῶσαι
1019 1469 1116 1555 δρόσῳ

71 1559 75 1567 ’
207 1569 241 1628 et
262 1568 351 1643 ipsos
373 1569 481 1631 lentes
502 1585 552 1632 vs.
575 1573 636 1632 701
668 1571 757 1650 χύτλα
779 1573 1015 1649 nominaverat,
1034 1572 1122 1634 idem
1141 1575 1252 1637 autem
1271 1588 1319 1634 vs.
1336 1573 1421 1634 1099
1442 1575 1483 1635 de

205 1671 461 1744 Agamemnonis
482 1671 598 1734 balneo
620 1673 720 1735 dixit:

540 1769 556 1834 ό
579 1769 634 1852 μὲν
655 1771 711 1854 γὰρ
734 1771 813 1852 ἀμφὶ
834 1774 924 1853 χύτλα
946 1770 998 1847 τὰς
1021 1773 1201 1847 δυσεξόδους

541 1875 636 1954 ζητῶν
657 1875 820 1948 κελεύθους
846 1868 878 1947 ¹).

252 1976 342 2052 Quod
363 1978 404 2039 ad
426 1975 541 2054 λύματα
564 1979 691 2056 attinet,
714 1979 792 2042 lieet
813 1979 847 2040 in
869 1978 979 2040 animo
1006 1978 1090 2041 forte
1107 1978 1256 2040 habuerit
1274 1981 1384 2041 noster
1408 1978 1484 2054 Διὸς

208 2076 325 2156 demde
349 2079 403 2140 ubi
426 2081 506 2141 Iuno
528 2077 573 2150 (Ξ.
601 2082 675 2151 171)

452 2181 567 2259 λύματα
589 2175 671 2241 πάντ’
698 2175 818 2260 ἐκάθητ’
845 2177 986 2259 ἠλείψατο
1011 2177 1043 2241 ll
1065 2173 1124 2240 λίπ’
1149 2177 1236 2266 ἐλαίῳ

210 2282 345 2343 dubium
372 2284 484 2344 tamen
513 2283 595 2344 mihi
618 2298 682 2344 non
704 2283 832 2344 videtur
854 2282 1001 2344 consulto
1025 2297 1123 2343 usum
1146 2298 1219 2344 esse
1241 2283 1302 2344 hoo
1327 2283 1486 2344 voeabulo

157 2458 159 2461 ¹
211 2382 457 2460 Callimachum,
489 2388 526 2446 ut
552 2385 721 2464 Adpone
743 2385 880 2446 fiuvium
903 2384 1110 2463 signiticaret,
1141 2386 1181 2447 de
1203 2400 1267 2460 quo
1291 2384 1363 2446 vide
1386 2385 1485 2447 Paua.

210 2486 296 2546 VIH.
321 2488 375 2565 41,
400 2488 430 2548 2.

254 2587 310 2649 Ve.
326 2586 465 2649 λλτεὸν
485 2583 516 2649 δ’
531 2585 590 2649 tvl
608 2596 734 2668 χρῶτα
753 2585 923 2648 λοέσσαι.
940 2588 1142 2649 Pronominie
1154 2589 1331 2663 possessivi
1342 2588 1486 2653 formam

210 2693 381 2766 utramque
402 2694 435 2753 et
454 2689 506 2763 σὸς
523 2693 557 2752 et
566 2687 630 2762 τεὸς
642 2706 744 2765 aeque
756 2690 865 2766 epleae
878 2689 1015 2751 dialecto
1027 2689 1191 2764 propriam
1202 2689 1323 2750 iudicat
1335 2688 1484 2752 Callima·

209 2794 289 2854 chus
320 2796 354 2855 et
375 2794 558 2869 promiscue
581 2794 718 2866 utraque
740 2793 853 2853 utitur.
878 2793 915 2853 In
938 2792 1036 2853 tertia
1063 2806 1200 2866 persona
1222 2790 1325 2852 semel
1352 2793 1485 2853 tantum

210 2893 242 2966 ὅς
276 2896 344 2966 (ΙΠ.
380 2897 434 2966 25)
469 2878 502 2956 et
536 2894 639 2955 semel
672 2891 721 2966 ἑός
751 2894 789 2955 ir.
822 2895 887 2954 420
918 2894 1066 2956 occurrit.
1093 2893 1244 2955 (laterum
1267 2907 1331 2953 non
1354 2894 1487 2954 vaeavit

209 2998 321 3057 noster
355 3013 392 3058 eo
426 3010 533 3057 errore
568 3010 631 3069 quo
661 2995 872 3057 Alexandrini
896 2996 982 3057 baud
1005 3011 1077 3057 raro
1100 2992 1147 3066 ἑὸς
1170 3009 1227 3070 pro
1253 2996 1369 3071 „tuus”
1394 2997 1428 3056 et
1450 2990 1485 3067 ὃς

209 3113 265 3173 pro
292 3099 426 3172 „meus”
450 3100 548 3171 atque
575 3098 724 3173 „noster”
749 3098 946 3172 usurparunt
971 3090 1008 3179 ²).
1046 3095 1145 3158 (tulus
1173 3098 1290 3159 erroris
1313 3097 1405 3173 plura
1430 3113 1484 3158 ex·

210 3200 318 3274 ampla
340 3200 488 3275 praebuit
510 3215 540 3260 v.
565 3200 730 3259 Lnnnwnn
753 3198 973 3258 Eoehirtdium
995 3198 1135 3260 diationis
1161 3200 1261 3275 opicae
1284 3216 1313 3274 p.
1340 3199 1414 3260 260.
1441 3231 1483 3242 -

210 3301 304 3361 Alius
332 3301 461 3375 generis
491 3302 552 3376 est,
576 3301 660 3374 quod
683 3300 815 3361 Hesiodi
837 3299 986 3375 exemplo
1017 3299 1105 3375 (Opp.
1131 3301 1194 3371 58.)
1229 3314 1405 3375 pronomen
1436 3295 1486 3371 ἑὸς

211 3401 341 3464 adhibet
363 3418 419 3477 pro
442 3400 518 3478 τφός
541 3404 657 3476 fragm.
681 3402 763 3476 4203
795 3402 879 3475 quod
902 3401 1050 3476 culpatur
1082 3402 1122 3462 ab
1148 3402 1317 3476 Apollonio
1345 3401 1485 3476 Dyscolo

212 3506 262 3575 (de
286 3518 374 3579 pron.
401 3505 485 3575 143.)

256 3607 444 3668 accusativi
477 3605 583 3666 forma
615 3612 749 3684 χρῶτα,
782 3605 893 3665 minus
926 3605 1023 3665 solita
1056 3605 1140 3680 apud
1174 3604 1356 3665 Homerum
1384 3619 1485 3677 quam

212 3707 295 3787 χρόα,
324 3724 424 3782 quam
455 3707 595 3768 sormam
617 3707 729 3768 noster
751 3707 811 3768 boo
833 3708 956 3781 hymno
980 3720 1028 3766 vs.
1054 3707 1095 3766 32
1119 3708 1264 3782 usurpat,
1288 3706 1355 3767 fere
1379 3706 1487 3768 eidem

214 3811 311 3870 verbo
323 3809 494 3870 coniuncta
514 3808 652 3869 occurrit
671 3809 705 3868 in
725 3808 870 3882 Odyssea
890 3823 915 3866 σ.
938 3808 1011 3883 172,
1034 3808 1096 3868 179
1119 3801 1217 3886 »χρῶτ’
1240 3803 1486 3884 ἀπονιψαμένη.”

214 3910 336 3984 Operae
370 3912 483 3970 autem
517 3910 658 3984 pretium
693 3911 744 3970 est
774 3909 950 3984 attendere,
982 3912 1141 3983 quantum
1171 3909 1205 3970 ln
1239 3909 1290 3969 his
1326 3908 1486 3986 versibus,

214 4012 330 4085 quibus
361 4012 471 4073 Rheae
503 4014 615 4087 partus
646 4010 798 4086 depingit,
826 4011 912 4071 absit
934 4011 1172 4071 Alexandrinus
1198 4013 1293 4086 poeta
1315 4025 1335 4070 a
1358 4010 1487 4071 Pindari

213 4113 366 4188 carmine,
397 4115 481 4187 quod
512 4113 755 4187 elegantissimo
785 4113 898 4173 robore
925 4118 957 4173 et
988 4112 1073 4173 virili
1096 4113 1200 4186 gratia
1222 4113 1333 4174 cantat
1356 4111 1486 4174 facilem

212 4216 401 4289 laetumque
424 4217 575 4278 liuadnae
598 4218 739 4292 partum,
763 4216 918 4290 ortusque
941 4216 1024 4276 Iami
1048 4215 1094 4276 Ol.
1119 4215 1173 4277 VI.
1202 4216 1261 4276 39:

248 4483 266 4544 1)
283 4487 322 4534 Of.
339 4499 442 4547 quoqne
459 4486 542 4546 Apoll.
563 4485 645 4533 Rhod.
662 4485 704 4533 1v.
725 4485 789 4532 leia
808 4487 835 4532 et
853 4486 945 4533 Haase.
962 4481 1055 4531 Aratea
1072 4498 1098 4546 p.
1117 4486 1149 4531 ee
1167 4487 1218 4531 not.

247 4561 322 4624 ⁷)0l.
349 4566 416 4613 infre
441 4565 473 4612 ad
496 4566 544 4613 111.
573 4567 634 4620 1033
661 4565 709 4611 111.
736 4565 784 4611 229
811 4565 920 4629 epicopus
945 4577 993 4625 pro
1019 4565 1055 4620 lta
1080 4563 1186 4611 adhibet
1208 4564 1240 4611 de
1263 4577 1314 4624 qua
1331 4578 1359 4613 re
1376 4564 1435 4613 vida
1454 4566 1489 4614 ad

215 4646 257 4695 IV.
276 4647 334 4692 loe.
