3068 5294
825 455 886 514 184
1236 455 1290 517 IV.
1316 454 1465 516 299-300
1524 399 1528 490 1

265 642 413 724 Virgines
437 642 511 703 illae
531 641 680 703 Deliades
699 644 819 703 vovent
838 640 892 719 τήν
913 641 999 720 ήλιιια
1018 641 1131 720 χαίτην,
1148 643 1209 703 sibi
1228 657 1381 704 coaevam
1395 661 1467 718 „cop
1527 657 1528 698 l

221 743 327 803 treviae
349 741 484 822 χλιδήν”,
508 759 570 804 non
596 744 690 816 (quod
711 745 813 804 voluit
834 745 1058 815 Schneiderus)
1079 745 1295 820 Hyperboreis
1313 743 1468 818 virginibus
1527 719 1528 778 1

221 842 346 923 ὁμήλικα
370 846 419 917 (ci.
444 860 515 920 pag.
542 846 623 915 180).
648 846 786 906 Iuvenes
811 847 922 906 autem
943 846 1100 907 obtulisse
1119 847 1270 906 dicuntur
1297 843 1427 923 ,θέρος
1444 841 1468 902 el

220 956 337 1027 πρῶτον
358 947 488 1008 λούλων”
513 949 545 1007 in
581 947 697 1020 quibus
726 949 890 1008 novicium
926 945 1099 1027 001θίρος,
1126 949 1209 1022 quod
1234 949 1317 1023 apud
1342 948 1469 1020 antiquos

221 1051 328 1125 epicos
351 1050 431 1110 nihil
453 1050 517 1110 nisi
540 1053 684 1110 aestatem
704 1051 839 1126 indicat;
868 1052 978 1111 nostro
1000 1066 1075 1112 vero
1098 1051 1166 1112 1000
1190 1066 1320 1111 marem
1343 1049 1425 1110 valet
1439 1062 1470 1107 ex

222 1152 438 1213 recentiorum
462 1152 644 1213 Atticorum
669 1167 758 1212 more
785 1152 927 1227 vulgato.
1067 1135 1072 1145 ’

266 1356 337 1416 Iam
370 1355 520 1415 venimus
543 1356 583 1416 ad
603 1355 673 1414 Deli
696 1354 877 1416 solemnem
898 1356 1135 1417 invocationem
1159 1355 1209 1415 bis
1231 1355 1413 1417 incohatam
1434 1368 1471 1412 rs.

223 1457 288 1517 300
312 1459 345 1517 et
375 1458 439 1517 816
471 1457 511 1517 ad
542 1472 616 1517 eam
648 1457 845 1530 hymnorum
876 1472 1026 1518 normam
1060 1472 1159 1530 quam
1182 1455 1320 1517 fideliter
1343 1456 1474 1518 observat

222 1561 342 1635 noster,
372 1559 427 1632 qui
458 1557 620 1618 salutandi
644 1557 742 1618 verba
766 1559 798 1617 in
825 1559 940 1632 hymni
963 1556 1037 1635 fine,
1062 1559 1132 1618 eive
1155 1558 1300 1632 pluribus
1323 1560 1393 1619 sire
1414 1571 1472 1633 pau·

222 1660 360 1722 oloribus
384 1659 531 1720 versibus
554 1661 753 1734 interpositis
777 1661 894 1720 iterare
913 1662 1012 1747 solet.
1033 1660 1078 1721 Ut
1101 1662 1153 1721 hic
1180 1659 1326 1739 ,Ἀσιερίη
1350 1659 1473 1733 evicere,

223 1763 257 1821 et
291 1777 339 1822 ve.
376 1763 439 1821 316
477 1760 622 1840 „treceptp
656 1761 846 1840 πολύβαμε”,
883 1763 929 1823 sic
960 1763 1080 1836 hymno
1112 1762 1160 1822 ΙΙΙ
1192 1777 1239 1822 vs.
1266 1762 1330 1822 225
1368 1759 1473 1838 ,ιιόιυιι

224 1859 471 1941 πουλυμίλαθρε”
508 1865 541 1922 et
572 1879 619 1923 VS.
654 1863 717 1923 259
755 1861 879 1939 „ceretu
905 1862 1109 1942 Μουνυχίη”;
1135 1864 1245 1937 hymn.
1275 1863 1300 1923 I.
1325 1863 1365 1922 91
1394 1864 1475 1940 „zelet

224 1961 307 2044 μέγα,
341 1963 508 2042 Κρουίδη”,
543 1980 591 2025 vs,
616 1965 659 2024 94
686 1969 785 2042 „pcipe
808 1964 908 2045 πάτερ,
933 1959 1006 2044 χαῖρ’
1032 1956 1147 2040 αύθι”;
1171 1967 1283 2039 hymn.
1308 1966 1348 2026 Π.
1374 1965 1414 2024 97
1437 1958 1475 2038 ,δὴ

224 2062 254 2142 ἰὴ
277 2072 389 2142 παιήον
412 2061 581 2142 ἄκούομεν”
605 2067 638 2126 et
661 2080 708 2126 vs,
736 2067 798 2127 103
825 2064 874 2144 „iel
900 2064 930 2143 ἰὴ
956 2075 1068 2145 παιήον
1090 2065 1127 2126 ίει
1150 2063 1266 2146 βέλος”.
1281 2101 1322 2110 -
1340 2067 1400 2128 Sed
1420 2067 1475 2140 ipsa

227 2167 323 2228 verba
347 2167 525 2228 videamus.

268 2269 322 2331 Vs,
348 2271 422 2330 300.
470 2268 596 2348 Ἀστερίη
618 2267 761 2346 θυύεσσα,
784 2265 815 2329 σὲ
838 2265 892 2346 μὲν
912 2269 982 2349 περί
1001 2265 1021 2330 τ’
1049 2267 1129 2348 ἀμφί
1149 2291 1178 2329 τε
1202 2276 1288 2348 νήσοι

469 2371 578 2431 κύκλον
603 2367 778 2448 ἐποιήσαντο
802 2368 851 2431 καλ
874 2368 914 2443 ὡς
936 2370 1026 2451 χορὸν
1049 2369 1265 2450 διμφεβύλοντο·

469 2469 536 2533 οὔτε
559 2470 713 2549 σιωπηλήν
736 2467 793 2532 οὔτ’
820 2469 945 2550 ύψοφον
968 2464 1056 2545 οὖλος
1079 2471 1209 2552 ἐθείραις

460 2570 617 2653 Ἕσπερος,
639 2568 696 2634 ἀλλ’
723 2571 771 2634 ἀεί
792 2591 822 2634 σε
846 2571 1019 2654 καταβλέπει
1042 2572 1239 2653 ἀμφιβύητον·

471 2677 500 2737 οἳ
523 2671 576 2754 μὲν
600 2674 777 2736 ύπαείδουσι
801 2675 895 2757 νόμον
918 2676 1046 2737 Λυκίοιο
1070 2673 1218 2757 γέροντος,

346 2778 410 2838 305
469 2776 504 2837 δν
527 2799 572 2837 τοι
595 2774 655 2837 ἀπὸ
679 2774 812 2841 Ξάνθοιο
835 2776 1006 2856 θεοπρόπος
1029 2774 1139 2857 ἤγαγεν
1159 2771 1259 2854 Ὠλήν·

467 2879 500 2937 αἳ
522 2874 553 2938 tt
584 2878 692 2939 ποδοῖν
714 2878 878 2956 πλήσσουσι
900 2878 1041 2958 χορίτιδες
1065 2873 1195 2956 ἀσφαλὲς
1219 2868 1321 2951 οδδας.

469 2977 506 3057 δὴ
530 2978 592 3040 τότε
615 2977 665 3039 καὶ
689 2980 859 3058 στεφάνοισι
883 2980 1044 3060 βαρύνεται
1068 2978 1133 3060 ίρὸν
1155 2977 1272 3060 ἄγαλμα

470 3081 625 3161 Κύπριδος
649 3080 771 3162 ἀρχαίης
795 3080 949 3163 ἀριήκοον,
973 3081 1011 3160 ἦν
1034 3103 1104 3143 ποτε
1129 3080 1244 3160 Θησεὺς

468 3182 574 3261 εἴσατο,
597 3183 652 3244 σὺν
676 3184 832 3244 παίδεσσιν
855 3184 901 3245 ὅτε
923 3185 1084 3263 Κρήτηθεν
1112 3181 1238 3243 ἀνέπλει.

304 3336 305 3339 ,
348 3285 412 3345 310
468 3285 498 3344 οἳ
519 3284 646 3364 χαλεπὸν
668 3287 784 3365 μύκητα
811 3281 831 3358 1)
855 3284 905 3346 καὶ
928 3283 1033 3366 ύγριον
1056 3278 1107 3347 υἷα
1130 3284 1276 3366 φυγόντες

472 3387 633 3466 Πασιφάης
655 3385 706 3447 καί
732 3386 885 3468 γναμπτὸν
909 3385 975 3461 ἕδος
999 3391 1118 3448 σκολιοῦ
1146 3386 1345 3466 λαβυρίνθου,

469 3487 585 3567 πότνια,
607 3488 660 3549 σὸν
684 3487 750 3569 περὶ
772 3489 875 3569 βωμὸν
899 3487 1086 3570 ἐγειρομένου
1109 3494 1293 3568 κιθαρισμοῦ

469 3589 591 3651 κύκλιον
613 3587 791 3671 ὠρχήσαντο
815 3600 905 3670 χοροῦ
930 3586 958 3652 δ’
984 3587 1115 3671 ἡγήσατο
1141 3588 1265 3668 Θησεύς.

469 3688 558 3751 ἔνθεν
582 3689 749 3771 ἄειζώοντα,
771 3693 916 3772 θεωρίδος
940 3690 1014 3772 ἱερὰ,
1040 3692 1142 3777 Φοίβῳ

347 3792 411 3853 815
469 3794 651 3874 Κεκροπίδαι
674 3793 823 3872 πέμπουσι
846 3794 955 3873 τοπήια
979 3793 1052 3872 νηὸς
1076 3791 1198 3871 ἐκείνης,

270 3892 419 3953 Asterien
450 3894 655 3955 θυόεσοαν
683 3897 806 3959 salutat
829 3900 924 3973 poeta
947 3898 1072 3958 aulicus
1095 3912 1159 3956 non
1183 3896 1253 3956 sine
1276 3897 1403 3970 proprio
1425 3906 1485 3955 000·

225 3994 308 4054 silio.
340 3994 516 4068 Diligenter
546 3999 634 4059 enim
669 3999 725 4059 dat
757 4015 886 4074 operam
920 4002 957 4060 ut
987 4000 1027 4059 iis
1051 3999 1198 4073 inprimis
1221 3997 1372 4057 laudibus
1395 4005 1487 4068 eaque

225 4094 327 4168 gloria
357 4097 498 4158 insulam
523 4098 602 4173 Regi
626 4115 685 4160 suo
709 4101 931 4174 gratissimam
959 4104 1061 4177 ornet,
1086 4101 1223 4174 quasin
1247 4098 1330 4159 alias
1354 4098 1488 4159 celebres

225 4200 358 4259 deorum
382 4199 475 4260 sedes
498 4202 701 4262 contulerant
722 4203 931 4276 antiquiores.
956 4205 1007 4263 lta
1026 4203 1156 4278 saepius
1177 4202 1242 4261 iarn
1264 4201 1407 4261 vidimus
1427 4197 1487 4259 Del·

226 4302 363 4377 phorum
387 4302 525 4363 honores
548 4304 580 4363 in
604 4304 704 4364 Delon
729 4305 873 4382 collatos,
894 4306 940 4367 ita
959 4320 1044 4366 nunc
1064 4319 1101 4366 eo
1121 4304 1290 4380 praecipue
1306 4303 1489 4377 cognomine

261 4630 280 4697 ¹)
299 4634 471 4682 Schneiderua
491 4637 588 4694 μνιιηιλ.
606 4634 711 4682 Dicetur
728 4634 760 4681 de
777 4635 825 4683 heo
843 4635 925 4683 forma
942 4635 1008 4683 inire
1025 4649 1083 4697 pag.
1103 4635 1158 4683 181.
