3104 5286
789 424 868 486 114.

194 629 267 674 raro
298 611 428 672 disertis
458 611 566 672 verbis
597 614 722 672 certare
745 613 880 673 decebat
904 645 944 654 -
969 614 1119 672 accurate
1143 611 1300 673 indicavit
1323 614 1374 674 dei
1403 613 1474 674 vofli-

196 715 286 775 cinae
319 728 434 788 operas
469 714 615 774 comites,
652 714 736 774 Hinc
771 716 865 774 tauta
899 714 970 773 eius
1005 712 1173 787 diligentia
1207 715 1240 774 in
1275 713 1474 791 Cyclopibus

196 815 333 890 Curetis,
357 816 459 875 etiam
482 815 515 874 in
539 814 746 876 Telchinibus
770 810 800 885 ¹).
833 815 902 875 Hos
927 815 1015 875 enim
1038 814 1142 874 semel
1165 817 1364 876 memoravit
1388 820 1474 877 tam·

195 932 293 992 quam
328 916 436 976 fabros
471 931 545 976 curn
580 916 729 991 Neptuno
765 917 1021 977 coniunctos-
1045 930 1123 975 nam
1154 915 1313 977 Poseidon
1344 918 1475 978 insulas

195 1018 319 1078 creavit
342 1018 467 1091 (hymn.
492 1017 524 1077 in
549 1016 614 1077 Del.
640 1019 694 1088 31)

842 1116 933 1198 οὔρεα
954 1117 1069 1179 θείνων

420 1216 488 1297 ἄορι
510 1218 675 1297 τριγλώχινι
697 1218 729 1279 τό
754 1219 785 1280 ολ
808 1223 942 1297 Τελχῖνες
966 1217 1097 1296 ἔτευξαν,
1115 1253 1158 1262 -

197 1325 231 1382 ut
262 1324 410 1382 moneret
440 1322 636 1381 reiciendum
660 1337 774 1382 eorum
798 1323 984 1398 opinionem
1008 1323 1063 1396 qui
1090 1323 1131 1382 ad
1156 1323 1339 1383 humanum
1367 1340 1475 1398 genus

194 1424 359 1485 fabrorum
380 1424 647 1497 antiquissimum
668 1440 743 1484 cum
754 1424 901 1499 Dactylis
915 1425 1095 1498 ceterisque
1107 1422 1286 1484 artificibus
1298 1424 1476 1485 Telchines

194 1525 403 1597 revocabant;
436 1527 549 1585 contra
581 1540 656 1585 curn
680 1527 782 1586 maris
806 1526 937 1586 domino
962 1524 1203 1599 coniungendos
1227 1540 1313 1601 esse,
1339 1528 1372 1586 et
1398 1528 1476 1588 huic

194 1627 404 1703 potissimum
427 1626 569 1700 Neptuni
588 1627 743 1701 potestati
773 1628 930 1687 inservire
950 1643 1015 1700 qua
1035 1624 1202 1705 ἐροολχθων
1222 1630 1290 1703 est,
1315 1629 1476 1700 quoniam

195 1728 370 1788 tridentem
405 1728 434 1787 ei
468 1727 668 1787 fabricantur
699 1743 761 1801 quo
792 1729 917 1788 insulas
949 1744 968 1787 a
1002 1730 1090 1788 terra
1112 1730 1282 1802 tamquam
1306 1728 1476 1789 Volcanus

196 1830 343 1889 marinus
368 1822 548 1898 revellit.²i

240 1933 351 2004 Aeque
382 1945 501 2004 magno
532 1931 638 2004 spatio
669 1930 709 1990 ab
737 1931 923 2004 aequalium
946 1931 1103 1991 doctrinis
1126 1932 1227 1992 distat
1250 1929 1476 1994 Callimachus

196 2034 229 2106 in
261 2030 561 2105 mythologumenis
592 2031 631 2090 de
663 2031 864 2106 uigentibus.
894 2033 1001 2092 Facile
1025 2032 1234 2107 intellegitur,
1258 2033 1475 2107 physicorum

196 2136 229 2193 et
251 2132 530 2193 Euemeristarum
554 2131 786 2206 interpretandi
806 2134 965 2193 rationem
987 2149 1148 2208 nusquam
1176 2134 1284 2208 potius
1311 2149 1413 2207 quam
1440 2137 1474 2195 in

195 2236 256 2294 hoo
279 2249 395 2308 genere
419 2233 616 2293 daemonum
639 2235 818 2308 periculum
838 2236 955 2295 fecisse
979 2252 1031 2296 res
1048 2236 1176 2295 divinas
1199 2234 1394 2309 explicandi.
1421 2237 1476 2296 Sic

143 2366 145 2369 ·
196 2335 407 2395 notissimum
430 2336 482 2393 est
504 2334 675 2394 Timaeum
699 2336 908 2411 historicum,
933 2337 1064 2397 sedibus
1084 2336 1259 2411 Gigantum
1281 2337 1474 2411 campisque

197 2437 384 2511 Phlegraeis
406 2437 440 2495 in
464 2436 560 2496 Italia
583 2436 749 2497 collocatis
776 2438 938 2514 docuisse,
964 2454 1020 2499 eos
1054 2434 1221 2515 ,ἄνδρας
1245 2434 1387 2516 γενέσθαι
1409 2443 1474 2510 ταῖς

197 2558 225 2597 τε
238 2536 351 2615 ῥώμαις
363 2535 556 2615 προέχοντας,
567 2535 615 2596 ιιαλ
630 2536 675 2597 {tri
688 2538 861 2621 παρανομίᾳ
874 2536 1158 2617 διωνομασμένονς”
1172 2538 1272 2610 (Diod.
1286 2539 1340 2600 IV.
1356 2541 1410 2600 21.
1425 2544 1471 2615 ὅ),

197 2640 326 2715 qualem
350 2640 535 2715 opinionem
559 2641 626 2700 iam
648 2643 776 2701 tutatus
800 2645 869 2702 erat
888 2642 1035 2716 Ephorus
1058 2641 1151 2701 cuius
1173 2642 1254 2700 haec
1273 2644 1352 2701 sunt
1369 2643 1474 2703 verba

197 2742 244 2812 (fr.
271 2742 313 2802 70
337 2742 451 2802 Mulier
474 2743 509 2802 F.
534 2741 575 2803 H.
604 2741 640 2803 G.
666 2743 690 2801 I.
716 2743 808 2813 abbi:
841 2741 872 2802 οἱ
901 2739 933 2802 it
956 2740 1023 2821 περὶ
1046 2741 1100 2820 τὴν
1123 2741 1215 2801 πάλαι
1238 2739 1293 2820 μὲν
1319 2740 1476 2822 Φλέγραν,

196 2851 253 2903 νῦν
284 2839 317 2902 ui
346 2843 510 2921 Παλλήνην
541 2840 764 2921 ὀνομαζομένην
795 2851 1001 2916 κατοικοῦντες
1035 2835 1113 2921 ἦσαν
1147 2841 1359 2922 ἅνθρωποι
1397 2842 1476 2921 ὠμολ

196 2943 245 3004 ιιαλ
269 2944 416 3024 ἱερόσυλοι
439 2943 489 3005 ιιαλ
513 2943 753 3023 ἆνθρωττοφάγοι
776 2945 808 3004 οἱ
827 2946 1007 3023 καλούμενοι
1031 2944 1179 3024 Γίγαντες.
1204 2945 1349 3007 Tandem
1369 2947 1474 3008 Heca·

196 3051 290 3106 taeus
321 3062 396 3106 cum
427 3063 479 3122 ea,
513 3063 611 3121 quam
640 3047 679 3107 de
709 3048 918 3121 generatione
941 3048 1162 3108 animantium
1184 3047 1326 3108 habebat
1349 3051 1475 3124 opinio

197 3164 286 3221 nem,
323 3148 410 3207 haud
444 3149 552 3222 inepte
583 3148 875 3222 mythologumena
909 3150 948 3208 de
983 3147 1175 3224 (ligantibus
1209 3149 1403 3227 concilians,
1440 3153 1475 3211 iu

197 3251 345 3323 Aegypto
377 3263 419 3308 ex
451 3251 538 3308 terra
568 3252 663 3309 natos
696 3250 852 3324 Gigantes
879 3250 988 3310 docuit
1013 3248 1208 3326 ,προσφάτου
1232 3258 1283 3327 τῆς
1306 3259 1364 3310 τῶν
1389 3252 1476 3334 ζῴων

197 3346 336 3426 γενέσεως
360 3346 392 3408 ἐκ
415 3357 466 3427 της
490 3358 544 3429 γῆς
571 3347 759 3428 ὑπαρχούσης
785 3351 885 3420 (Diod.
912 3351 935 3411 Ι.
965 3352 1040 3421 267)
1065 3354 1098 3412 ei
1122 3353 1156 3411 in
1179 3354 1328 3427 Aegypto
1352 3369 1370 3412 a
1395 3355 1475 3414 Iove

199 3453 314 3512 victos.
337 3443 359 3521 3)

243 3552 362 3612 Contra
396 3553 476 3613 haec
518 3554 629 3614 omnia
663 3555 818 3614 traditam
855 3555 1092 3630 mythologiam
1131 3557 1318 3615 constanter
1354 3556 1477 3630 ubique

197 3648 340 3715 defendit
368 3654 597 3716 Callimachus.
630 3655 777 3715 Primum
810 3657 897 3715 enim
929 3658 1042 3716 contra
1072 3657 1257 3731 historicae,
1283 3656 1402 3731 quibus
1435 3659 1476 3719 ad

197 3758 377 3817 humanam
397 3760 548 3816 naturam
569 3758 768 3817 revocandos
789 3758 944 3832 Gigantes
964 3759 1172 3818 censentibus
1192 3759 1370 3833 placuisset
1395 3761 1477 3821 Her-

198 3859 275 3934 culi,
301 3860 444 3920 humano
464 3860 567 3933 heroi,
592 3860 763 3918 victoriam
784 3860 823 3919 de
848 3860 1040 3934 Gigantibus
1063 3862 1261 3935 reportatam
1286 3860 1475 3939 designare,

234 4113 254 4177 Ι)
273 4116 310 4162 Ol.
329 4129 408 4174 supra
425 4129 483 4175 pag.
504 4118 547 4176 18,
567 4112 618 4177 14³,
637 4119 692 4165 1⁰0.

231 4192 253 4256 ²)
271 4196 335 4252 Quia
353 4196 489 4243 Telchinee
509 4210 560 4243 non
582 4198 632 4244 nisi
649 4198 689 4243 1v.
704 4199 734 4244 31
762 4198 830 4259 apud
849 4198 1035 4246 Callimachum
1053 4202 1205 4259 occurrunt,
1224 4211 1286 4245 num
1304 4210 1364 4245 oum
1382 4199 1477 4247 Rhodo

198 4278 282 4323 insula
300 4289 344 4322 eoa
361 4268 559 4333 oodeociaverit,
579 4277 714 4324 nominare
731 4292 819 4325 eorum
839 4283 926 4334 Μύγας
943 4283 1021 4333 Λύκος
1040 4283 1150 4343 Κόρυθος
1166 4279 1208 4337 (de
1226 4278 1322 4338 quibus
1339 4279 1373 4325 ci.
1391 4279 1475 4327 Preli-

198 4356 299 4402 witzin
318 4353 503 4416 Berseuberqm
518 4353 634 4417 Beitrd'qe
652 4358 715 4404 1889
734 4371 759 4417 p.
781 4360 826 4405 148
840 4359 900 4420 sqq.)
918 4360 1030 4418 noverit,
1046 4372 1096 4404 non
1114 4360 1221 4405 constat.

231 4434 253 4495 ²)
271 4436 351 4481 Simul
372 4435 436 4482 haee
454 4435 641 4482 conveniebant
658 4450 717 4483 cum
735 4439 917 4497 Aegyptiorum
935 4439 1063 4495 theologia
1082 4450 1147 4497 quae
1165 4438 1314 4495 frequentor
1332 4435 1396 4481 deos
1414 4449 1473 4482 curn

198 4514 370 4574 potestatibus
398 4515 499 4561 inseetis
525 4515 681 4574 proeliantes
707 4520 733 4562 et
759 4517 791 4563 de
816 4517 848 4563 iis
877 4517 1067 4577 triumphantes
1093 4517 1219 4576 lingebat,
1245 4515 1312 4562 Solia
1338 4516 1471 4562 victoriam

199 4595 362 4644 cottidianam
379 4594 428 4640 hac
445 4595 551 4641 victoria
568 4594 701 4641 celebrane
719 4591 763 4659 (cs.
781 4595 827 4642 Ed.
845 4597 933 4654 Meyer
951 4595 1031 4642 (leuch.
1049 4594 1072 4643 d.
1092 4594 1182 4643 Aia1.
1201 4589 1252 4658 64).
