3104 5286
830 419 891 482 126

220 614 304 687 quod
334 612 400 673 tale
431 611 506 685 quid
537 609 627 683 lecit,
653 624 757 683 neque
779 611 1028 683 antiquissimae
1051 611 1082 671 id
1106 613 1176 672 erat
1198 610 1439 688 mythologiae,
1466 616 1501 673 et

221 729 417 789 magnopere
449 712 611 773 confusae.
643 710 830 784 Numquam
861 713 944 787 apud
974 712 1114 773 Graecos
1136 715 1234 773 certis
1257 715 1343 774 inter
1366 730 1404 774 se
1428 713 1499 774 ilui-

220 816 281 876 bus
304 815 478 875 distinctae
497 814 628 872 fuerunt
648 811 802 887 allegoria
821 815 919 886 atque
942 815 1158 890 mythologia,
1178 816 1368 889 sensimque
1380 816 1423 876 ab
1435 816 1500 876 hac

221 919 253 978 in
286 932 359 976 eam
390 930 487 989 saepe
516 912 709 973 delabuntur
738 916 867 989 poetae,
903 930 978 974 cum
1009 915 1097 976 Gaea
1126 917 1198 991 ipsa
1220 918 1317 977 modo
1348 917 1499 977 salutata

220 1019 352 1079 nomine
383 1013 583 1093 παμμήτειρα,
612 1015 727 1074 statim
758 1017 832 1088 post
861 1031 898 1075 eo
926 1017 1057 1077 nomine
1087 1018 1228 1092 patriam
1254 1018 1414 1093 indicare,
1444 1018 1498 1078 vel

220 1120 386 1195 regionem
409 1117 572 1192 quandam
592 1131 656 1176 non
676 1116 839 1193 dubitant,
860 1119 1055 1179 auctoritate
1074 1119 1176 1195 ipsius
1196 1120 1331 1180 Homeri
1353 1120 1499 1180 fortasse

220 1222 361 1297 incitati,
387 1237 407 1280 a
433 1234 495 1292 quo
526 1217 621 1278 facile
652 1218 769 1278 dicitur
801 1219 898 1280 homo
929 1221 1061 1294 quidam
1085 1221 1150 1293 υίὸς
1177 1217 1380 1292 διιπετέος
1405 1243 1498 1281 ποτα-

221 1324 321 1401 μοῐο”,
353 1322 406 1382 vel
436 1322 587 1380 narratur
621 1320 786 1394 nymphae
817 1322 922 1382 coisse
950 1320 1082 1398 ποταμὸς
1112 1321 1374 1400 βαθυδίνης”.
1406 1323 1523 1383 Talis.

219 1423 418 1486 confusionis
452 1420 537 1496 apud
568 1420 744 1480 Pindarum
783 1420 1045 1487 luculentissima
1080 1424 1174 1498 signa
1204 1424 1298 1484 facile
1327 1424 1496 1500 invenias,

220 1526 322 1586 veluti
360 1523 403 1584 Ol.
433 1522 487 1582 VI.
521 1523 563 1582 84
601 1522 813 1598 »ματρομάτωρ
855 1521 910 1600 ἐμὰ
949 1522 1140 1603 Στυμφαλίς,
1173 1523 1308 1602 εὐανθὴς
1345 1525 1500 1603 Μετώπα,

220 1627 390 1700 πλάξιππον
409 1620 428 1682 d
451 1624 557 1702 Θήβαν
580 1621 702 1696 ἔτικτεν,
720 1632 770 1694 τᾶς
791 1620 941 1703 ἐρατεινὸν
960 1625 1042 1703 ὕδωρ
1062 1626 1204 1703 πίομαι”;
1226 1627 1355 1688 Solonis
1381 1631 1498 1688 autem

221 1728 409 1803 exemplum
433 1741 509 1801 prae
533 1725 650 1785 ceteris
672 1727 786 1785 notum
811 1728 862 1786 est
886 1726 934 1797 (ir.
960 1729 1012 1788 36.
1038 1729 1080 1795 3.)

441 1827 677 1905 Σομμαρτυροίη
699 1821 778 1886 ταῦτ’
804 1824 842 1886 ἂν
866 1825 898 1887 ἐν
922 1829 990 1912 δίκη
1011 1830 1121 1908 χρόνον

442 1930 538 2009 μήτηρ
562 1928 681 2008 μεγίστη
705 1927 857 2006 δαίμονιον
877 1923 1046 2008 Ὀλυμπίων

442 2028 545 2108 ἄριστα
567 2032 612 2107 Γῆ
637 2027 773 2107 μέλαινα,
795 2038 847 2107 της
870 2028 926 2111 ε’γώ
949 2051 1019 2092 ποτε

443 2131 532 2209 ὅρους
555 2128 674 2190 ἀνεῖλον
696 2135 828 2215 πολλαχῇ
851 2133 1028 2212 πεπηγότας.

222 2237 310 2313 Quod
330 2237 428 2319 igitur
447 2234 666 2296 Callimachus
686 2234 800 2294 eodem
819 2236 915 2295 modo
930 2250 1029 2311 saepe
1041 2236 1184 2297 confudit
1197 2236 1373 2312 allegoriae
1385 2241 1501 2312 partes

221 2355 259 2400 ac
278 2354 374 2399 verae
391 2337 612 2412 mythologiae
632 2352 735 2410 neque
755 2337 948 2398 mirabimur
966 2354 1162 2414 magnopere
1181 2354 1285 2413 neque
1298 2344 1502 2415 argumenta

221 2457 262 2501 ex
292 2456 332 2500 ea
361 2455 395 2500 re
425 2441 575 2514 petemus
606 2436 722 2511 quibus
750 2438 819 2498 sive
848 2441 952 2499 artem
977 2441 1047 2499 sive
1070 2441 1231 2500 sinceram
1256 2440 1355 2503 iidem
1378 2445 1500 2517 poetae

220 2543 253 2601 in
277 2541 405 2616 culpam
429 2554 594 2600 vocemus.
627 2539 747 2599 Contra
778 2540 839 2599 hac
870 2541 940 2615 ipsa
962 2557 997 2601 re
1021 2542 1198 2616 imaginem
1222 2557 1299 2602 vere
1323 2543 1499 2616 antiquam

220 2644 382 2705 interdum
406 2642 482 2702 dare
502 2643 638 2702 conatus
657 2645 709 2701 est
729 2642 866 2702 carmini
885 2658 954 2702 suo.
976 2643 1027 2703 Ita
1050 2645 1082 2703 in
1104 2644 1247 2703 carmine
1266 2642 1399 2705 Deliaco
1421 2660 1498 2704 cum

219 2747 363 2807 Latonae
385 2746 447 2804 iter
470 2743 662 2804 describitur
684 2759 781 2803 versu
804 2746 846 2804 68

439 2840 501 2903 ἔνθ’
528 2846 558 2904 οἳ
580 2840 634 2922 μὲν
657 2844 808 2905 πολίεσσιν
833 2844 915 2917 ὅσαις
938 2844 1111 2926 ἐπεβάλλετο
1135 2844 1226 2924 Λητὼ

439 2945 549 3023 μίμνον
573 2942 778 3024 ἀπειλητῆρες,
804 2943 986 3024 ἄπετρώποιν
1010 2944 1042 3007 δὲ
1066 2947 1223 3027 δέχεσθαι,

216 3053 287 3110 tam
321 3047 450 3108 urbium
486 3047 565 3108 deae
600 3048 757 3108 tutelares
788 3064 886 3122 quam
918 3049 1007 3123 ipsae
1042 3050 1161 3126 Urbes,
1194 3051 1305 3110 divina
1336 3052 1448 3112 forma
1479 3069 1500 3112 a

216 3153 313 3227 poeta
343 3165 429 3209 nunc
459 3150 604 3224 indutae,
636 3153 774 3225 possunt
801 3150 960 3227 intellegi,
998 3152 1158 3225 quomodo
1190 3168 1237 3212 vs.
1269 3153 1312 3211 49
1345 3153 1498 3214 eiusdem

217 3252 345 3328 hymni,
389 3267 588 3325 quamquam
630 3256 749 3312 terrom
784 3253 930 3326 Mycalen
966 3254 1179 3329 indicaturus,
1220 3256 1332 3313 tamen
1370 3255 1499 3316 incolas

217 3353 345 3412 divinas
377 3353 545 3412 nominare
577 3353 711 3413 maluit:
746 3356 883 3430 ,vaomar
913 3354 1039 3432 γείτονες
1062 3355 1198 3434 Ἀγκαίου
1222 3357 1498 3432 Μυκαλησσίδες”.

216 3454 261 3514 At
284 3455 389 3530 pergit
419 3457 516 3530 poeta
541 3456 685 3530 primum
716 3456 805 3530 ipsas
836 3456 983 3517 indicans
1006 3458 1168 3533 regiones,
1201 3458 1247 3518 ita
1278 3459 1315 3516 ut
1344 3459 1456 3519 terras
1480 3474 1500 3518 a

216 3557 342 3616 Latona
364 3556 540 3616 recessisse
563 3556 690 3616 doceat:

440 3664 552 3735 ,ardys
575 3653 629 3732 μὲν
654 3657 805 3736 Ἀρκαδίη,
828 3666 938 3737 φεῦγεν
961 3654 986 3719 δ’
1018 3656 1086 3738 ’όρος
1110 3657 1190 3738 ἱερὸν
1215 3657 1320 3739 Αὔγης

463 3755 673 3837 Παρθένιον”’

215 3865 288 3923 tum
324 3876 400 3921 vero
434 3861 549 3920 eodem
565 3910 569 3941 ,γ
581 3876 678 3920 versu
710 3875 730 3920 a
758 3876 916 3934 personae
944 3861 1073 3923 fictione
1097 3866 1274 3927 escandens
1298 3866 1339 3926 ad
1364 3869 1500 3942 mytho-

216 3964 337 4040 logiam

617 4071 727 4142 φεῦγεν
753 4060 779 4123 δ’
815 4061 830 4125 ὁ
853 4062 976 4145 γέρων
1000 4065 1161 4144 μετόπισθε
1187 4067 1318 4140 Φενειός.
1372 4074 1374 4079 ’

214 4351 270 4398 Non
296 4351 365 4397 enirn
390 4363 480 4396 omnes
497 4349 569 4396 fluvii
585 4350 727 4398 secundum
746 4352 801 4398 eins
818 4351 942 4399 indicium
960 4364 992 4399 ex
1009 4352 1111 4399 Oceano
1128 4365 1158 4399 ιο
1176 4351 1274 4411 Tethye
1291 4365 1380 4412 genus
1394 4360 1498 4416 petunt

215 4427 342 4477 Nascenle
365 4431 426 4477 Iove
449 4429 555 4477 flumina
578 4430 702 4477 Arcadiae
726 4431 809 4479 adhuc
832 4432 881 4479 snb
899 4435 968 4479 terre
984 4433 1078 4494 latent,
1095 4432 1200 4479 iubente
1218 4434 1304 4479 autem
1323 4434 1400 4483 Rhna
1420 4442 1498 4499 ‚rara

214 4515 269 4571 φίλη
290 4511 340 4557 ιλιι
363 4512 402 4557 καί
421 4510 466 4557 ού”
485 4510 584 4570 profert
610 4514 678 4558 terra
701 4511 795 4558 flumen
815 4513 857 4558 cni
873 4513 899 4558 in
917 4512 1041 4559 honorem
1059 4512 1186 4572 nymphae
1203 4511 1290 4559 Nedao
1307 4526 1407 4563 nomen
1425 4517 1497 4566 Neda

215 4589 290 4636 datur
307 4589 337 4649 (Ι.
356 4590 407 4649 29).
