3090 5294
682 1430 728 1503 Π.

405 1645 649 1729 HYMNUS
675 1646 737 1727 [N
761 1645 1012 1728 DIANAM.

568 1857 743 1925 (Hymnus
764 1830 844 1925 111.j
876 1820 880 1828 Ι

611 2070 796 2079 ...φ-.-

112 2260 233 2321 Ordine
253 2261 372 2320 aetatis
395 2260 573 2320 secundum
593 2259 700 2320 locum
721 2259 755 2319 in
775 2259 818 2318 IV
840 2259 971 2332 hymnis
990 2258 1134 2319 obtinere
1155 2260 1234 2319 mihi
1256 2260 1337 2320 vide·

67 2365 124 2422 tur
154 2363 298 2436 hymnus
321 2363 353 2421 in
377 2362 525 2437 Dianam,
550 2362 652 2421 multo
684 2362 805 2421 maiore
829 2376 906 2421 cura
929 2376 1028 2434 quam
1051 2362 1175 2434 primus
1197 2362 1339 2434 hymnus

67 2465 280 2538 compositus,
311 2464 403 2523 cuius
434 2464 587 2523 carminis
619 2463 799 2538 exordium,
832 2463 1051 2535 antiquiorum
1076 2463 1270 2536 hymnorum
1294 2463 1338 2521 in·

65 2568 201 2627 troitum
238 2568 274 2624 ut
304 2565 423 2626 fecerat
446 2565 471 2625 I.
498 2567 513 2624 1
539 2565 699 2641 imitatura,
732 2565 778 2625 ita
801 2568 912 2625 tamen
936 2564 1118 2638 composuit
1142 2567 1177 2622 ut
1201 2564 1337 2624 duorum

66 2667 168 2727 simul
191 2669 386 2740 hymnorum
408 2667 502 2726 initia
524 2667 752 2728 aemularetur.
778 2667 829 2726 Ita
853 2664 939 2727 enim
965 2665 1093 2739 incipit:

134 2869 190 2929 Vs.
217 2871 245 2928 l.
285 2865 421 2947 ’Ἄρτεμιν
443 2867 491 2939 (οὐ
513 2866 569 2948 γὰρ
593 2866 722 2945 ἐλαφρὸν
746 2866 926 2928 ἀειδόντεσσι
950 2864 1109 2936 λαθέσθαι)

290 2967 446 3048 ὑμνέομεν,
470 2980 505 3054 τῇ
528 2970 597 3044 τόξα
620 2969 798 3050 λαγωβολλαι
820 2991 850 3029 τε
873 2967 1008 3046 μέλονται

290 3069 340 3130 ιιαλ
362 3069 448 3151 χορὸς
472 3068 648 3149 ἀμφιλαφὴς
670 3069 721 3130 ιιαλ
744 3069 776 3130 ἐν
800 3069 918 3150 οὔρεσιν
941 3068 1117 3146 ἑψιάασθαι,

289 3170 427 3251 ἄρχμινοι
450 3171 490 3245 ὥς
512 3194 582 3233 ποτε
604 3172 714 3252 πατρὸς
738 3170 898 3251 ἐφεζομένη
921 3171 1074 3253 γονᾶτεσσι

216 3277 235 3336 5
293 3279 363 3347 παῖς
386 3272 428 3334 ἔτι
450 3275 630 3355 κουρίζουσα
653 3273 721 3335 τάδε
744 3273 897 3353 προσελιπε
920 3282 1025 3355 γονῆα·

295 3375 365 3453 „rior
389 3398 439 3453 μοι
462 3376 632 3456 παρθενίην
656 3376 779 3436 αἰώνιον
802 3373 886 3435 ἄρτια
909 3375 1081 3452 φυλάσσειν,

290 3475 340 3536 ιιαλ
361 3477 576 3555 πολυοινυμίην
599 3477 649 3537 ἵνα
673 3477 713 3555 μή
737 3500 787 3550 μοι
813 3478 924 3557 Φοῖβος
948 3475 1056 3561 ἕρίξῃ.”
1314 3554 1321 3563 ⁸

67 3580 184 3641 Servat
207 3580 239 3638 in
263 3579 314 3638 his
338 3580 485 3639 uorsibus
508 3580 647 3655 primam
671 3580 780 3640 sedem
806 3595 926 3640 numen
951 3580 1068 3654 ipsum,
1093 3583 1130 3639 ut
1152 3595 1209 3654 par
1232 3585 1282 3641 est
1305 3581 1338 3640 in

69 3683 208 3755 hymno;
241 3678 280 3739 ci.
311 3680 422 3753 hymn.
455 3682 541 3742 horn.
573 3681 606 3740 in
638 3680 718 3756 (len,
750 3683 783 3741 et
806 3685 972 3755 praeterea
995 3682 1036 3742 X.
1057 3682 1130 3742 XII.
1155 3682 1224 3743 XV.
1249 3682 1337 3742 XXI.

69 3781 170 3841 XXV.
201 3780 335 3856 XXVII,
366 3782 446 3841 item
479 3783 587 3856 ipsum
620 3781 853 3842 Callimachum
884 3783 908 3842 Ι.
940 3785 955 3842 1
982 3787 1013 3843 et
1034 3783 1087 3843 IV.
1119 3784 1339 3856 1(utroquue

68 3882 166 3943 linem
187 3882 266 3942 facit
288 3882 322 3940 in
341 3877 471 3951 ἀείδειν).
492 3882 613 3942 Verum
634 3885 745 3942 nostro
766 3883 886 3956 hymno
906 3886 1073 3956 praeterea
1090 3885 1185 3957 poeta
1204 3884 1340 3944 innectit

69 3986 259 4046 notissimae
303 3983 461 4045 formulae
497 3985 584 4045 aliud
620 3984 799 4045 exordium.
835 3983 918 4044 Nam
956 3986 1040 4045 inter
1078 3986 1175 4044 verba
1203 3982 1339 4063 Ἄρτεμιν

11 4138 14 4143 ,
69 4085 236 4163 ὕμνεομεν”
268 4085 475 4159 interponens
508 4083 563 4158 „orl
595 4083 650 4163 γὰρ
683 4082 813 4164 ἐλαφρὸν
844 4083 1023 4144 ἀειδόντεσσι
1046 4081 1217 4143 λαθέσθαι”
1242 4087 1338 4146 notis·

70 4188 190 4248 simum
230 4187 309 4246 illud
341 4187 508 4247 exordium
545 4187 658 4259 hymni
694 4186 848 4247 homerIci
883 4188 915 4246 in
950 4186 1133 4261 Apollinem
1171 4188 1203 4246 iu
1239 4203 1335 4247 suurn

70 4303 167 4349 usum
190 4288 367 4349 convertit:
502 4279 503 4283 ’

338 4385 482 4466 ,ἄρξομαι
505 4385 577 4449 οὐδὲ
600 4388 739 4466 λάθωμαι
763 4388 943 4461 Ἀπόλλωνος
967 4387 1089 4449 ἑκάτοιο.

111 4492 149 4552 in
181 4506 221 4552 ea
252 4491 433 4553 imitatione
465 4494 574 4552 tamen
606 4492 765 4553 adiectivo
801 4488 1015 4570 „iiappdv”
1046 4507 1102 4566 pro
1137 4491 1242 4574 ῥᾴδιον
1272 4508 1338 4553 ma·

71 4593 117 4665 gis
152 4593 192 4652 ad
227 4592 403 4653 Pindarum
438 4607 537 4665 quarn
572 4593 611 4652 ad
645 4593 822 4652 Homerum
855 4593 978 4654 accedit
1008 4593 1094 4663 (licet
1121 4595 1205 4654 haud
1228 4594 1337 4668 procul
