3320 5432
83 557 129 618 IV.
154 557 287 620 86-87
680 557 740 619 131

300 745 464 827 Παρνησὸν
487 747 630 824 νιφόεντα
652 743 819 826 περιστέφει
842 743 928 808 ἐννέα
951 747 1079 819 κύκλοις.

299 844 358 909 ἀλλ’
384 847 479 928 ἔμπης
502 845 573 928 ἐρὲω
596 871 623 908 τι
645 848 807 929 τορότερον
830 845 850 928 ἢ
874 847 934 911 ὑπὸ
958 848 1085 927 δάφνης·

199 953 242 1013 95
301 958 393 1032 φεῦγε
415 948 526 1030 ιιρόσω·
549 949 666 1029 ταχινός
690 966 721 1010 σε
745 948 901 1028 κιχήσομαι
924 949 1025 1028 αἵματι
1046 951 1163 1012 λούσων

299 1051 385 1125 τόξον
408 1049 489 1129 ἐμόν·
514 1051 551 1112 σὺ
574 1047 607 1112 δὲ
629 1048 718 1111 τέκνα
740 1050 958 1132 κακογλοόσσοιο
982 1052 1124 1133 γυναικός

302 1150 424 1232 ἐλλαχες.
448 1151 485 1213 οό
509 1147 593 1232 σύγ’
621 1151 699 1229 ἐμεῖο
724 1153 797 1229 φίλη
819 1151 929 1230 τροφός
952 1149 1023 1214 oaldi
1046 1153 1206 1234 Κιθαιρὼν

302 1252 421 1314 ἔσσεται·
448 1251 579 1333 εόαχέων
604 1249 636 1312 δὲ
659 1249 709 1312 καλ
732 1250 882 1332 εόαγέεσσι
905 1254 1078 1333 μελοίμην”.

120 1356 211 1417 Novo
233 1357 386 1418 vocabulo
407 1358 511 1432 primo
532 1373 629 1418 versu
649 1357 688 1417 ad
713 1370 833 1416 novam
856 1371 926 1417 rem
948 1357 1153 1419 indicandam
1176 1373 1256 1434 opus
1280 1359 1351 1419 erat

81 1473 150 1518 oum
176 1459 273 1519 deum
296 1459 330 1519 in
354 1461 446 1520 utero
466 1459 582 1519 matris
604 1458 836 1519 vaticinantem
858 1458 979 1532 lingere
1000 1460 1098 1521 vellet
1121 1459 1348 1522 Callimachus.

80 1559 159 1619 Nam
196 1574 318 1620 novum
352 1575 432 1620 sane
462 1563 533 1620 erat
563 1559 618 1620 ille
656 1559 737 1620 deus
775 1560 830 1634 qui
865 1562 1004 1620 matrem
1039 1561 1239 1623 laborantem
1273 1563 1350 1624 iecit

80 1657 324 1738 ἐγγαστρίμυθόν.
354 1661 500 1722 Profecto
523 1661 687 1735 incognita
719 1676 783 1722 non
811 1662 904 1721 erant
928 1660 1116 1723 Callimachi
1139 1664 1247 1724 aetate
1270 1664 1350 1724 talia

83 1762 320 1824 vaticinationis
342 1764 502 1839 prodigia:
526 1763 679 1825 novimus
701 1778 817 1824 omnes
836 1763 995 1824 infantem
1018 1764 1111 1824 illum
1131 1765 1164 1824 in
1178 1763 1350 1827 liaruoinis

81 1879 161 1925 anno
183 1865 247 1924 214
266 1865 300 1925 in
320 1867 412 1926 utero
433 1867 550 1926 matris
572 1865 624 1940 „Io
643 1865 819 1940 triumphe”
834 1863 1031 1925 clamantem
1045 1865 1094 1934 (ci.
1109 1865 1219 1926 livius
1231 1866 1348 1928 XXIV.

83 1965 140 2041 10),
173 1967 286 2026 noster
317 1981 392 2027 vero
418 1967 459 2028 ad
482 1968 590 2042 ipsum
613 1967 747 2027 deorum
770 1969 878 2028 vatem
903 1967 985 2027 hanc
1005 1968 1110 2027 artem
1129 1967 1237 2028 refert.
1261 1967 1350 2043 Quod

80 2082 222 2139 quonam
244 2068 376 2129 consilio
411 2069 523 2130 iecerit
557 2070 718 2130 incertum
747 2071 807 2144 est,
839 2069 871 2130 id
902 2070 1031 2128 tantum
1059 2071 1196 2144 constat,
1228 2070 1348 2144 opinor,

81 2184 115 2229 eo
147 2169 245 2230 modo
279 2170 390 2243 augeri
422 2165 542 2231 Deliaci
564 2171 615 2231 dei
640 2171 788 2246 honores,
812 2169 840 2229 si
864 2183 927 2230 non
952 2168 1075 2244 Delphis
1097 2171 1268 2244 tamquam
1292 2172 1351 2245 Py·

81 2271 167 2332 thius
201 2273 365 2347 acoepisse
399 2273 456 2334 sed
487 2273 553 2334 iam
584 2276 682 2334 antea
713 2272 865 2334 habuisse
888 2273 994 2332 artem
1019 2272 1214 2342 vaticinandi
1237 2274 1351 2349 Apollo

80 2373 228 2434 videatur
250 2366 288 2448 ¹);
313 2375 413 2434 simul
436 2375 628 2436 observasse
651 2377 782 2451 poetam
806 2389 915 2435 rerum
935 2373 1160 2435 Boeotioarum
1180 2375 1351 2436 historiam

12 2547 14 2552 ¹
79 2490 207 2536 sacram
232 2491 307 2536 oum
330 2476 472 2550 primum
494 2477 708 2537 vaticinatum
731 2491 804 2537 esse
832 2473 864 2535 ἐν
887 2472 990 2554 γαστρὶ
1013 2473 1121 2555 μητρὸς
1144 2477 1242 2538 deum
1265 2477 1352 2538 dicat

78 2577 109 2636 in
133 2577 249 2638 eadem
274 2576 403 2650 regione
426 2578 518 2638 cuius
542 2578 604 2638 init
627 2578 712 2638 haud
735 2576 874 2651 ignobile
898 2575 1064 2637 oraculum
1095 2577 1253 2652 Apollinis
1273 2579 1350 2655 Ptol,

78 2680 111 2737 et
144 2678 393 2739 celeberrimum
425 2678 560 2740 Ismenii
594 2679 752 2755 Apollinis
783 2678 960 2754 oraculum,
991 2679 1075 2738 inter
1105 2680 1352 2753 antiquissimas

77 2779 175 2840 huius
205 2779 258 2839 dei
288 2781 382 2840 sedes
414 2795 543 2855 semper
570 2781 716 2841 habitum
749 2780 799 2849 (ci.
831 2779 931 2840 schol.
964 2779 1004 2839 ah
1035 2779 1190 2855 Lycophr.
1223 2782 1287 2843 265
1318 2785 1352 2842 et
1406 2847 1409 2854 ,

79 2881 174 2941 Paos.
199 2881 256 2942 IX.
280 2881 341 2950 10).

120 2984 244 3044 Verum
278 2984 357 3045 haec
387 2983 421 3044 in
451 2983 610 3058 transitu;
635 2984 744 3057 ipsum
782 2981 974 3044 vocabulum
998 2978 1246 3055 ὑποκόλιιιος
1270 2985 1350 3045 eius·

77 3085 150 3145 dem
186 3085 267 3146 artis
304 3086 356 3145 est
388 3085 570 3155 inventum,
615 3099 698 3158 quae
735 3085 865 3158 poetam
901 3081 1053 3142 docuerat
1082 3081 1161 3144 illud
1199 3084 1352 3164 ,μεγάλων

78 3181 251 3262 ἀπεθήκατο
275 3183 415 3244 cohow
437 3188 599 3260 (pagii).
624 3185 736 3246 Sciens
760 3186 839 3245 haec
864 3183 1014 3257 novavit;
1039 3183 1146 3245 sciens
1169 3199 1294 3260 quoque
1318 3187 1351 3247 in

81 3287 188 3348 verbis
211 3283 304 3346 αἰνὰ
331 3286 490 3365 χολώθη
514 3289 660 3360 sequitur
683 3287 884 3347 homericum
908 3300 1005 3346 usum
1029 3287 1207 3347 accusativi
1226 3287 1297 3346 αι’νά
1310 3322 1350 3332 -

79 3382 136 3447 αἴν’
173 3383 406 3467 ὀλοφυρόμενος,
436 3386 506 3448 αλνόι
537 3396 661 3449 τεκοῦσα
692 3393 902 3461 (quamquam
934 3383 1132 3464 κεχολωμένος
1155 3385 1247 3460 αἰνῶς
1270 3389 1354 3450 dixit

80 3512 102 3548 τ.
138 3492 214 3560 325)
240 3523 279 3534 -
305 3492 362 3552 sed
396 3492 519 3552 inscius
550 3491 690 3552 fortasse
721 3489 884 3550 aberravit
923 3487 964 3547 ab
998 3489 1131 3562 antiquo
1167 3505 1229 3551 usu
1265 3492 1354 3552 verbl

80 3590 343 3670 φθέγγεσθαι.
362 3592 446 3653 Nam
463 3593 510 3653 ita
534 3595 572 3654 ut
594 3594 705 3654 noster
729 3591 835 3651 hicet
856 3605 900 3648 vs.
916 3591 978 3652 107
999 3585 1165 3669 ἐφθέγξατο
1176 3595 1251 3667 τοῖα,
1262 3605 1352 3652 num·

80 3707 180 3765 quam
203 3684 376 3769 Homerus,
400 3695 456 3754 vix
480 3697 591 3756 autem
614 3708 771 3767 umquam
795 3691 910 3766 tragici
933 3693 1047 3766 poetae
1061 3691 1160 3752 locuti
1180 3694 1281 3753 erant.
1310 3693 1353 3753 Hi

79 3795 167 3853 anim
201 3794 277 3855 licet
307 3796 423 3857 obiecti
452 3797 676 3857 accusativum
700 3806 946 3866 nonnumquam
970 3793 1113 3853 adiciant
1135 3789 1222 3871 (βοὴν
1245 3791 1353 3872 λόγους

80 3893 159 3954 talia
182 3896 222 3956 oi.
245 3895 299 3956 IV.
325 3898 399 3967 265)
427 3912 491 3958 non
511 3900 623 3959 tamen
643 3897 690 3956 ita
710 3896 770 3956 hoc
792 3895 889 3955 verbo
909 3894 1082 3955 utebantur
1099 3893 1192 3967 quasi
1216 3909 1236 3954 a
1256 3893 1353 3956 verbo

79 3993 175 4073 λέγειν
203 3997 283 4058 nihil
315 3998 459 4059 distaret.
491 3998 557 4073 Ipsi
590 3997 730 4059 Homero
764 3992 951 4074 φθέγγεσθαι
979 4009 1161 4068 numquam
1191 3994 1278 4054 aliud
1302 3997 1355 4055 est

79 4097 144 4156 nisi
166 4113 279 4159 ωνιιω
302 4099 396 4160 edere.
422 4099 539 4160 Fraudi
563 4099 760 4160 Callimacho
784 4097 890 4172 potuit
914 4110 987 4157 esse
1015 4097 1050 4154 Φ.
1076 4096 1138 4155 212
1162 4111 1207 4170 sq.

306 4199 394 4278 εἰμὴ
418 4201 587 4279 χωσάμενος
610 4197 746 4278 προσέφη
769 4195 902 4276 ποταμός
925 4196 1097 4276 βαθυδίνης

305 4298 388 4378 ἀνέρι
411 4300 574 4378 εἰσόμενος,
596 4297 711 4381 βαθέης
735 4294 763 4358 δ’
791 4297 822 4359 ἐιι
844 4295 995 4378 φθέγξατο
1020 4296 1112 4375 δίνης.

80 4402 201 4463 Eodem
236 4404 332 4465 modo
366 4419 404 4464 ac
431 4406 540 4464 nostro
574 4403 654 4478 loco,
689 4403 730 4462 ΙΙ.
766 4402 808 4461 25
843 4401 985 4474 legimus
1017 4397 1066 4476 „lq
1092 4396 1122 4477 λη
1154 4396 1355 4480 φθέγμεσοε”.

117 4647 138 4712 ¹)
155 4651 244 4712 Itaque
268 4665 319 4698 non
339 4665 398 4700 oum
415 4651 572 4713 theophania
588 4652 713 4712 Delphica
728 4665 775 4698 nec
794 4664 852 4698 oum
875 4649 935 4697 sede
953 4663 969 4696 a
987 4650 1056 4698 Gaea
1075 4649 1232 4696 Themidere
1250 4653 1356 4710 accepta

84 4731 221 4778 cohaerere
240 4731 365 4790 Apollinis
382 4732 496 4790 μαντικὴν
515 4735 603 4778 censet
624 4731 804 4778 Callimachus.
