3090 5294
836 450 879 508 60
1278 453 1336 512 III.
1361 453 1493 513 49-51

219 635 301 696 Rem
336 633 478 695 Homero
508 634 654 709 ignotam
687 635 794 697 verbis
825 638 956 699 enarrat
986 637 1069 699 satis
1099 638 1272 700 homericis
1303 645 1393 712 (nam
1417 638 1493 701 ἐπεί-

219 757 282 816 γειν
316 752 414 797 sensu
450 737 536 799 haud
571 737 618 798 ita
647 737 774 799 diverso
805 738 987 800 adhibitum
1021 740 1171 801 videmus
1194 761 1220 802 ο.
1245 743 1322 813 445)
1346 744 1375 803 si
1398 745 1493 805 modo

220 840 386 912 exceperis
416 837 566 916 μύδρος
589 841 623 900 et
645 838 844 918 ποτίστρη.
869 840 1012 917 Quorum
1039 841 1133 903 alteri
1156 842 1241 903 haud
1263 844 1374 919 procul
1399 859 1490 918 quae·

219 942 318 1002 reuda
359 941 458 1018 origo,
501 940 605 1002 cuivis
647 940 746 1015 enim,
798 957 873 1002 cum
907 943 1051 1004 Aetneae
1085 942 1231 1005 officinae
1269 948 1491 1007 memorantur

219 1044 358 1104 occurrit
380 1042 589 1117 aeschyleum
612 1042 691 1103 illud
714 1058 757 1103 ex
779 1042 958 1105 Ρνοικιδδιοο
980 1049 1039 1115 (ve.
1064 1043 1141 1124 366)

489 1147 655 1224 ηκορνφαῖς
679 1138 709 1204 δ’
736 1141 768 1204 ἐν
791 1140 895 1225 άκραις
922 1144 1031 1225 ἥμενος
1054 1147 1336 1228 μυδροκτυπεῖ

476 1243 676 1323 Ἧφατστος”.

121 1339 123 1345 ‘
219 1349 370 1410 Alterum
400 1351 512 1410 autem
535 1346 674 1426 ποτίστρη
705 1348 790 1409 unde
823 1350 947 1411 venerit
978 1352 1092 1427 poetae
1123 1352 1180 1412 vix
1210 1353 1386 1426 quisquam
1416 1355 1490 1415 indi·

220 1466 293 1512 care
313 1465 409 1526 posse
434 1451 571 1525 videtur,
595 1464 730 1510 causam
762 1464 838 1511 vero
862 1466 944 1525 quae
968 1452 1009 1512 ad
1034 1466 1146 1514 vocem
1171 1455 1393 1530 usurpandam
1417 1473 1490 1519 eum

220 1552 391 1613 adduxerit
424 1552 458 1612 in
496 1550 710 1625 etymologico
741 1551 815 1611 lusu
847 1553 888 1613 ad
918 1568 1038 1615 nomen
1073 1553 1249 1616 Ποσειδάων
1284 1558 1386 1618 eitam
1420 1575 1490 1620 esee

221 1654 367 1730 suspicor
390 1647 421 1726 ¹).
445 1654 553 1726 Atque
576 1653 703 1713 utiam
727 1652 889 1715 Hesiodus
913 1655 1061 1716 versibus
1084 1637 1266 1721 notissimis
1290 1660 1329 1720 de
1353 1658 1490 1735 Cyclopi-

221 1757 282 1817 bue
304 1756 417 1829 egerat
440 1754 561 1830 (Ὶλιοομ.
589 1755 663 1824 141)

487 1856 518 1916 οἳ
540 1852 617 1933 Ζηνλ
639 1853 769 1934 βρόντην
791 1849 813 1915 τ’
838 1854 958 1935 ἔδοσαν,
978 1857 1084 1932 τεῦξάν
1109 1880 1139 1919 τε
1158 1859 1316 1939 κεραυνόν,

222 1959 306 2020 alius
329 1959 460 2034 quidam
480 1959 619 2020 fortasse
641 1960 738 2032 poeta
756 1958 904 2033 Neptuno
927 1960 1102 2022 tridentem
1122 1962 1317 2023 fabricantes
1338 1962 1490 2039 cyclopes

221 2061 371 2138 tinxerat,
406 2062 518 2122 noster
551 2075 627 2121 vero
658 2060 775 2121 merito
806 2060 926 2122 honore
953 2061 1114 2124 celebrare
1140 2079 1204 2125 non
1228 2064 1341 2125 omisit
1362 2062 1415 2124 τδν
1428 2061 1490 2124 “Ia

221 2183 292 2224 ιιιον
325 2178 423 2237 quem
457 2163 528 2223 tota
560 2160 709 2237 Arcadia,
746 2159 920 2234 cyrenaico
954 2165 1068 2238 poetae
1099 2180 1184 2243 cara,
1211 2168 1246 2231 at
1272 2182 1349 2242 prae
1376 2169 1490 2229 ceteris

223 2265 410 2326 civitatibus
429 2263 592 2325 Mantinea
615 2262 740 2323 colebat
757 2256 789 2332 ²).

289 2467 345 2529 Vs.
371 2469 423 2529 51.
469 2466 504 2526 αἱ
523 2466 641 2545 νύμφαι
664 2460 691 2524 δ’
719 2463 854 2526 ἔδδεισαν
877 2464 958 2540 ὅπως
980 2466 1048 2528 ἴδον
1071 2467 1142 2529 αἰνὰ
1164 2465 1281 2549 πέλωρα

467 2567 596 2649 πρηόσιν
612 2563 793 2630 Ὀσσαίοισιν
815 2565 932 2630 ἐοικότα
955 2604 996 2615 -
1019 2579 1092 2631 πᾶσι
1116 2565 1144 2631 δ’
1170 2565 1219 2632 ὑπ’
1249 2567 1349 2653 ὀφρὺν

467 2669 546 2747 φάεα
568 2668 769 2751 μουνόγληνα,
790 2669 872 2731 σάκει
895 2669 944 2730 ἴσα
966 2650 1170 2758 capadociam*

467 2770 567 2832 δεινὸν
589 2770 836 2852 δπογλαάσσοντα
858 2806 901 2815 -
924 2769 975 2832 καλ
998 2769 1108 2835 ὁππότε
1131 2773 1247 2835 δοῦπον
1269 2770 1405 2836 άκοοσαν

369 2877 411 2936 55
468 2870 599 2951 ἄκμονος
621 2869 786 2952 ἠχήσαντας
810 2870 858 2933 eal
881 2870 965 2954 μέγα,
986 2874 1084 2936 πονλά
1106 2868 1127 2934 τ’
1154 2871 1236 2953 άημα

468 2974 605 3052 φοσάων,
627 2973 726 3035 αὐτῶν
748 2996 778 3034 τε
800 2974 898 3055 βαρὺν
921 2975 1036 3038 στόνον.

267 3079 363 3140 Tales
391 3078 593 3140 imitationes
617 3093 691 3137 cum
715 3077 831 3152 plausu
861 3078 1023 3155 accepisse
1055 3078 1292 3140 Alexandrinos
1323 3079 1380 3139 vix
1404 3080 1497 3141 hodie

223 3181 394 3244 credimus.
421 3180 499 3257 Quis
520 3181 671 3241 nostrum
693 3194 758 3240 non
778 3183 949 3242 succenset
972 3180 1169 3243 callimacho
1192 3197 1307 3243 secum
1330 3181 1405 3242 illos
1431 3198 1496 3244 rer·

223 3299 281 3344 sus
304 3284 469 3359 reputans,
494 3295 575 3354 quos
601 3280 654 3343 hic
677 3280 822 3342 illustrat
845 3286 876 3353 (ι.
908 3283 980 3353 190)

467 3379 596 3463 καὶγὰρ
619 3377 712 3460 θαῦμ’
739 3379 868 3443 ἐτέτακτο
892 3383 1037 3463 πελώριον
1061 3379 1133 3444 οὐδὲ
1156 3380 1239 3467 ἐῴκει

467 3481 558 3562 ἀνδρί
577 3506 610 3565 γε
632 3483 792 3570 σιτοφάγῳ,
815 3482 889 3545 ἀλλὰ
911 3484 965 3571 ῥίῳ
988 3483 1107 3563 ὑλήεντι

469 3582 597 3662 ὑψηλῶν
620 3580 722 3665 ὀρέων,
745 3585 762 3646 δ
783 3608 813 3646 τε
834 3586 972 3663 φαίνεται
995 3580 1060 3648 οἶον
1083 3580 1130 3646 αἰιδ
1155 3583 1260 3647 άλλων.

225 3689 313 3767 Quae
347 3688 434 3749 enim
469 3688 666 3763 comparatio
696 3689 736 3750 de
766 3704 830 3750 uno
864 3688 919 3750 illo
951 3689 1148 3765 Polyphemo
1182 3689 1363 3749 immanem
1398 3705 1496 3763 quan·

225 3792 301 3853 dam
333 3792 367 3852 et
401 3791 530 3850 tristem
561 3790 752 3864 dignitatem
783 3790 904 3868 induto,
935 3791 1006 3867 ipsa
1036 3790 1196 3865 gravitate
1230 3790 1364 3862 affectat
1399 3790 1495 3852 lecto·

226 3909 306 3970 rem,
338 3893 440 3952 risum
475 3891 620 3952 movebit
651 3908 726 3953 cum
750 3894 930 3966 (tamquam
954 3894 1035 3954 alios
1058 3896 1188 3954 montes
1211 3906 1306 3953 mons
1328 3891 1383 3952 ille
1406 3907 1496 3968 pepe·

225 3995 332 4065 risset)
353 4008 467 4055 omnes
483 3992 637 4068 cyclopes
652 3993 788 4054 indicati
810 3993 930 4055 Verum
951 3995 1097 4056 dehisce
1117 3994 1213 4056 rebus
1232 4009 1318 4054 nunc
1338 3994 1496 4069 disputari

226 4112 289 4157 non
323 4095 409 4172 licet,
434 4094 529 4157 rerba
555 4095 627 4169 ipsa
649 4094 838 4156 callimachi
860 4098 1045 4171 spectemus
1076 4097 1211 4172 oportet.
1234 4097 1272 4156 In
1295 4095 1414 4168 quibus
1437 4095 1495 4171 pri·

225 4212 318 4258 mum
354 4194 456 4269 ὅπως
491 4196 716 4258 observatione
748 4196 882 4270 dignum
914 4200 974 4259 est.
1007 4197 1095 4275 Quod
1123 4213 1222 4259 sensu
1243 4195 1416 4270 temporali
1440 4211 1495 4272 pro

227 4296 267 4372 ὡς
301 4299 483 4360 adhibitum
516 4300 563 4370 (ut
592 4293 701 4358 ὁππότε
724 4332 767 4341 -
792 4298 831 4360 cf.
856 4314 903 4361 vs.
930 4301 971 4359 54
997 4333 1036 4345 —
1061 4316 1117 4376 pro
1141 4297 1187 4360 διε
1211 4302 1247 4358 A.
1273 4298 1348 4367 399)
1371 4297 1497 4359 invenit

260 4553 278 4610 ¹)
296 4555 334 4604 Oi.
352 4555 436 4604 fichol.
457 4562 483 4602 ο.
502 4557 549 4604 189
567 4558 593 4603 et
609 4555 688 4618 hymn.
706 4555 767 4605 Ιιοικ.
785 4554 811 4603 ἐκ
828 4555 892 4629 Nept
909 4552 986 4622 (XXI.
1005 4558 1115 4607 Gemoll.
1132 4572 1169 4606 vs.
1187 4556 1222 4621 4).

259 4631 280 4701 ²)
299 4635 336 4684 Oi.
354 4636 529 4685 Imaum
546 4634 638 4683 Arkad.
656 4634 727 4685 Itali.
745 4638 794 4685 etc.
811 4649 838 4697 p.
854 4638 886 4685 to
904 4650 960 4698 sqq.
