3104 5296
830 453 892 512 134
1239 454 1293 514 IV.
1320 453 1492 513 roo-107

226 637 349 717 νηθὲντι
381 639 435 717 τὴν
470 640 637 719 ιιάροσιν”.
673 640 808 714 Propius
838 655 915 700 vero
950 640 1074 700 accedit
1105 643 1161 701 aut
1193 641 1311 701 saltem
1344 639 1495 700 accedere

228 743 394 804 videbatur
419 741 616 804 Callimacho
639 741 784 816 Sophocl.
814 740 938 802 Philoct.
964 742 1027 802 527

492 841 528 922 χή
551 851 626 914 ναῦς
649 839 704 922 γὰρ
727 839 799 916 ἄξει,
820 839 895 902 κούκ
920 839 1175 920 ἀπαρνηθήσεται,

226 949 259 1008 31
282 946 364 1006 satis
386 945 440 1006 ille
465 961 580 1007 versus
603 945 776 1006 lectionem
801 946 937 1005 tutatur.

270 1047 388 1108 Forma
417 1051 562 1125 οολῆες
592 1046 744 1108 notabilis
770 1048 830 1121 est,
862 1047 937 1120 quia
966 1045 1183 1107 Callimachus
1214 1047 1322 1106 hicet
1353 1045 1409 1106 IV.
1435 1045 1497 1104 279

226 1148 465 1209 nominativum
484 1148 643 1224 pluralem
663 1164 719 1224 per
738 1170 757 1225 η
777 1148 916 1222 scripsit,
937 1148 1055 1208 ceteris
1076 1149 1187 1208 autem
1211 1148 1340 1208 casibus
1364 1145 1499 1222 pluralis

225 1250 353 1311 numeri
375 1272 395 1327 η
419 1266 481 1310 non
505 1250 645 1311 adhibet.
676 1249 757 1311 (lum
782 1265 857 1310 vero
884 1250 981 1310 iniis
1008 1250 1141 1310 urbibus
1165 1265 1186 1310 a
1207 1250 1303 1325 poeta
1325 1249 1497 1322 antiquita·

224 1355 296 1413 tum
326 1351 524 1426 peritissimo
556 1355 754 1412 memoretur
784 1350 896 1412 Helice
930 1350 1160 1428 ,Ποσειδάωνος
1189 1348 1322 1430 ἕοοὶοη”,
1352 1351 1420 1411 noli
1444 1351 1496 1410 du-

226 1453 329 1512 bitare
371 1453 448 1526 quin
482 1453 512 1514 id
557 1453 721 1514 contineat
760 1453 1060 1528 interpretationem
1094 1453 1304 1514 homericam.
1341 1451 1501 1512 Memorat

227 1555 313 1615 enim
339 1556 500 1616 Homerus
523 1570 586 1616 nou
610 1555 718 1615 solum
742 1553 885 1631 Helicen,
909 1554 1059 1629 Neptuno
1085 1569 1214 1615 sacram
1237 1552 1353 1613 urbem
1377 1552 1414 1612 Θ.
1436 1552 1499 1612 203

450 1657 480 1716 οἳ
502 1653 535 1715 δέ
556 1679 601 1717 τοι
624 1655 665 1728 εἰς
682 1650 804 1733 Ἑλίκην
827 1677 857 1716 τε
879 1653 929 1715 καὶ
951 1653 1047 1736 Αἰγὰς
1070 1649 1138 1736 δῶρ’
1164 1653 1320 1734 ἀνάγουσι,

227 1757 283 1817 sed
315 1756 414 1817 etiam
454 1760 486 1818 li
515 1759 579 1818 404
611 1759 707 1819 deum
730 1758 838 1833 ipsum
866 1757 993 1818 dixerat
1011 1751 1264 1833 Ἓλιιιάνιον,
1287 1756 1327 1816 de
1349 1770 1416 1828 quo
1440 1756 1501 1830 epi·

227 1859 316 1920 theto
347 1874 421 1918 cum
451 1874 550 1934 grave
580 1861 663 1920 iuter
685 1859 921 1920 Alexandrinos
944 1861 1031 1919 esset
1056 1859 1176 1920 bellum
1200 1873 1264 1919 non
1288 1858 1386 1918 stetit
1410 1857 1501 1918 Calli·

228 1960 364 2021 machus
397 1960 437 2020 ab
464 1976 575 2021 eorum
602 1962 748 2036 partibus
777 1962 832 2035 qui
846 1994 886 2004 —
900 1963 937 2020 ut
960 1962 1072 2036 postea
1096 1960 1359 2021 Aristarchus-
1374 1959 1500 2020 Boeoti·

227 2078 301 2122 cum
327 2062 481 2123 Helicona
506 2063 645 2137 spectari
671 2063 823 2137 putarent
847 2054 880 2131 ι1.

272 2163 392 2223 Buram
416 2164 526 2223 autem
550 2162 764 2241 βοάοοοοιν
786 2165 881 2224 vocat
900 2164 1009 2237 aperto
1029 2163 1103 2223 lusu
1115 2162 1266 2237 nominis,
1279 2162 1337 2222 sed
1349 2161 1501 2221 substan·

227 2265 333 2324 tivum
364 2264 525 2341 βούσοοσιν
560 2265 653 2325 debet
687 2264 858 2338 Aeschylo.
890 2265 974 2325 Nam
998 2264 1151 2325 Prmnetb.
1181 2265 1245 2325 653
1270 2263 1305 2322 Ιο
1329 2262 1389 2322 1113
1411 2263 1504 2323 cuius

231 2365 428 2441 vagationes,
448 2380 580 2426 omnem
599 2366 828 2440 geographiam
845 2364 1058 2439 ludificantes,
1079 2364 1266 2439 exemplum
1285 2363 1507 2439 praebuerunt

229 2468 350 2541 nostro,
366 2467 493 2527 somnio
512 2467 705 2528 admonetur
724 2469 761 2527 ut
780 2469 834 2527 eat
857 2466 1004 2543 ,ποίμνας
1025 2465 1197 2543 βουστάσεις
1216 2486 1246 2524 τε
1266 2463 1341 2542 πρὸς
1358 2464 1504 2543 οσορός”.

229 2569 371 2643 Euripidi
392 2568 585 2648 βοάσοοιθμος
609 2566 680 2646 (ον)
704 2569 737 2628 in
761 2584 824 2628 usu
850 2571 929 2629 erat.
954 2569 1144 2629 Formatum
1170 2570 1220 2628 est
1245 2566 1444 2627 vocabulum
1467 2568 1506 2628 ad

229 2686 378 2731 normam
405 2671 603 2732 substantivi
623 2670 730 2745 magis
751 2669 1026 2741 331113ιιόσοοισις.
1052 2670 1215 2731 Homerus
1239 2670 1418 2742 utrumque
1443 2672 1506 2729 sta·

228 2772 342 2833 bulum
366 2772 494 2833 dixerat
517 2771 661 2849 σταθμόν.

273 2873 319 2934 De
358 2874 455 2935 verbo
489 2870 724 2933 ἓλίσσεσθοι
760 2889 808 2935 re.
843 2875 905 2933 105
938 2873 1067 2947 passive
1096 2873 1145 2943 (ci.
1180 2887 1226 2933 vs.
1253 2874 1329 2941 263)
1359 2872 1506 2932 adhibito

228 2979 294 3037 iam
326 2976 449 3038 dictum
480 2979 531 3039 331
562 2991 633 3052 pag.
668 2978 741 3037 114.
775 2976 968 3049 11131131131,
993 2976 1056 3035 huc
1079 2975 1228 3035 trahendi
1251 2989 1315 3035 uon
1339 2975 1421 3033 sunt
1444 2973 1505 3034 loci

228 3078 392 3153 homerici,
425 3079 458 3138 in
494 3079 611 3153 quibus
644 3079 783 3140 occurrit
817 3077 1052 3151 significatione
1087 3092 1219 3152 prorsus
1255 3076 1320 3136 alia
1355 3076 1503 3136 medium

228 3176 470 3255 ἑλιξάμενος,
503 3179 579 3240 11331
615 3194 826 3240 numerorum
859 3178 1073 3239 similitudine
1107 3175 1285 3253 (ἑλιξάμενος
1320 3170 1357 3236 δι’
1397 3173 1503 3252 ὁμίλου

229 3283 268 3339 Ν.
300 3281 374 3355 204,
412 3276 579 3359 ἑλιξάμενος
614 3279 664 3340 διὰ
698 3279 811 3359 βήσσας
844 3283 872 3339 Ρ.
906 3282 980 3351 2831
1012 3281 1151 3341 formam
1184 3279 1313 3339 illorum
1345 3294 1503 3339 versuum

229 3383 376 3443 imitetur
405 3384 509 3457 poeta.
542 3382 660 3444 Contra
694 3381 904 3444 memorabile
936 3384 988 3443 est
1011 3382 1199 3457 exemplum
1225 3381 1502 3456 interpretationis

228 3483 419 3558 homericae,
443 3485 527 3558 quod
552 3486 678 3545 vs.106
698 3485 900 3546 homericum
920 3479 1020 3559 νηλεὲς
1040 3474 1111 3562 ἦτορ
1124 3484 1228 3544 reddit
1240 3498 1298 3558 per
1321 3479 1422 3559 ιἰνηλ
1434 3479 1504 3557 ιε’ς,

228 3584 381 3659 producto
394 3595 417 3661 1,
431 3586 543 3646 eodem
557 3587 727 3659 modoque
740 3586 902 3646 Homerus
914 3585 1107 3660 productum
1120 3586 1217 3646 babet
1229 3584 1249 3642 ά
1260 3579 1506 3660 inarescentia),

228 3683 403 3762 άνήνυσιος,
433 3687 565 3761 ipseque
588 3687 621 3746 in
648 3683 777 3763 ἀνήκοος
807 3687 891 3747 inira
927 3702 973 3746 VS.
1007 3688 1078 3746 116.
1105 3720 1144 3729 -
1171 3685 1252 3747 Cum
1277 3682 1407 3744 ἔκειτο
1433 3700 1501 3745 con·

228 3787 304 3848 ferri
327 3787 445 3861 poterit
467 3809 501 3848 ιο.
526 3788 589 3848 423
618 3784 681 3862 ,ἐνὶ
700 3784 786 3865 φρεσὶ
808 3784 923 3858 ιιὲνθος
944 3784 1068 3863 ἔνεισο”,
1090 3788 1173 3861 quod
1197 3788 1226 3846 si
1246 3801 1360 3847 revera
1380 3788 1501 3860 specta-

230 3888 277 3948 vit
306 3890 426 3963 noster,
457 3891 590 3963 apparet
619 3904 695 3949 eum
725 3904 789 3949 non
821 3889 943 3948 vitasse
963 3888 1179 3948 imitationem
1206 3887 1371 3961 Odysseae
1401 3887 1502 3961 partis

230 3993 407 4066 extremae,
429 4006 528 4065 quam
551 3993 696 4065 spuriam
720 3991 814 4050 duxit
837 3990 1054 4050 Aristarchus.

273 4093 336 4152 Vix
369 4093 531 4155 homerico
561 4093 648 4165 loqui
678 4093 745 4167 ipse
778 4093 836 4152 sibi
876 4092 1043 4153 videbatur
1069 4091 1252 4165 insequenti
1277 4105 1500 4150 13133333-

229 4193 406 4271 ιιλάσθης
425 4195 590 4269 adhibens,
611 4208 809 4268 quamquam
829 4194 944 4255 ludens
963 4193 1138 4255 lectoribus
1157 4194 1189 4252 in
1212 4193 1360 4252 animum
1372 4193 1502 4253 revocat

188 4348 192 4355 .
229 4296 429 4357 homericum
451 4296 530 4378 illud
568 4294 772 4372 ,κατεκλάσθη
802 4295 891 4370 φίλον
924 4285 1027 4374 ι’μορ”,
1058 4293 1085 4355 ri.
1123 4294 1165 4354 48
1200 4295 1232 4353 31
1263 4292 1340 4353 alibi
1375 4308 1502 4368 semper

263 4550 283 4615 ¹)
304 4554 392 4601 Varios
409 4554 500 4602 harum
519 4555 669 4615 opinionum
690 4558 770 4602 testes
790 4558 816 4602 et
840 4557 957 4601 auctores
977 4555 1057 4602 refert
1075 4553 1192 4613 Ebeliug.
1211 4555 1237 4600 in
1258 4554 1341 4601 lexico
1359 4553 1430 4601 hom.
1447 4569 1466 4600 ο.
1483 4567 1503 4599 ο.

225 4635 363 4688 'munduca
