3104 5286
582 1797 820 1805 μ*-

107 2016 242 2077 Utinam
266 2016 356 2077 hisce
379 2019 418 2078 de
442 2017 634 2079 Callimachi
657 2018 813 2093 religione
837 2033 875 2078 ac
896 2018 1018 2092 pietate
1042 2017 1336 2094 observationibus,

62 2134 144 2194 quas
179 2121 212 2179 et
246 2135 366 2194 paucas
402 2136 475 2180 esse
510 2123 542 2181 et
572 2135 819 2195 nonnumquam
850 2122 888 2180 ut
917 2120 981 2179 fert
1010 2119 1092 2178 artis
1121 2119 1191 2179 eius
1221 2122 1340 2180 natura

63 2221 218 2296 incertas,
239 2235 303 2280 non
323 2218 472 2297 diffiteor,
493 2222 576 2282 adici
595 2221 708 2282 liceret
727 2221 879 2297 certiora,
900 2221 1017 2295 quibus
1033 2219 1337 2296 efficeremusquid·

64 2337 137 2381 nam
171 2322 211 2382 de
241 2322 384 2382 dissuis
411 2323 473 2382 sibi
496 2324 690 2399 speraverit,
715 2323 845 2396 qualem
869 2323 902 2382 in
927 2324 996 2382 vita
1019 2323 1189 2384 hominum
1213 2324 1338 2399 sapien·

63 2424 183 2484 tiorum
214 2424 362 2499 religioni
393 2425 455 2500 ipsi
477 2425 586 2486 locum
610 2425 747 2501 dederit,
772 2440 851 2485 num
876 2425 1008 2484 tandem
1032 2424 1094 2485 hac
1117 2426 1186 2486 vita
1209 2428 1341 2500 peracta

64 2525 207 2586 debitam
238 2525 352 2600 pietati
382 2525 591 2587 beatudinem
622 2527 818 2603 promiserit.
851 2526 974 2586 Tacent
1003 2526 1193 2602 plerumque
1225 2529 1339 2589 dehis

64 2629 214 2689 omnibus
243 2628 358 2703 hymni
389 2629 506 2704 quippe
530 2631 584 2703 qni
607 2631 701 2691 unice
732 2629 766 2689 in
796 2631 930 2690 deorum
954 2629 1125 2704 splendore
1149 2630 1339 2692 celebrando

65 2732 184 2791 versati
215 2730 256 2791 ad
287 2731 391 2791 vitam
423 2731 603 2792 humanam
634 2747 707 2792 raro
731 2732 942 2807 descendant,
967 2746 1071 2804 neque
1094 2731 1279 2806 fragmenta
1301 2733 1340 2792 de

65 2831 124 2893 hac
166 2849 200 2893 re
243 2833 420 2908 quidquam
462 2833 525 2893 nisi
568 2834 693 2894 incerta
728 2834 882 2894 indicant.
917 2833 959 2892 Et
992 2832 1100 2908 possis
1135 2847 1228 2908 sane,
1265 2848 1339 2893 cum

65 2936 204 2994 exeunte
228 2934 352 3008 hymno
376 2934 481 3009 primo
505 2935 599 2994 audis
622 2937 753 3010 poetam
777 2936 824 2995 111
847 2935 1017 2995 docentem

288 3029 367 3110 »οὔτ’
394 3031 500 3113 ἀρετῆς
522 3031 590 3114 ἅπερ
615 3031 703 3112 ὄλβος
727 3032 878 3094 ἐπίσταται
901 3032 1015 3113 ἄνδρας
1039 3031 1135 3107 ἀέξειν

286 3129 345 3195 οὔτ’
371 3132 459 3214 ἀρετὴ
484 3133 648 3212 ἀφένοιο,”

65 3237 224 3313 suspicari
246 3237 332 3298 haud
355 3237 451 3312 plane
474 3240 639 3298 remotum
667 3239 768 3300 luisse
791 3241 923 3315 poetam
947 3255 967 3300 a
990 3239 1257 3316 philosophorum
1279 3241 1340 3300 dis-

65 3338 286 3414 putationibus
317 3341 389 3398 tum
420 3340 567 3399 maxime
599 3341 632 3399 in
663 3341 855 3415 quaestione
878 3342 917 3402 de
944 3356 1076 3402 summo
1103 3341 1187 3402 bono
1210 3357 1340 3402 versan-

65 3441 166 3515 tibus;
195 3441 303 3515 possis
334 3440 528 3501 contendere
559 3443 629 3501 tam
661 3441 927 3517 Cyrenaicorum,
960 3443 1182 3518 Theodorique
1213 3444 1343 3522 placitis

66 3542 220 3617 refragari
250 3543 312 3603 hoc
341 3557 438 3602 versu
463 3539 714 3619 Callimachum,
740 3559 839 3617 quam
863 3544 1004 3604 Zenonis
1027 3544 1194 3605 doctrinae
1218 3546 1257 3606 de
1279 3547 1341 3606 vir·

66 3646 145 3705 tute.
171 3645 317 3705 Proiecto
340 3643 421 3704 haec
445 3658 626 3717 numquam
651 3644 680 3703 ei
703 3644 889 3719 placebant3
914 3650 1017 3706 immo
1040 3646 1173 3721 propius
1197 3647 1236 3707 ad
1258 3647 1341 3708 Peri-

65 3747 282 3821 pateticorum
317 3745 518 3805 sententiam
548 3759 661 3820 preces
693 3743 886 3806 Callimachi
920 3745 1028 3823 „didon
1059 3740 1086 3806 δ’
1114 3745 1222 3826 ἀρετήν
1245 3746 1343 3807 τεκαὶ

65 3844 177 3927 ὄλβον”
202 3848 376 3921 accedunt;
401 3846 484 3906 satis
508 3847 596 3906 enim
621 3848 818 3908 conveniunt
842 3863 918 3908 cum
937 3849 1126 3911 Aristotelis
1147 3850 1255 3911 verbis
1274 3850 1342 3911 Eeb.

66 3951 90 4011 Ι.
118 3952 201 4011 1101
216 3954 245 4011 A
282 3949 330 4025 „rt
363 3938 419 4008 οὗν
453 3947 561 4007 κωλύει
591 3945 686 4027 λέγειν
720 3946 886 4026 εὐδαίμονα
916 3948 968 4010 τὸν
998 3945 1059 4011 κατ’
1093 3949 1201 4031 ἀρετὴν
1231 3952 1343 4013 τελείαν

66 4051 244 4132 ἐνεργοῦντα
263 4048 313 4111 καὶ
341 4054 402 4122 τοῖς
426 4048 507 4121 ἐκτὸς
531 4047 659 4129 ἀγαθοῖς
683 4049 793 4123 ἱκανῶς
817 4049 1055 4132 κεχορηγημένον
1078 4052 1119 4132 μὴ
1142 4052 1195 4114 τὸν
1218 4052 1343 4133 τυχόντα

64 4153 173 4234 χρόνον
199 4150 283 4213 ἀλλὰ·
299 4149 397 4213 τέλεον
424 4151 525 4231 diff,
552 4154 585 4213 et
608 4154 716 4228 magis
739 4154 919 4229 placiturus
943 4159 1014 4217 erat
1035 4159 1132 4233 poeta
1154 4158 1249 4219 aulae
1271 4158 1343 4218 Pto·

65 4257 263 4318 lemaeorem
287 4256 367 4316 talia
390 4255 624 4316 commendans
648 4271 746 4329 quam
766 4257 795 4316 si
815 4258 1035 4333 praecepisset
1053 4274 1204 4320 severam
1224 4259 1343 4320 Stoico·

65 4375 140 4421 rum
163 4358 380 4434 disciplinam.
413 4357 533 4418 Verum
563 4373 680 4433 parum
702 4357 877 4434 prudenter
901 4361 991 4436 agat,
1015 4361 1070 4434 qui
1093 4376 1135 4421 ex
1158 4378 1223 4423 uno
1246 4377 1344 4422 versu

66 4460 121 4522 illo
155 4462 261 4520 totam
296 4458 488 4520 Callimachi
520 4460 663 4521 ethicam
694 4475 806 4521 eruere
838 4460 930 4536 velit,
964 4477 1039 4523 cum
1062 4464 1256 4538 praesertim
1280 4480 1344 4525 non

65 4562 174 4639 magis
205 4577 247 4622 ex
278 4561 478 4622 carminibus
507 4564 623 4637 poetae
655 4563 762 4637 opinio
794 4562 833 4622 de
857 4563 926 4624 vita
948 4564 1046 4624 beata
1067 4568 1224 4639 appareat
1246 4581 1345 4640 quam

67 4665 196 4725 constet
225 4664 265 4724 de
296 4665 401 4725 morte
432 4663 508 4736 quid
539 4678 653 4725 revera
682 4679 795 4726 secum
826 4665 998 4726 censuerit.
1030 4665 1159 4727 Etenim
1182 4682 1253 4727 rem
1276 4683 1344 4742 gra·
