3104 5286
811 424 873 484 110

417 606 513 687 Ἥρης
537 605 568 668 έκ
592 613 734 685 λειμῶνος
758 606 946 687 ἀμησάμενοι
969 609 1131 689 φορέουσιν

427 707 569 771 ὠκάθοον
592 707 780 789 τριπέτηλον,

206 815 321 889 quibus
348 813 497 874 versibus
520 813 710 873 cautissime
733 828 803 873 rem
827 814 933 888 tangit
956 815 990 874 et
1012 817 1180 890 antiquam
1205 820 1238 877 et
1261 820 1345 879 satis
1368 820 1477 879 obscu·

205 932 286 976 ram.
317 915 401 975 Nam
433 929 529 989 quem
560 917 671 975 noster
686 909 783 992 “Hono
807 914 885 975 dicit
911 918 1040 992 λειμῶνα
1063 917 1117 978 ille
1139 919 1284 992 profecto
1309 921 1361 980 est
1384 928 1479 996 κῆπος

205 1016 368 1076 ἀθανάτων
398 1015 490 1076 cuius
520 1017 661 1090 priscam
693 1018 829 1076 servant
858 1018 1053 1078 memoriam
1083 1019 1340 1094 splendidissimi
1364 1039 1480 1083 versus

206 1117 334 1181 5346:

425 1210 445 1297 ἧ
467 1218 519 1298 ῥα,
541 1215 591 1277 καί
614 1215 706 1297 ἀγκὰς
730 1216 856 1295 ἔμαρπτε
879 1218 1001 1297 Κρόνου
1025 1224 1095 1291 παῖς
1118 1216 1156 1298 ἣν
1179 1223 1365 1300 παράκοιτιν·

426 1325 501 1381 τοῖσι
525 1315 552 1379 δ’
578 1317 639 1379 ὑπὸ
663 1317 746 1397 χθὼν
770 1319 819 1378 δῖα
842 1319 921 1394 φύεν
944 1318 1092 1399 νεοθηλέα
1115 1322 1220 1402 ποίην,

427 1421 520 1483 λωτὸν
543 1419 699 1500 έερσήεντα
723 1417 767 1480 tet
790 1420 900 1499 κρόκον
924 1417 973 1499 ἠδ’
1001 1420 1150 1484 ὑάκινθον

427 1523 544 1584 πυκνὸν
567 1521 617 1582 καλ
640 1522 782 1600 μαλακόν·
806 1517 827 1594 ¹)

207 1643 304 1702 quam
324 1628 502 1702 imaginem
518 1626 718 1687 doctissimis
740 1625 939 1701 mythologie
962 1627 1064 1687 videri
1084 1630 1290 1691 coniunctam
1311 1647 1385 1693 esse
1405 1648 1480 1693 cum

207 1730 314 1789 Sacris
332 1728 461 1804 Nuptiis
479 1727 698 1789 Callimachus
714 1742 779 1787 non
798 1727 977 1802 ignorabat.
1001 1728 1143 1790 Noverat
1160 1733 1304 1806 profecto
1322 1733 1480 1809 Pherecy-

206 1831 268 1891 den
299 1831 461 1905 docuisse,
489 1826 596 1908 ,Ἥρας
627 1825 818 1908 γαμουμένης
848 1826 902 1906 τὴν
933 1837 990 1908 γῆν
1020 1827 1188 1891 ἀναδοῦναι
1215 1830 1326 1910 μηλέας
1348 1844 1481 1913 χρυσοῦν

206 1931 322 2009 καρπὸν
342 1932 491 2009 φερούσας
513 1925 550 2007 ²),
573 1933 709 1992 nouerat
733 1931 871 1990 eundem
894 1931 1002 1992 locum
1025 1935 1133 2006 (quem
1156 1937 1327 2009 poetarum
1346 1938 1479 2012 quidam

208 2032 280 2104 Διὸς
302 2033 452 2094 dicebant
474 2037 581 2110 κῆπον)
605 2032 645 2092 ab
662 2032 879 2106 Aristophane
903 2033 943 2092 ad
967 2033 1085 2093 Oceani
1105 2050 1179 2095 oras
1197 2037 1343 2110 positum
1363 2039 1477 2115 fuisse,

208 2139 241 2197 et
264 2136 326 2196 alio
349 2136 528 2196 indicatum
551 2135 683 2195 nomine
706 2133 789 2194 Ναο.
815 2135 893 2194 271:
921 2128 987 2210 ,εἴτ’
1009 2128 1156 2195 Ὠκεανοῦ
1179 2137 1290 2216 πατρὸς
1315 2138 1348 2198 ἐν
1371 2140 1479 2218 κη’κιοις

207 2236 287 2316 ἱερὸν
324 2235 413 2315 χορὸν
452 2235 546 2296 ἵστατε
584 2236 761 2311 Νύμφαις”,
793 2251 876 2309 quae
904 2251 945 2296 ex
975 2236 1185 2311 physicorum
1216 2241 1400 2302 rationibus
1434 2244 1480 2304 sic

207 2341 330 2415 optime
351 2339 582 2414 interpretatur
600 2337 791 2398 scholiasta:
815 2346 968 2412 ,φυσικῶς
987 2353 1062 2415 φησι
1081 2336 1206 2399 ἀπὸτοῦ
1222 2335 1371 2403 Ὠκεανοῦ
1384 2345 1480 2404 πάντα

207 2443 259 2504 τόν
278 2439 351 2518 άέρα
369 2437 423 2517 τὴν
443 2439 561 2515 νοτίαν,
582 2436 636 2516 τὴν
655 2437 766 2515 ἰκμάδα
789 2435 839 2497 καί
862 2436 913 2497 τὸν
937 2436 1023 2498 ὑετὸν
1042 2440 1157 2513 τούτοις
1176 2438 1398 2523 έπιχορηγεῖν”.
1420 2448 1478 2507 sed

207 2547 241 2607 in
264 2545 335 2620 ipsa
358 2542 463 2603 adhuc
485 2544 573 2602 terra
595 2542 727 2602 hortum
749 2540 856 2616 illum,
881 2542 952 2601 sive
975 2542 1062 2602 Iovis
1085 2544 1235 2605 dicebant
1253 2547 1326 2606 sive
1345 2548 1480 2608 Iunonis

208 2649 278 2708 sive
309 2646 409 2706 etiam
439 2643 670 2719 Hesperidum,
703 2642 917 2718 collocabant,
950 2645 1101 2717 quamvis
1136 2648 1176 2707 ad
1210 2651 1379 2710 extremos
1414 2652 1478 2710 iam

207 2750 366 2810 terminos
396 2747 560 2806 interdum
590 2748 768 2820 remotum,
801 2745 855 2804 ubi
883 2760 959 2805 cum
982 2745 1070 2806 caelo
1093 2750 1181 2808 terra
1203 2750 1359 2811 coalescit
1366 2770 1373 2826 ;
1396 2753 1480 2812 sicut

205 2852 327 2913 fecerat
356 2848 524 2924 Euripides
548 2847 642 2922 Hipp.
669 2848 732 2909 744
757 2847 974 2907 abundantius
997 2863 1096 2922 quam
1124 2851 1222 2910 ceteri
1244 2851 1318 2911 loca
1341 2867 1481 2914 amoena

207 2954 263 3014 illa
286 2953 471 3013 describens

518 3046 554 3111 ἵν’
580 3046 597 3110 δ
619 3046 811 3127 ποντομέδων
834 3047 1007 3128 πορφυρέας
1030 3050 1134 3128 λίμνας

518 3153 641 3223 ναύταις
665 3145 764 3211 οὐκέθ’
791 3147 865 3211 δδδν
890 3149 984 3229 νέμει,

518 3254 627 3332 σεμνὸν
650 3250 777 3332 τέρμονα
801 3253 933 3333 κραίνων

518 3355 666 3434 οὐρανοῦ,
688 3354 739 3415 τὸν
757 3352 862 3427 ’Ἀτλας
885 3353 956 3434 ἔχει,

518 3456 628 3536 κρῆναί
650 3450 671 3515 τ’
697 3453 858 3535 ἀμβρόσιαι
880 3453 996 3535 χέονται

520 3557 618 3630 Ζανὸς
641 3556 800 3636 μελάθρων
823 3552 890 3636 παρ’
916 3555 1023 3634 ἀκτᾶς,

518 3654 554 3720 ἵν’
581 3655 760 3738 δλβιόδωρος
784 3656 867 3731 αίίξει
889 3657 983 3731 ζαθέα

518 3759 602 3840 χθὼν
624 3760 819 3838 εὐδαιμονίαν
843 3765 975 3833 θνατοῖς.

251 3867 349 3927 Varia
371 3881 427 3941 pro
450 3881 509 3926 suo
532 3879 623 3924 more
646 3864 898 3924 commiscuerat
920 3864 1103 3939 Euripides;
1129 3881 1205 3926 nam
1227 3865 1343 3927 insunt
1362 3868 1396 3928 in
1420 3870 1484 3930 hac

208 3968 349 4042 imagine
385 3968 418 4026 et
448 3967 587 4041 vestigia
613 3965 722 4040 Elysei
744 3968 776 4025 et
800 3967 959 4026 memoria
982 3967 1122 4041 regionis
1145 3968 1232 4028 illius
1254 3968 1483 4032 fertilissimae

208 4087 305 4145 quam
340 4069 522 4143 Aeschylus
553 4069 586 4127 in
617 4069 814 4143 Aethiopum
845 4072 945 4146 terra,
979 4070 1034 4130 alii
1066 4069 1142 4129 alibi
1174 4069 1381 4132 collocarent.
1419 4074 1484 4134 Sed

207 4173 276 4247 ipse
307 4187 442 4246 campus
472 4169 623 4231 caelestis
654 4171 722 4230 iam
745 4169 895 4230 altiorem
926 4172 959 4231 et
982 4171 1166 4245 graviorem
1193 4171 1297 4232 induit
1320 4171 1482 4252 formam,

207 4276 381 4350 postquam
412 4273 621 4349 physicorum
652 4272 954 4333 ratiocinationibus
977 4273 1064 4333 Iovis
1088 4272 1219 4333 nomine
1242 4274 1376 4335 aethera
1400 4276 1483 4336 indi·

242 4515 250 4548 ¹
312 4517 355 4564 ‚S
401 4518 446 4565 .1.
483 4520 505 4565 9.

243 4515 263 4662 ²3
280 4519 321 4646 (δίο
338 4517 509 4658 Hteusdperidfim
527 4598 601 4646 horto
618 4598 681 4646 heac
699 4597 768 4646 dicte
784 4598 818 4646 ο1.
834 4598 914 4646 schol.
932 4598 965 4645 ed
981 4597 1064 4660 Apoll.
1081 4597 1162 4645 Rhod.
1180 4597 1222 4645 IV.
1242 4599 1313 4646 loeo.
