3068 5294
804 429 868 488 216
1274 430 1316 489 ΙΙ.
1342 430 1386 490 88
1400 434 1472 492 -96

205 613 336 675 Doricae
378 616 445 675 tam
488 614 564 676 festi
601 631 701 690 quam
735 616 920 678 saltationis
962 632 1034 679 esse
1068 618 1209 691 origines
1242 633 1376 680 monere
1411 635 1470 680 non

205 717 328 777 omittit
362 712 378 776 b
414 717 587 797 Βαιτιάδης,
620 734 697 779 nam
733 719 862 781 disertis
892 720 1000 780 verbis
1030 720 1202 781 saltatores
1233 717 1367 799 Δωριέας
1399 721 1471 783 dicit

206 834 252 878 vs.
277 820 329 880 89.
353 819 440 880 Num
464 835 540 882 vero
564 822 677 882 eadem
702 804 810 898 causa,
838 837 913 882 cum
941 822 1037 896 vulgo
1061 837 1080 882 a
1104 823 1220 883 doricis
1243 822 1469 884 vocabulorum

205 921 319 981 formis
342 937 458 996 puram
481 924 628 984 servaret
650 924 840 1000 orationem,
864 939 949 986 nunc
968 939 1043 986 eum
1067 925 1196 985 induxit
1215 926 1252 985 ut
1271 922 1391 1004 δωριστὶ
1404 924 1468 987 Oar-

205 1025 345 1086 neadum
381 1025 450 1085 dies
484 1023 679 1102 νεθμίονς
709 1027 864 1087 vocaret?
893 1028 1021 1088 Incerta
1052 1027 1193 1102 proiecto
1216 1027 1375 1102 suspicio!
1400 1026 1471 1104 Quis

206 1126 301 1201 dicat,
327 1128 436 1187 utrum
461 1126 604 1201 cyrenae
628 1128 728 1188 etiarn
754 1127 942 1188 Callimachi
966 1128 1048 1189 forte
1071 1129 1179 1190 asiais
1210 1130 1244 1190 in
1268 1130 1358 1191 hisce
1382 1130 1470 1190 iestis

208 1229 332 1302 vigeret
359 1229 530 1303 antiquum
564 1230 761 1291 adiectivum
794 1230 949 1307 doricum,
983 1245 1024 1290 an
1055 1230 1192 1292 Pindaro
1223 1231 1339 1293 debeat
1369 1234 1472 1292 noster

206 1330 286 1391 illud
311 1330 528 1393 vocabulum?
562 1332 647 1393 Nam
681 1333 710 1393 si
740 1348 895 1409 unquam,
927 1333 987 1394 hoc
1014 1333 1084 1394 loco
1106 1334 1246 1407 undique
1277 1348 1339 1395 sua
1369 1349 1470 1408 conge·

207 1447 283 1493 rens
306 1431 366 1492 sibi
390 1432 520 1507 placuit.
544 1434 595 1494 Ita
619 1449 667 1494 vs.
693 1435 734 1494 89
761 1431 910 1511 ηιινιινὴν
934 1429 966 1493 δὲ
993 1432 1141 1506 νάπαις
1158 1431 1289 1506 Ἅζιιιν”
1319 1435 1390 1496 sine
1414 1435 1472 1494 ullo

208 1534 304 1595 dubio
336 1535 456 1595 sumsit
478 1551 519 1596 ex
546 1534 708 1597 Herodoto
731 1537 786 1610 qui
805 1536 859 1597 IV.
883 1538 945 1597 157
974 1536 1111 1597 eandem
1134 1536 1299 1611 regionem
1329 1536 1474 1597 describit

208 1636 271 1697 ita:
307 1634 418 1711 ,νάπαι
449 1657 478 1696 τε
508 1636 657 1696 κάλλισται
688 1631 730 1696 ἐπ’
755 1632 907 1714 ἀμφότερα
931 1637 1154 1717 σνγιιληίουσι”,
1179 1654 1227 1699 vs.
1253 1639 1294 1698 91
1328 1638 1474 1712 Aeschyli

213 1733 334 1814 „licata
363 1735 443 1796 σίνιν
473 1736 598 1814 δόμοις”
631 1738 701 1814 (Δρ.
728 1738 780 1810 78)
803 1739 953 1800 imitatur
984 1739 1091 1800 verbis
1118 1736 1221 1799 λέοντα
1250 1739 1333 1818 βοῶν
1366 1737 1475 1815 σίνιν,

210 1839 343 1899 σινιάσαι
366 1854 407 1900 ne
431 1839 594 1901 Homerus
617 1855 748 1915 prorsus
771 1839 898 1915 neglegi
923 1841 1094 1918 videretur,
1119 1857 1216 1903 versu
1240 1841 1282 1901 88
1306 1857 1364 1916 pro
1387 1841 1475 1902 solito

210 1939 338 2018 Κυρήνη
362 1941 501 2002 formam
526 1942 682 2003 adhibens
702 1942 857 2004 rariorem
877 1942 975 2022 Κύμη,
996 1943 1076 2004 lusIt
1095 1958 1248 2004 sonorum
1269 1943 1475 2004 similitudine

209 2045 243 2104 in
268 2058 364 2104 versu
386 2045 549 2106 homerico
574 2044 600 2104 d.
628 2046 693 2107 500

456 2145 632 2230 Γυρῇσίν
656 2169 707 2224 μιν
729 2154 830 2225 πρῶνα
854 2145 1031 2207 Ποσειδάων
1054 2144 1281 2206 ἐπέλασσεν.

256 2247 364 2308 Pauca
397 2250 444 2309 etx
465 2248 551 2308 levia
583 2250 758 2310 admodum
793 2250 928 2310 restant.
959 2249 1005 2310 De
1036 2249 1195 2310 adiectivo
1221 2248 1309 2309 enim
1332 2248 1479 2327 νεμαώδης

213 2350 338 2411 abunde
358 2349 536 2424 disputavit
555 2351 743 2426 Schneider;
764 2351 903 2412 formam
928 2352 1139 2425 comparativi
1163 2349 1312 2428 θεώνερον
1335 2351 1480 2412 tractavi·

213 2468 288 2513 mus
307 2467 378 2527 pag.
392 2453 451 2526 39;
472 2453 674 2527 participium
697 2451 926 2530 μνωόμενος
947 2458 1006 2523 (vs.
1024 2455 1076 2523 95)
1104 2451 1301 2514 Callimacho
1321 2453 1482 2514 saltemin

213 2554 386 2615 homericis
424 2569 487 2614 non
518 2558 708 2631 suspectum
737 2556 857 2617 sumsit
890 2555 952 2616 sibi
975 2570 1017 2616 ex
1048 2554 1194 2629 Odyssea
1220 2554 1246 2614 ὃ.
1278 2555 1352 2617 106.
1387 2554 1481 2615 Etsi

213 2657 321 2732 ipsum
354 2656 596 2716 substantivum
632 2652 834 2740 άμνιακιὺς
868 2657 903 2716 in
932 2656 1074 2718 Homero
1108 2672 1172 2717 non
1203 2656 1291 2733 legit,
1323 2657 1482 2718 homerica

214 2761 325 2819 tamen
359 2759 492 2819 formari
522 2759 592 2820 iure
622 2759 758 2833 putabat
787 2761 907 2835 noster,
939 2759 994 2832 qui
1024 2759 1085 2819 hac
1115 2759 1313 2819 substantivi
1345 2758 1482 2820 verbalis

212 2861 317 2922 forma
351 2862 531 2923 delectatur
561 2861 612 2932 (ci.
627 2875 708 2935 pag.
732 2862 794 2931 95).
823 2861 944 2922 Verum
976 2860 1119 2922 etiamne
1149 2861 1348 2922 homericam
1377 2861 1479 2922 dictio·

213 2978 288 3023 nem
312 2963 430 3023 sectari
455 2962 592 3037 volebat,
617 2978 691 3023 cum
716 2957 909 3038 ὀφέισιμα
933 2961 1064 3037 scripsit
1087 2977 1134 3023 vs,
1159 2963 1226 3022 94?
1259 2961 1384 3023 Habuit
1406 2978 1482 3024 sane

214 3065 320 3139 ipsum
355 3065 553 3125 adiectivum
589 3065 624 3123 in
654 3063 795 3126 Homero
826 3064 1000 3124 minimam
1031 3065 1269 3140 auctoritatem,
1301 3079 1392 3141 nam,
1423 3064 1482 3125 etsi

214 3167 352 3227 occurrit
381 3167 414 3226 in
444 3165 543 3226 Iliade
575 3181 693 3226 nomen
724 3166 888 3241 proprium
909 3159 1067 3243 Ὀφέλνιος,
1089 3181 1193 3239 neque
1217 3161 1357 3243 ὀφέλιμος
1381 3182 1482 3242 neque

214 3264 360 3345 ὠφέλιμος
380 3269 533 3344 antiquae
554 3268 662 3343 opicae
682 3268 831 3329 dictionis
850 3269 911 3328 est.
936 3268 977 3327 Et
997 3283 1194 3343 quamquam
1214 3267 1365 3329 aeolismi
1387 3283 1481 3344 quem

214 3386 299 3431 nunc
322 3372 475 3447 sectatur,
499 3368 649 3445 exempla
669 3384 710 3429 ex
729 3370 798 3444 ipso
819 3369 960 3431 Homero
981 3371 1137 3431 adducere
1156 3372 1292 3447 poterat,
1313 3386 1378 3432 non
1391 3372 1481 3433 modo

214 3473 372 3533 aoristum
395 3469 506 3547 ἔνεισι,
529 3472 586 3532 sed
609 3473 710 3532 etiam
741 3471 937 3532 adiectivum
968 3470 1121 3549 μόρσιμος,
1144 3472 1200 3532 vix
1223 3474 1334 3533 tamen
1359 3476 1481 3534 certum

214 3575 294 3635 mihi
315 3574 440 3634 videtur
455 3574 653 3635 homericam
665 3573 790 3634 dicendi
802 3574 962 3634 rationem
975 3561 1028 3635 hic
1037 3574 1155 3635 sectari
1168 3573 1311 3635 voluisse
1324 3577 1479 3636 nostrum.

215 3676 253 3736 In
276 3675 460 3749 quotidiano
484 3691 609 3750 quoque
632 3691 782 3737 sermone
809 3676 967 3737 eiusmodi
991 3677 1114 3738 formae
1137 3677 1358 3753 occurrebant,
1382 3677 1480 3739 veluti

215 3775 426 3856 νιαράμμελσις;
446 3792 503 3837 eae
522 3777 660 3839 fortasse
680 3780 855 3838 suaserunt
873 3779 983 3838 nostro
1004 3781 1041 3838 ut
1059 3793 1115 3852 pro
1135 3778 1240 3839 forma
1257 3774 1392 3855 ὠφέλιμα
1404 3793 1481 3853 quae

215 3879 365 3941 obstabat
394 3880 509 3954 metro,
540 3880 695 3941 scriberet
726 3875 879 3955 ὀφὲισιμα,
905 3894 1004 3952 quam
1027 3879 1193 3941 licentiam
1216 3881 1338 3941 imitati
1361 3881 1479 3956 sequio

216 3996 270 4042 res
292 3995 417 4054 quoque
441 3976 598 4058 ὀφὲιιιμος
621 3983 871 4056 usurpaverunt.

262 4184 445 4259 Sequuntur
479 4185 552 4259 post
586 4185 646 4245 has
680 4183 839 4259 Apollinis
873 4183 986 4245 (larnai
1020 4184 1132 4246 laudes
1165 4185 1307 4247 laudatio
1343 4183 1482 4263 Delphici

216 4285 384 4362 Apollinis,
419 4301 519 4361 parva
553 4286 728 4347 admodum
759 4287 856 4360 atque
884 4286 989 4363 exilis,
1021 4289 1054 4347 et
1085 4288 1243 4362 peroratio
1266 4285 1334 4368 περὶ
1359 4286 1482 4348 Φθόνον

217 4390 396 4451 multorum
436 4390 634 4451 doctissimis
676 4390 947 4466 disputationibus
990 4391 1097 4464 magis
1132 4406 1231 4465 quam
1266 4406 1322 4466 pro
1358 4389 1482 4451 meritis

218 4492 388 4553 celebrata.
423 4492 543 4552 Harum
577 4493 688 4553 autern
723 4491 866 4566 partium
901 4491 1053 4552 ultimam
1084 4493 1248 4567 aliquanto
1284 4494 1359 4567 post
1389 4504 1484 4567 quam

220 4595 381 4669 hymnum
412 4594 648 4670 composuisset
682 4594 843 4655 adiectam
875 4608 947 4655 esse
978 4596 1114 4670 aposta
1136 4594 1277 4670 plerique
1300 4594 1396 4655 hodie
1419 4607 1483 4655 cen·
