<?xml version="1.0" encoding="UTF-8"?>
<!DOCTYPE html PUBLIC "-//W3C//DTD XHTML 1.0 Transitional//EN"
    "http://www.w3.org/TR/xhtml1/DTD/xhtml1-transitional.dtd">
<html xmlns="http://www.w3.org/1999/xhtml" xml:lang="en" lang="en">
 <head>
  <title>
</title>
<meta http-equiv="Content-Type" content="text/html;charset=utf-8" />
  <meta name='ocr-system' content='tesseract 3.04.00' />
  <meta name='ocr-capabilities' content='ocr_page ocr_carea ocr_par ocr_line ocrx_word'/>
</head>
<body>
  <div class='ocr_page' id='page_1' title='image "./studiacallimach01kuipgoog_0145.png"; bbox 0 0 3320 5432; ppageno 0'>
   <div class='ocr_carea' id='block_1_1' title="bbox 929 556 1592 618">
    <p class='ocr_par' dir='ltr' id='par_1_1' title="bbox 929 556 1592 618">
     <span class='ocr_line' id='line_1_1' title="bbox 929 556 1592 618; baseline 0 -2"><span class='ocrx_word' id='word_1_1' title='bbox 929 558 991 618; x_wconf 80' lang='lat'>132</span> <span class='ocrx_word' id='word_1_2' title='bbox 1385 556 1438 617; x_wconf 87' lang='lat' dir='ltr'>IV.</span> <span class='ocrx_word' id='word_1_3' title='bbox 1464 557 1592 618; x_wconf 77' lang='lat'><strong>87-98</strong></span> 
     </span>
    </p>
   </div>
   <div class='ocr_carea' id='block_1_2' title="bbox 280 738 1643 3878">
    <p class='ocr_par' dir='ltr' id='par_1_2' title="bbox 280 738 1593 920">
     <span class='ocr_line' id='line_1_2' title="bbox 280 738 1593 819; baseline -0.004 -11"><span class='ocrx_word' id='word_1_4' title='bbox 280 771 285 780; x_wconf 91' lang='lat'>·</span> <span class='ocrx_word' id='word_1_5' title='bbox 327 746 426 808; x_wconf 86' lang='lat' dir='ltr'>Recte</span> <span class='ocrx_word' id='word_1_6' title='bbox 461 748 571 807; x_wconf 88' lang='lat' dir='ltr'>autem</span> <span class='ocrx_word' id='word_1_7' title='bbox 606 741 654 804; x_wconf 76' lang='grc' dir='ltr'>ἔτι</span> <span class='ocrx_word' id='word_1_8' title='bbox 688 743 729 804; x_wconf 85' lang='lat' dir='ltr'>ao</span> <span class='ocrx_word' id='word_1_9' title='bbox 763 738 923 819; x_wconf 70' lang='grc' dir='ltr'><strong><em>ἀπειλήσας</em></strong></span> <span class='ocrx_word' id='word_1_10' title='bbox 957 741 1100 804; x_wconf 77' lang='lat' dir='ltr'>traxisse</span> <span class='ocrx_word' id='word_1_11' title='bbox 1134 742 1365 805; x_wconf 82' lang='lat' dir='ltr'>Schneidsrum</span> <span class='ocrx_word' id='word_1_12' title='bbox 1395 749 1503 818; x_wconf 78' lang='lat' dir='ltr'>(quem</span> <span class='ocrx_word' id='word_1_13' title='bbox 1532 759 1593 804; x_wconf 93' lang='lat' dir='ltr'>non</span> 
     </span>
     <span class='ocr_line' id='line_1_3' title="bbox 327 845 1091 920; baseline -0.003 -10"><span class='ocrx_word' id='word_1_14' title='bbox 327 850 460 910; x_wconf 89' lang='lat' dir='ltr'>secutus</span> <span class='ocrx_word' id='word_1_15' title='bbox 483 850 534 909; x_wconf 89' lang='lat' dir='ltr'>est</span> <span class='ocrx_word' id='word_1_16' title='bbox 557 846 797 917; x_wconf 82' lang='lat' dir='ltr'>Wilamowltr.)</span> <span class='ocrx_word' id='word_1_17' title='bbox 823 845 931 920; x_wconf 77' lang='lat' dir='ltr'>arguit</span> <span class='ocrx_word' id='word_1_18' title='bbox 952 847 990 906; x_wconf 89' lang='grc' dir='ltr'>Ν.</span> <span class='ocrx_word' id='word_1_19' title='bbox 1016 846 1091 908; x_wconf 83' lang='grc'>589.</span> 
     </span>
    </p>

    <p class='ocr_par' dir='ltr' id='par_1_3' title="bbox 322 945 1592 2352">
     <span class='ocr_line' id='line_1_4' title="bbox 370 945 1591 1024; baseline -0.002 -14"><span class='ocrx_word' id='word_1_20' title='bbox 370 950 416 1011; x_wconf 90' lang='lat' dir='ltr'>De</span> <span class='ocrx_word' id='word_1_21' title='bbox 440 965 518 1010; x_wconf 89' lang='lat' dir='ltr'>voce</span> <span class='ocrx_word' id='word_1_22' title='bbox 542 945 685 1008; x_wconf 77' lang='grc' dir='ltr'><strong><em>αὐτίκα</em></strong></span> <span class='ocrx_word' id='word_1_23' title='bbox 702 948 790 1024; x_wconf 55' lang='lat' dir='ltr'>(stul</span> <span class='ocrx_word' id='word_1_24' title='bbox 803 950 910 1024; x_wconf 83' lang='lat' dir='ltr'>postea</span> <span class='ocrx_word' id='word_1_25' title='bbox 932 948 1020 1018; x_wconf 59' lang='grc' dir='ltr'><strong><em>ταδ’)</em></strong></span> <span class='ocrx_word' id='word_1_26' title='bbox 1047 948 1231 1009; x_wconf 87' lang='lat' dir='ltr'>conferatur</span> <span class='ocrx_word' id='word_1_27' title='bbox 1253 963 1373 1022; x_wconf 77' lang='lat' dir='ltr'>quaeso</span> <span class='ocrx_word' id='word_1_28' title='bbox 1393 962 1464 1024; x_wconf 83' lang='lat' dir='ltr'>pag.</span> <span class='ocrx_word' id='word_1_29' title='bbox 1485 948 1539 1008; x_wconf 87' lang='grc'>99.</span> <span class='ocrx_word' id='word_1_30' title='bbox 1554 980 1591 990; x_wconf 91' lang='grc'>-</span> 
     </span>
     <span class='ocr_line' id='line_1_5' title="bbox 325 1047 1592 1130; baseline -0.002 -20"><span class='ocrx_word' id='word_1_31' title='bbox 325 1048 503 1130; x_wconf 72' lang='grc' dir='ltr'>ἐλέγχειν</span> <span class='ocrx_word' id='word_1_32' title='bbox 526 1047 760 1125; x_wconf 81' lang='lat' dir='ltr'>significatione</span> <span class='ocrx_word' id='word_1_33' title='bbox 783 1049 963 1124; x_wconf 88' lang='lat' dir='ltr'>inquirendi</span> <span class='ocrx_word' id='word_1_34' title='bbox 983 1065 1001 1110; x_wconf 90' lang='lat' dir='ltr'>e</span> <span class='ocrx_word' id='word_1_35' title='bbox 1024 1049 1189 1124; x_wconf 77' lang='lat' dir='ltr'><strong>tragoedia</strong></span> <span class='ocrx_word' id='word_1_36' title='bbox 1206 1052 1376 1125; x_wconf 91' lang='lat' dir='ltr'>sumptum</span> <span class='ocrx_word' id='word_1_37' title='bbox 1396 1050 1524 1110; x_wconf 86' lang='lat' dir='ltr'>videtur</span> <span class='ocrx_word' id='word_1_38' title='bbox 1544 1048 1592 1120; x_wconf 85' lang='lat' dir='ltr'>(ci.</span> 
     </span>
     <span class='ocr_line' id='line_1_6' title="bbox 323 1149 1592 1230; baseline -0.006 -16"><span class='ocrx_word' id='word_1_39' title='bbox 323 1154 440 1214; x_wconf 81' lang='lat' dir='ltr'>Aeseh.</span> <span class='ocrx_word' id='word_1_40' title='bbox 476 1152 591 1228; x_wconf 81' lang='lat' dir='ltr'>Apum.</span> <span class='ocrx_word' id='word_1_41' title='bbox 629 1153 735 1227; x_wconf 76' lang='lat'><strong>1351),</strong></span> <span class='ocrx_word' id='word_1_42' title='bbox 768 1151 929 1225; x_wconf 83' lang='lat' dir='ltr'>Aeschylo</span> <span class='ocrx_word' id='word_1_43' title='bbox 960 1151 1080 1212; x_wconf 88' lang='lat' dir='ltr'>saltem</span> <span class='ocrx_word' id='word_1_44' title='bbox 1107 1152 1242 1214; x_wconf 88' lang='lat' dir='ltr'>debetur</span> <span class='ocrx_word' id='word_1_45' title='bbox 1268 1151 1348 1213; x_wconf 85' lang='lat' dir='ltr'>illud</span> <span class='ocrx_word' id='word_1_46' title='bbox 1373 1149 1592 1230; x_wconf 80' lang='grc' dir='ltr'><strong><em>τοριότερον</em></strong></span> 
     </span>
     <span class='ocr_line' id='line_1_7' title="bbox 324 1250 1590 1333; baseline -0.002 -19"><span class='ocrx_word' id='word_1_47' title='bbox 324 1270 371 1317; x_wconf 77' lang='grc' dir='ltr'><strong><em>τι.</em></strong></span> <span class='ocrx_word' id='word_1_48' title='bbox 397 1257 449 1332; x_wconf 83' lang='lat'>94,</span> <span class='ocrx_word' id='word_1_49' title='bbox 481 1270 557 1316; x_wconf 89' lang='lat' dir='ltr'>nem</span> <span class='ocrx_word' id='word_1_50' title='bbox 588 1252 672 1333; x_wconf 80' lang='grc' dir='ltr'><strong><em>τορὸς</em></strong></span> <span class='ocrx_word' id='word_1_51' title='bbox 707 1257 817 1330; x_wconf 77' lang='grc' dir='ltr'><strong><em>μῦθος,</em></strong></span> <span class='ocrx_word' id='word_1_52' title='bbox 851 1250 939 1331; x_wconf 79' lang='grc' dir='ltr'><strong><em>τορὸν</em></strong></span> <span class='ocrx_word' id='word_1_53' title='bbox 970 1251 1040 1325; x_wconf 79' lang='grc' dir='ltr'><strong><em>ἔτεος</em></strong></span> <span class='ocrx_word' id='word_1_54' title='bbox 1071 1254 1277 1329; x_wconf 81' lang='lat' dir='ltr'>frequentate</span> <span class='ocrx_word' id='word_1_55' title='bbox 1307 1252 1468 1327; x_wconf 78' lang='lat' dir='ltr'><strong>Aeschylo</strong></span> <span class='ocrx_word' id='word_1_56' title='bbox 1499 1255 1590 1326; x_wconf 88' lang='lat' dir='ltr'>sunt;</span> 
     </span>
     <span class='ocr_line' id='line_1_8' title="bbox 323 1351 1592 1436; baseline -0.004 -18"><span class='ocrx_word' id='word_1_57' title='bbox 323 1358 358 1418; x_wconf 83' lang='lat' dir='ltr'>ot</span> <span class='ocrx_word' id='word_1_58' title='bbox 382 1351 775 1436; x_wconf 74' lang='grc' dir='ltr'><strong><em>τριποδήιος...ἕδρη</em></strong></span> <span class='ocrx_word' id='word_1_59' title='bbox 808 1370 905 1417; x_wconf 82' lang='lat' dir='ltr'>sensu</span> <span class='ocrx_word' id='word_1_60' title='bbox 933 1362 986 1416; x_wconf 84' lang='grc' dir='ltr'><strong><em>τοῦ</em></strong></span> <span class='ocrx_word' id='word_1_61' title='bbox 1009 1355 1143 1428; x_wconf 77' lang='grc' dir='ltr'><strong><em>καθίζειν</em></strong></span> <span class='ocrx_word' id='word_1_62' title='bbox 1166 1352 1214 1416; x_wconf 76' lang='grc' dir='ltr'><strong><em>ἐστὶ</em></strong></span> <span class='ocrx_word' id='word_1_63' title='bbox 1236 1362 1289 1416; x_wconf 84' lang='grc' dir='ltr'><strong><em>τοῦ</em></strong></span> <span class='ocrx_word' id='word_1_64' title='bbox 1312 1353 1451 1434; x_wconf 79' lang='grc' dir='ltr'><strong><em>τρίποδος</em></strong></span> <span class='ocrx_word' id='word_1_65' title='bbox 1473 1355 1592 1429; x_wconf 77' lang='lat' dir='ltr'>tragice</span> 
     </span>
     <span class='ocr_line' id='line_1_9' title="bbox 322 1451 1591 1536; baseline -0.003 -17"><span class='ocrx_word' id='word_1_66' title='bbox 322 1459 446 1520; x_wconf 87' lang='lat' dir='ltr'>dictum</span> <span class='ocrx_word' id='word_1_67' title='bbox 479 1460 538 1520; x_wconf 90' lang='lat' dir='ltr'>est.</span> <span class='ocrx_word' id='word_1_68' title='bbox 570 1459 617 1520; x_wconf 89' lang='lat' dir='ltr'>De</span> <span class='ocrx_word' id='word_1_69' title='bbox 648 1473 710 1520; x_wconf 90' lang='lat' dir='ltr'>usu</span> <span class='ocrx_word' id='word_1_70' title='bbox 741 1457 892 1520; x_wconf 84' lang='lat' dir='ltr'>adiectivi</span> <span class='ocrx_word' id='word_1_71' title='bbox 925 1455 1042 1536; x_wconf 80' lang='grc' dir='ltr'><strong><em>ταχινός</em></strong></span> <span class='ocrx_word' id='word_1_72' title='bbox 1075 1457 1217 1520; x_wconf 87' lang='lat' dir='ltr'>vidimus</span> <span class='ocrx_word' id='word_1_73' title='bbox 1248 1473 1319 1533; x_wconf 81' lang='lat' dir='ltr'>pag.</span> <span class='ocrx_word' id='word_1_74' title='bbox 1349 1459 1390 1518; x_wconf 86' lang='grc'>98</span> <span class='ocrx_word' id='word_1_75' title='bbox 1416 1451 1447 1528; x_wconf 88' lang='lat'>¹).</span> <span class='ocrx_word' id='word_1_76' title='bbox 1491 1457 1591 1518; x_wconf 85' lang='lat' dir='ltr'>Versu</span> 
     </span>
     <span class='ocr_line' id='line_1_10' title="bbox 323 1558 1591 1634; baseline -0.005 -12"><span class='ocrx_word' id='word_1_77' title='bbox 323 1561 436 1622; x_wconf 87' lang='lat' dir='ltr'>eodem</span> <span class='ocrx_word' id='word_1_78' title='bbox 471 1575 669 1634; x_wconf 86' lang='lat' dir='ltr'>quamquam</span> <span class='ocrx_word' id='word_1_79' title='bbox 704 1560 817 1620; x_wconf 86' lang='lat' dir='ltr'>haeret</span> <span class='ocrx_word' id='word_1_80' title='bbox 855 1559 888 1620; x_wconf 92' lang='lat' dir='ltr'>ln</span> <span class='ocrx_word' id='word_1_81' title='bbox 922 1561 1036 1634; x_wconf 86' lang='lat' dir='ltr'>poetae</span> <span class='ocrx_word' id='word_1_82' title='bbox 1071 1560 1230 1621; x_wconf 85' lang='lat' dir='ltr'>memoris</span> <span class='ocrx_word' id='word_1_83' title='bbox 1263 1573 1379 1620; x_wconf 86' lang='lat' dir='ltr'>versus</span> <span class='ocrx_word' id='word_1_84' title='bbox 1409 1558 1591 1620; x_wconf 88' lang='lat' dir='ltr'>homericus</span> 
     </span>
     <span class='ocr_line' id='line_1_11' title="bbox 325 1655 1590 1740; baseline -0.002 -18"><span class='ocrx_word' id='word_1_85' title='bbox 325 1665 363 1723; x_wconf 85' lang='grc' dir='ltr'>Κ.</span> <span class='ocrx_word' id='word_1_86' title='bbox 381 1664 445 1724; x_wconf 75' lang='lat' dir='ltr'>olo</span> <span class='ocrx_word' id='word_1_87' title='bbox 469 1657 522 1740; x_wconf 49' lang='grc' dir='ltr'>»ἠὲ</span> <span class='ocrx_word' id='word_1_88' title='bbox 544 1655 603 1739; x_wconf 68' lang='grc' dir='ltr'><strong><em>μέν’</em></strong></span> <span class='ocrx_word' id='word_1_89' title='bbox 626 1657 661 1740; x_wconf 76' lang='grc' dir='ltr'>ἠέ</span> <span class='ocrx_word' id='word_1_90' title='bbox 679 1677 711 1721; x_wconf 88' lang='grc' dir='ltr'>σε</span> <span class='ocrx_word' id='word_1_91' title='bbox 731 1657 817 1739; x_wconf 71' lang='grc' dir='ltr'><strong><em>δουρὶ</em></strong></span> <span class='ocrx_word' id='word_1_92' title='bbox 839 1659 1028 1740; x_wconf 80' lang='grc' dir='ltr'><strong><em>ιιιχήσομαι”,</em></strong></span> <span class='ocrx_word' id='word_1_93' title='bbox 1052 1661 1249 1736; x_wconf 76' lang='lat' dir='ltr'>tragicorum</span> <span class='ocrx_word' id='word_1_94' title='bbox 1273 1663 1385 1722; x_wconf 89' lang='lat' dir='ltr'>tamen</span> <span class='ocrx_word' id='word_1_95' title='bbox 1407 1675 1590 1721; x_wconf 86' lang='lat' dir='ltr'>sermonem</span> 
     </span>
     <span class='ocr_line' id='line_1_12' title="bbox 323 1760 1591 1839; baseline -0.003 -14"><span class='ocrx_word' id='word_1_96' title='bbox 323 1763 465 1837; x_wconf 89' lang='lat' dir='ltr'>loquitur</span> <span class='ocrx_word' id='word_1_97' title='bbox 488 1763 522 1824; x_wconf 92' lang='lat' dir='ltr'>in</span> <span class='ocrx_word' id='word_1_98' title='bbox 547 1763 704 1824; x_wconf 79' lang='lat' dir='ltr'>extremis</span> <span class='ocrx_word' id='word_1_99' title='bbox 728 1762 834 1823; x_wconf 82' lang='lat' dir='ltr'>verbis</span> <span class='ocrx_word' id='word_1_100' title='bbox 857 1760 973 1834; x_wconf 85' lang='grc' dir='ltr'><strong><em>τόξον</em></strong></span> <span class='ocrx_word' id='word_1_101' title='bbox 995 1761 1035 1823; x_wconf 81' lang='lat' dir='ltr'>tle</span> <span class='ocrx_word' id='word_1_102' title='bbox 1056 1763 1175 1838; x_wconf 67' lang='lat' dir='ltr'>swina</span> <span class='ocrx_word' id='word_1_103' title='bbox 1201 1762 1372 1839; x_wconf 86' lang='lat' dir='ltr'>accipiens,</span> <span class='ocrx_word' id='word_1_104' title='bbox 1395 1761 1481 1836; x_wconf 85' lang='lat' dir='ltr'>quod</span> <span class='ocrx_word' id='word_1_105' title='bbox 1503 1775 1591 1822; x_wconf 91' lang='lat' dir='ltr'>num·</span> 
     </span>
     <span class='ocr_line' id='line_1_13' title="bbox 322 1863 1590 1940; baseline -0.003 -14"><span class='ocrx_word' id='word_1_106' title='bbox 322 1880 421 1940; x_wconf 89' lang='lat' dir='ltr'>quam</span> <span class='ocrx_word' id='word_1_107' title='bbox 441 1865 563 1926; x_wconf 83' lang='lat' dir='ltr'>iecerat</span> <span class='ocrx_word' id='word_1_108' title='bbox 582 1865 754 1936; x_wconf 85' lang='lat' dir='ltr'><strong>Homerus,</strong></span> <span class='ocrx_word' id='word_1_109' title='bbox 774 1864 860 1925; x_wconf 84' lang='lat' dir='ltr'>haud</span> <span class='ocrx_word' id='word_1_110' title='bbox 881 1879 953 1925; x_wconf 87' lang='lat' dir='ltr'>raro</span> <span class='ocrx_word' id='word_1_111' title='bbox 966 1865 1090 1940; x_wconf 79' lang='lat' dir='ltr'>tragici,</span> <span class='ocrx_word' id='word_1_112' title='bbox 1104 1878 1314 1940; x_wconf 85' lang='lat' dir='ltr'>quamquam,</span> <span class='ocrx_word' id='word_1_113' title='bbox 1327 1865 1414 1925; x_wconf 90' lang='lat' dir='ltr'>sicut</span> <span class='ocrx_word' id='word_1_114' title='bbox 1424 1863 1590 1938; x_wconf 77' lang='lat' dir='ltr'>Euripides</span> 
     </span>
     <span class='ocr_line' id='line_1_14' title="bbox 322 1955 1591 2046; baseline -0.004 -18"><span class='ocrx_word' id='word_1_115' title='bbox 322 1967 355 2028; x_wconf 92' lang='lat' dir='ltr'>ln</span> <span class='ocrx_word' id='word_1_116' title='bbox 378 1966 452 2028; x_wconf 84' lang='lat' dir='ltr'>Ione</span> <span class='ocrx_word' id='word_1_117' title='bbox 474 1983 522 2028; x_wconf 90' lang='lat' dir='ltr'>vs.</span> <span class='ocrx_word' id='word_1_118' title='bbox 549 1968 611 2029; x_wconf 84' lang='grc'>159</span> <span class='ocrx_word' id='word_1_119' title='bbox 639 1965 767 2045; x_wconf 50' lang='grc' dir='ltr'><strong><em>»μόραιν</em></strong></span> <span class='ocrx_word' id='word_1_120' title='bbox 791 1959 815 2025; x_wconf 87' lang='grc' dir='ltr'>α’</span> <span class='ocrx_word' id='word_1_121' title='bbox 830 1955 869 2026; x_wconf 80' lang='grc' dir='ltr'>αὖ</span> <span class='ocrx_word' id='word_1_122' title='bbox 892 1963 987 2038; x_wconf 80' lang='grc' dir='ltr'><strong><em>τόξοις</em></strong></span> <span class='ocrx_word' id='word_1_123' title='bbox 1008 1957 1031 2025; x_wconf 83' lang='grc' dir='ltr'><strong><em>ό</em></strong></span> <span class='ocrx_word' id='word_1_124' title='bbox 1051 1964 1149 2044; x_wconf 81' lang='grc' dir='ltr'><strong><em>Ζηνὸς</em></strong></span> <span class='ocrx_word' id='word_1_125' title='bbox 1169 1965 1294 2046; x_wconf 78' lang='grc' dir='ltr'><strong><em>τήρνξ”,</em></strong></span> <span class='ocrx_word' id='word_1_126' title='bbox 1319 1965 1434 2042; x_wconf 86' lang='lat' dir='ltr'>plurali</span> <span class='ocrx_word' id='word_1_127' title='bbox 1457 1977 1591 2026; x_wconf 89' lang='lat' dir='ltr'>numero</span> 
     </span>
     <span class='ocr_line' id='line_1_15' title="bbox 322 2061 1590 2143; baseline -0.005 -14"><span class='ocrx_word' id='word_1_128' title='bbox 322 2069 428 2130; x_wconf 82' lang='lat' dir='ltr'>solent</span> <span class='ocrx_word' id='word_1_129' title='bbox 447 2069 495 2131; x_wconf 90' lang='lat' dir='ltr'>uti</span> <span class='ocrx_word' id='word_1_130' title='bbox 513 2069 662 2142; x_wconf 89' lang='lat' dir='ltr'>quotiens</span> <span class='ocrx_word' id='word_1_131' title='bbox 681 2083 756 2131; x_wconf 92' lang='lat' dir='ltr'>cum</span> <span class='ocrx_word' id='word_1_132' title='bbox 776 2068 907 2142; x_wconf 77' lang='lat' dir='ltr'><strong>sagittis</strong></span> <span class='ocrx_word' id='word_1_133' title='bbox 927 2068 996 2143; x_wconf 88' lang='lat' dir='ltr'>lpse</span> <span class='ocrx_word' id='word_1_134' title='bbox 1008 2083 1104 2129; x_wconf 84' lang='lat' dir='ltr'>arcus</span> <span class='ocrx_word' id='word_1_135' title='bbox 1114 2067 1313 2143; x_wconf 78' lang='lat' dir='ltr'>intellegitur</span> <span class='ocrx_word' id='word_1_136' title='bbox 1327 2061 1365 2143; x_wconf 79' lang='lat'>²);</span> <span class='ocrx_word' id='word_1_137' title='bbox 1378 2066 1436 2128; x_wconf 89' lang='lat' dir='ltr'>sed</span> <span class='ocrx_word' id='word_1_138' title='bbox 1454 2067 1590 2126; x_wconf 73' lang='grc' dir='ltr'><strong><em>λούειν</em></strong></span> 
     </span>
     <span class='ocr_line' id='line_1_16' title="bbox 323 2167 1589 2248; baseline 0.001 -20"><span class='ocrx_word' id='word_1_139' title='bbox 323 2169 458 2248; x_wconf 75' lang='grc' dir='ltr'><strong><em>αἵματι</em></strong></span> <span class='ocrx_word' id='word_1_140' title='bbox 481 2170 592 2243; x_wconf 80' lang='grc' dir='ltr'><strong><em>τόξον</em></strong></span> <span class='ocrx_word' id='word_1_141' title='bbox 616 2170 704 2232; x_wconf 88' lang='lat' dir='ltr'>solas</span> <span class='ocrx_word' id='word_1_142' title='bbox 728 2170 866 2244; x_wconf 80' lang='lat' dir='ltr'>sagittas</span> <span class='ocrx_word' id='word_1_143' title='bbox 890 2171 1026 2247; x_wconf 86' lang='lat' dir='ltr'>spectat,</span> <span class='ocrx_word' id='word_1_144' title='bbox 1051 2169 1137 2231; x_wconf 75' lang='lat' dir='ltr'>siem</span> <span class='ocrx_word' id='word_1_145' title='bbox 1159 2169 1341 2230; x_wconf 84' lang='lat' dir='ltr'>Simonides</span> <span class='ocrx_word' id='word_1_146' title='bbox 1361 2169 1409 2240; x_wconf 83' lang='lat' dir='ltr'>(ir.</span> <span class='ocrx_word' id='word_1_147' title='bbox 1425 2169 1489 2229; x_wconf 88' lang='grc'><strong>106</strong></span> <span class='ocrx_word' id='word_1_148' title='bbox 1502 2167 1589 2243; x_wconf 72' lang='lat' dir='ltr'>Belo.)</span> 
     </span>
     <span class='ocr_line' id='line_1_17' title="bbox 322 2263 1014 2352; baseline 0 -20"><span class='ocrx_word' id='word_1_149' title='bbox 322 2271 406 2332; x_wconf 86' lang='lat' dir='ltr'>dixit</span> <span class='ocrx_word' id='word_1_150' title='bbox 426 2270 643 2352; x_wconf 79' lang='grc' dir='ltr'><strong><em>τανυγλώχινας</em></strong></span> <span class='ocrx_word' id='word_1_151' title='bbox 666 2268 823 2344; x_wconf 85' lang='grc' dir='ltr'><strong><em>ὀιστοὺς</em></strong></span> <span class='ocrx_word' id='word_1_152' title='bbox 850 2274 957 2332; x_wconf 77' lang='grc' dir='ltr'><strong><em>λοῦσεν</em></strong></span> <span class='ocrx_word' id='word_1_153' title='bbox 982 2263 1014 2343; x_wconf 71' lang='grc'>’).</span> 
     </span>
    </p>

    <p class='ocr_par' dir='ltr' id='par_1_4' title="bbox 321 2373 1643 3165">
     <span class='ocr_line' id='line_1_18' title="bbox 367 2373 1588 2448; baseline 0 -14"><span class='ocrx_word' id='word_1_154' title='bbox 367 2374 469 2436; x_wconf 77' lang='lat' dir='ltr'>Mixto</span> <span class='ocrx_word' id='word_1_155' title='bbox 502 2377 581 2436; x_wconf 89' lang='lat' dir='ltr'>sunt</span> <span class='ocrx_word' id='word_1_156' title='bbox 610 2377 724 2437; x_wconf 86' lang='lat' dir='ltr'>eodem</span> <span class='ocrx_word' id='word_1_157' title='bbox 747 2373 842 2436; x_wconf 88' lang='lat' dir='ltr'>modo</span> <span class='ocrx_word' id='word_1_158' title='bbox 865 2374 988 2448; x_wconf 78' lang='lat' dir='ltr'>tragica</span> <span class='ocrx_word' id='word_1_159' title='bbox 1011 2387 1086 2434; x_wconf 90' lang='lat' dir='ltr'>cnm</span> <span class='ocrx_word' id='word_1_160' title='bbox 1113 2373 1287 2434; x_wconf 86' lang='lat' dir='ltr'>homericis</span> <span class='ocrx_word' id='word_1_161' title='bbox 1310 2387 1407 2434; x_wconf 87' lang='lat' dir='ltr'>versu</span> <span class='ocrx_word' id='word_1_162' title='bbox 1431 2374 1484 2434; x_wconf 87' lang='grc'>96.</span> <span class='ocrx_word' id='word_1_163' title='bbox 1509 2373 1588 2434; x_wconf 83' lang='lat' dir='ltr'>Nem</span> 
     </span>
     <span class='ocr_line' id='line_1_19' title="bbox 323 2468 1589 2555; baseline -0.001 -18"><span class='ocrx_word' id='word_1_164' title='bbox 323 2491 520 2550; x_wconf 85' lang='lat' dir='ltr'>quamquam</span> <span class='ocrx_word' id='word_1_165' title='bbox 551 2481 687 2555; x_wconf 77' lang='grc' dir='ltr'><strong><em>λαχεῖν</em></strong></span> <span class='ocrx_word' id='word_1_166' title='bbox 718 2491 782 2539; x_wconf 92' lang='lat' dir='ltr'>non</span> <span class='ocrx_word' id='word_1_167' title='bbox 811 2491 943 2552; x_wconf 86' lang='lat' dir='ltr'>prorsus</span> <span class='ocrx_word' id='word_1_168' title='bbox 974 2475 1111 2538; x_wconf 85' lang='lat' dir='ltr'>eandem</span> <span class='ocrx_word' id='word_1_169' title='bbox 1142 2475 1210 2536; x_wconf 84' lang='lat' dir='ltr'>vim</span> <span class='ocrx_word' id='word_1_170' title='bbox 1233 2475 1356 2536; x_wconf 88' lang='lat' dir='ltr'>obtinet</span> <span class='ocrx_word' id='word_1_171' title='bbox 1382 2475 1416 2536; x_wconf 93' lang='lat' dir='ltr'>in</span> <span class='ocrx_word' id='word_1_172' title='bbox 1445 2476 1546 2550; x_wconf 87' lang='lat' dir='ltr'>epicis</span> <span class='ocrx_word' id='word_1_173' title='bbox 1568 2468 1589 2544; x_wconf 87' lang='lat'>⁴)</span> 
     </span>
     <span class='ocr_line' id='line_1_20' title="bbox 322 2574 1587 2656; baseline -0.002 -17"><span class='ocrx_word' id='word_1_174' title='bbox 322 2592 421 2651; x_wconf 84' lang='lat' dir='ltr'>quern</span> <span class='ocrx_word' id='word_1_175' title='bbox 444 2578 541 2641; x_wconf 89' lang='lat' dir='ltr'>hebet</span> <span class='ocrx_word' id='word_1_176' title='bbox 567 2580 677 2640; x_wconf 91' lang='lat' dir='ltr'>nostro</span> <span class='ocrx_word' id='word_1_177' title='bbox 699 2576 780 2656; x_wconf 88' lang='lat' dir='ltr'>loco,</span> <span class='ocrx_word' id='word_1_178' title='bbox 807 2578 944 2640; x_wconf 86' lang='lat' dir='ltr'>conferri</span> <span class='ocrx_word' id='word_1_179' title='bbox 966 2579 1079 2640; x_wconf 84' lang='lat' dir='ltr'>tamen</span> <span class='ocrx_word' id='word_1_180' title='bbox 1101 2578 1220 2653; x_wconf 87' lang='lat' dir='ltr'>poterit</span> <span class='ocrx_word' id='word_1_181' title='bbox 1247 2581 1286 2637; x_wconf 81' lang='grc' dir='ltr'>Ψ.</span> <span class='ocrx_word' id='word_1_182' title='bbox 1312 2579 1352 2640; x_wconf 82' lang='grc'>79</span> <span class='ocrx_word' id='word_1_183' title='bbox 1376 2574 1450 2655; x_wconf 70' lang='grc' dir='ltr'><strong><em>τδρ.</em></strong></span> <span class='ocrx_word' id='word_1_184' title='bbox 1465 2623 1493 2637; x_wconf 93' lang='grc'>..</span> <span class='ocrx_word' id='word_1_185' title='bbox 1518 2576 1587 2655; x_wconf 76' lang='grc' dir='ltr'><strong><em>ἤπερ</em></strong></span> 
     </span>
     <span class='ocr_line' id='line_1_21' title="bbox 321 2675 1643 2760; baseline 0.003 -24"><span class='ocrx_word' id='word_1_186' title='bbox 321 2676 389 2756; x_wconf 78' lang='grc' dir='ltr'><strong><em>λάχε</em></strong></span> <span class='ocrx_word' id='word_1_187' title='bbox 419 2676 595 2758; x_wconf 82' lang='grc' dir='ltr'><strong><em>γιγνόμενόν</em></strong></span> <span class='ocrx_word' id='word_1_188' title='bbox 617 2700 682 2760; x_wconf 79' lang='grc' dir='ltr'><strong><em>περ,</em></strong></span> <span class='ocrx_word' id='word_1_189' title='bbox 706 2682 739 2742; x_wconf 82' lang='lat' dir='ltr'>et</span> <span class='ocrx_word' id='word_1_190' title='bbox 777 2677 1095 2760; x_wconf 74' lang='lat' dir='ltr'>„cccoytoioooco</span> <span class='ocrx_word' id='word_1_191' title='bbox 1117 2677 1333 2758; x_wconf 82' lang='grc' dir='ltr'><strong><em>γνναιιιδς”</em></strong></span> <span class='ocrx_word' id='word_1_192' title='bbox 1357 2695 1436 2742; x_wconf 87' lang='lat' dir='ltr'>sono</span> <span class='ocrx_word' id='word_1_193' title='bbox 1459 2683 1588 2743; x_wconf 81' lang='lat' dir='ltr'>revocat</span> <span class='ocrx_word' id='word_1_194' title='bbox 1642 2675 1643 2703; x_wconf 62' lang='lat'>¹</span> 
     </span>
     <span class='ocr_line' id='line_1_22' title="bbox 321 2765 1642 2860; baseline 0.004 -21"><span class='ocrx_word' id='word_1_195' title='bbox 321 2783 346 2840; x_wconf 75' lang='lat' dir='ltr'>t.</span> <span class='ocrx_word' id='word_1_196' title='bbox 379 2781 443 2841; x_wconf 76' lang='lat'>384</span> <span class='ocrx_word' id='word_1_197' title='bbox 474 2788 567 2858; x_wconf 81' lang='grc' dir='ltr'><strong><em>ιιαιιῆς</em></strong></span> <span class='ocrx_word' id='word_1_198' title='bbox 599 2779 690 2860; x_wconf 79' lang='grc' dir='ltr'><strong><em>ἰότητι</em></strong></span> <span class='ocrx_word' id='word_1_199' title='bbox 719 2779 871 2860; x_wconf 79' lang='grc' dir='ltr'><strong><em>γυναικός.</em></strong></span> <span class='ocrx_word' id='word_1_200' title='bbox 907 2780 1024 2843; x_wconf 78' lang='lat' dir='ltr'>Contra</span> <span class='ocrx_word' id='word_1_201' title='bbox 1056 2796 1121 2843; x_wconf 81' lang='lat' dir='ltr'>vox</span> <span class='ocrx_word' id='word_1_202' title='bbox 1154 2779 1359 2860; x_wconf 74' lang='grc' dir='ltr'><strong><em>κακόγλωσσος</em></strong></span> <span class='ocrx_word' id='word_1_203' title='bbox 1390 2783 1586 2856; x_wconf 74' lang='lat' dir='ltr'>negoefflem</span> <span class='ocrx_word' id='word_1_204' title='bbox 1641 2765 1642 2793; x_wconf 45' lang='lat'>¹</span> 
     </span>
     <span class='ocr_line' id='line_1_23' title="bbox 321 2881 1587 2962; baseline 0.001 -21"><span class='ocrx_word' id='word_1_205' title='bbox 321 2883 425 2957; x_wconf 88' lang='lat' dir='ltr'>sonet,</span> <span class='ocrx_word' id='word_1_206' title='bbox 457 2882 654 2956; x_wconf 76' lang='lat' dir='ltr'>tragicorum</span> <span class='ocrx_word' id='word_1_207' title='bbox 677 2883 765 2944; x_wconf 89' lang='lat' dir='ltr'>enim</span> <span class='ocrx_word' id='word_1_208' title='bbox 787 2885 866 2944; x_wconf 89' lang='lat' dir='ltr'>sunt</span> <span class='ocrx_word' id='word_1_209' title='bbox 895 2881 1055 2944; x_wconf 89' lang='lat' dir='ltr'>eiusmodi</span> <span class='ocrx_word' id='word_1_210' title='bbox 1086 2882 1266 2958; x_wconf 85' lang='lat' dir='ltr'>composita</span> <span class='ocrx_word' id='word_1_211' title='bbox 1290 2882 1398 2956; x_wconf 86' lang='lat' dir='ltr'>quelle</span> <span class='ocrx_word' id='word_1_212' title='bbox 1421 2883 1587 2962; x_wconf 77' lang='grc' dir='ltr'><strong><em>τανόθροος</em></strong></span> 
     </span>
     <span class='ocr_line' id='line_1_24' title="bbox 322 2981 1639 3066; baseline 0 -22"><span class='ocrx_word' id='word_1_213' title='bbox 322 2983 416 3059; x_wconf 82' lang='lat' dir='ltr'>Soph.</span> <span class='ocrx_word' id='word_1_214' title='bbox 445 2983 495 3044; x_wconf 73' lang='lat' dir='ltr'>Aa.</span> <span class='ocrx_word' id='word_1_215' title='bbox 526 2984 599 3061; x_wconf 84' lang='grc'>198,</span> <span class='ocrx_word' id='word_1_216' title='bbox 623 2981 804 3061; x_wconf 80' lang='grc' dir='ltr'><strong><em>ναιόστσμος</em></strong></span> <span class='ocrx_word' id='word_1_217' title='bbox 832 2983 907 3046; x_wconf 79' lang='lat' dir='ltr'>Eur.</span> <span class='ocrx_word' id='word_1_218' title='bbox 938 2983 1006 3059; x_wconf 76' lang='lat' dir='ltr'>ipa.</span> <span class='ocrx_word' id='word_1_219' title='bbox 1032 2983 1103 3045; x_wconf 81' lang='lat' dir='ltr'>Aul.</span> <span class='ocrx_word' id='word_1_220' title='bbox 1131 2984 1232 3060; x_wconf 85' lang='lat'>1001;</span> <span class='ocrx_word' id='word_1_221' title='bbox 1253 2985 1363 3058; x_wconf 84' lang='lat' dir='ltr'>ipsum</span> <span class='ocrx_word' id='word_1_222' title='bbox 1385 2985 1587 3066; x_wconf 76' lang='grc' dir='ltr'><strong><em>τανόγλωσοος</em></strong></span> <span class='ocrx_word' id='word_1_223' title='bbox 1638 3063 1639 3066; x_wconf 9' lang='lat'>¹</span> 
     </span>
     <span class='ocr_line' id='line_1_25' title="bbox 321 3083 1035 3165; baseline -0.001 -20"><span class='ocrx_word' id='word_1_224' title='bbox 321 3086 478 3160; x_wconf 89' lang='lat' dir='ltr'>reperitur</span> <span class='ocrx_word' id='word_1_225' title='bbox 500 3083 606 3146; x_wconf 76' lang='lat' dir='ltr'>Helen.</span> <span class='ocrx_word' id='word_1_226' title='bbox 631 3087 692 3147; x_wconf 87' lang='grc'><strong>661</strong></span> <span class='ocrx_word' id='word_1_227' title='bbox 720 3083 935 3165; x_wconf 78' lang='grc' dir='ltr'><strong><em>(νατόγλασσος</em></strong></span> <span class='ocrx_word' id='word_1_228' title='bbox 958 3084 1035 3164; x_wconf 77' lang='grc' dir='ltr'><strong><em>βοή).</em></strong></span> 
     </span>
    </p>

    <p class='ocr_par' dir='ltr' id='par_1_5' title="bbox 320 3177 1637 3670">
     <span class='ocr_line' id='line_1_26' title="bbox 364 3177 1637 3265; baseline 0.005 -19"><span class='ocrx_word' id='word_1_229' title='bbox 364 3186 420 3247; x_wconf 84' lang='lat' dir='ltr'>Vs.</span> <span class='ocrx_word' id='word_1_230' title='bbox 445 3186 488 3246; x_wconf 83' lang='lat'>98</span> <span class='ocrx_word' id='word_1_231' title='bbox 516 3188 636 3248; x_wconf 90' lang='lat' dir='ltr'>iterum</span> <span class='ocrx_word' id='word_1_232' title='bbox 666 3187 771 3248; x_wconf 85' lang='lat' dir='ltr'>forma</span> <span class='ocrx_word' id='word_1_233' title='bbox 801 3177 901 3248; x_wconf 86' lang='lat' dir='ltr'>medii</span> <span class='ocrx_word' id='word_1_234' title='bbox 930 3186 1045 3264; x_wconf 78' lang='grc' dir='ltr'><strong><em>μελαί</em></strong></span> <span class='ocrx_word' id='word_1_235' title='bbox 1051 3210 1126 3265; x_wconf 83' lang='grc' dir='ltr'><strong><em>μην</em></strong></span> <span class='ocrx_word' id='word_1_236' title='bbox 1157 3186 1279 3263; x_wconf 79' lang='lat' dir='ltr'>placuit</span> <span class='ocrx_word' id='word_1_237' title='bbox 1310 3190 1424 3262; x_wconf 84' lang='lat' dir='ltr'>poetae</span> <span class='ocrx_word' id='word_1_238' title='bbox 1456 3189 1508 3259; x_wconf 78' lang='lat' dir='ltr'>(de</span> <span class='ocrx_word' id='word_1_239' title='bbox 1531 3203 1588 3261; x_wconf 86' lang='lat' dir='ltr'>qno</span> <span class='ocrx_word' id='word_1_240' title='bbox 1636 3241 1637 3253; x_wconf 67' lang='grc'>,</span> 
     </span>
     <span class='ocr_line' id='line_1_27' title="bbox 323 3287 1636 3365; baseline -0.002 -18"><span class='ocrx_word' id='word_1_241' title='bbox 323 3288 418 3348; x_wconf 89' lang='lat' dir='ltr'>verbo</span> <span class='ocrx_word' id='word_1_242' title='bbox 438 3288 586 3349; x_wconf 86' lang='lat' dir='ltr'>videatur</span> <span class='ocrx_word' id='word_1_243' title='bbox 608 3303 679 3364; x_wconf 79' lang='lat' dir='ltr'>pag.</span> <span class='ocrx_word' id='word_1_244' title='bbox 698 3291 762 3360; x_wconf 84' lang='lat'><strong>46).</strong></span> <span class='ocrx_word' id='word_1_245' title='bbox 783 3287 869 3348; x_wconf 85' lang='lat' dir='ltr'>Num</span> <span class='ocrx_word' id='word_1_246' title='bbox 890 3303 966 3350; x_wconf 88' lang='lat' dir='ltr'>vero</span> <span class='ocrx_word' id='word_1_247' title='bbox 988 3289 1059 3351; x_wconf 89' lang='lat' dir='ltr'>ideo</span> <span class='ocrx_word' id='word_1_248' title='bbox 1079 3289 1120 3349; x_wconf 89' lang='lat' dir='ltr'>ad</span> <span class='ocrx_word' id='word_1_249' title='bbox 1144 3289 1304 3364; x_wconf 74' lang='lat' dir='ltr'>tragicum</span> <span class='ocrx_word' id='word_1_250' title='bbox 1329 3289 1518 3365; x_wconf 88' lang='lat' dir='ltr'>exemplum</span> <span class='ocrx_word' id='word_1_251' title='bbox 1542 3290 1589 3349; x_wconf 89' lang='lat' dir='ltr'>hic</span> <span class='ocrx_word' id='word_1_252' title='bbox 1635 3333 1636 3345; x_wconf 70' lang='grc'>,</span> 
     </span>
     <span class='ocr_line' id='line_1_28' title="bbox 322 3387 1635 3468; baseline 0.002 -21"><span class='ocrx_word' id='word_1_253' title='bbox 322 3404 436 3449; x_wconf 88' lang='lat' dir='ltr'>versus</span> <span class='ocrx_word' id='word_1_254' title='bbox 459 3389 645 3450; x_wconf 77' lang='lat' dir='ltr'>referendus</span> <span class='ocrx_word' id='word_1_255' title='bbox 667 3390 711 3450; x_wconf 89' lang='lat' dir='ltr'>sit</span> <span class='ocrx_word' id='word_1_256' title='bbox 735 3390 855 3466; x_wconf 87' lang='lat' dir='ltr'>dubito,</span> <span class='ocrx_word' id='word_1_257' title='bbox 880 3404 955 3450; x_wconf 89' lang='lat' dir='ltr'>nam</span> <span class='ocrx_word' id='word_1_258' title='bbox 981 3387 1130 3468; x_wconf 78' lang='grc' dir='ltr'><strong><em>εόαγὴς</em></strong></span> <span class='ocrx_word' id='word_1_259' title='bbox 1153 3405 1218 3452; x_wconf 93' lang='lat' dir='ltr'>non</span> <span class='ocrx_word' id='word_1_260' title='bbox 1241 3389 1302 3451; x_wconf 92' lang='lat' dir='ltr'>soli</span> <span class='ocrx_word' id='word_1_261' title='bbox 1323 3390 1508 3465; x_wconf 78' lang='lat' dir='ltr'>tragoediae</span> <span class='ocrx_word' id='word_1_262' title='bbox 1528 3405 1588 3465; x_wconf 89' lang='lat' dir='ltr'>pro·</span> <span class='ocrx_word' id='word_1_263' title='bbox 1634 3407 1635 3435; x_wconf 69' lang='grc' dir='ltr'><strong><em>ι</em></strong></span> 
     </span>
     <span class='ocr_line' id='line_1_29' title="bbox 321 3486 1634 3571; baseline -0.002 -21"><span class='ocrx_word' id='word_1_264' title='bbox 321 3491 426 3564; x_wconf 91' lang='lat' dir='ltr'>prium</span> <span class='ocrx_word' id='word_1_265' title='bbox 458 3489 586 3570; x_wconf 83' lang='grc' dir='ltr'><strong><em>(εόαγεῐν</em></strong></span> <span class='ocrx_word' id='word_1_266' title='bbox 611 3492 728 3566; x_wconf 80' lang='lat' dir='ltr'>legitur</span> <span class='ocrx_word' id='word_1_267' title='bbox 757 3491 831 3552; x_wconf 80' lang='lat' dir='ltr'>Eur.</span> <span class='ocrx_word' id='word_1_268' title='bbox 856 3490 969 3551; x_wconf 76' lang='lat' dir='ltr'>Bacch.</span> <span class='ocrx_word' id='word_1_269' title='bbox 997 3492 1081 3551; x_wconf 88' lang='grc'>1009</span> <span class='ocrx_word' id='word_1_270' title='bbox 1105 3486 1256 3571; x_wconf 70' lang='grc' dir='ltr'><strong><em>εόαγοῦνό</em></strong></span> <span class='ocrx_word' id='word_1_271' title='bbox 1283 3489 1437 3570; x_wconf 83' lang='grc' dir='ltr'><strong><em>εὐσεβεῖν),</em></strong></span> <span class='ocrx_word' id='word_1_272' title='bbox 1463 3496 1497 3553; x_wconf 90' lang='lat' dir='ltr'>et</span> <span class='ocrx_word' id='word_1_273' title='bbox 1521 3495 1589 3566; x_wconf 87' lang='lat' dir='ltr'>epte</span> <span class='ocrx_word' id='word_1_274' title='bbox 1633 3505 1634 3527; x_wconf 58' lang='grc' dir='ltr'><strong><em>ι</em></strong></span> 
     </span>
     <span class='ocr_line' id='line_1_30' title="bbox 320 3591 1059 3670; baseline 0.004 -19"><span class='ocrx_word' id='word_1_275' title='bbox 320 3592 581 3667; x_wconf 85' lang='lat' dir='ltr'>comparabimus</span> <span class='ocrx_word' id='word_1_276' title='bbox 604 3593 712 3670; x_wconf 78' lang='grc' dir='ltr'><strong><em>Ιιγιιιιι.</em></strong></span> <span class='ocrx_word' id='word_1_277' title='bbox 737 3594 819 3654; x_wconf 87' lang='grc' dir='ltr'><strong><em>Ιισιιι.</em></strong></span> <span class='ocrx_word' id='word_1_278' title='bbox 842 3594 878 3653; x_wconf 80' lang='lat' dir='ltr'>in</span> <span class='ocrx_word' id='word_1_279' title='bbox 905 3591 969 3654; x_wconf 79' lang='lat' dir='ltr'>Ger.</span> <span class='ocrx_word' id='word_1_280' title='bbox 995 3594 1059 3654; x_wconf 82' lang='grc'>974</span> 
     </span>
    </p>

    <p class='ocr_par' dir='ltr' id='par_1_6' title="bbox 542 3689 1353 3878">
     <span class='ocr_line' id='line_1_31' title="bbox 543 3689 1353 3775; baseline 0.001 -21"><span class='ocrx_word' id='word_1_281' title='bbox 543 3691 628 3775; x_wconf 79' lang='grc' dir='ltr'><strong><em>ὄργια</em></strong></span> <span class='ocrx_word' id='word_1_282' title='bbox 651 3689 679 3754; x_wconf 85' lang='grc' dir='ltr'>δ’</span> <span class='ocrx_word' id='word_1_283' title='bbox 706 3692 781 3772; x_wconf 72' lang='grc' dir='ltr'><strong><em>αιἰτή</em></strong></span> <span class='ocrx_word' id='word_1_284' title='bbox 806 3691 881 3774; x_wconf 71' lang='grc' dir='ltr'><strong><em>ἐγὼν</em></strong></span> <span class='ocrx_word' id='word_1_285' title='bbox 904 3692 1108 3772; x_wconf 78' lang='grc' dir='ltr'><strong><em>ὑποθήσομαι,</em></strong></span> <span class='ocrx_word' id='word_1_286' title='bbox 1130 3691 1171 3767; x_wconf 83' lang='grc' dir='ltr'>ὡς</span> <span class='ocrx_word' id='word_1_287' title='bbox 1193 3691 1231 3754; x_wconf 77' lang='grc' dir='ltr'><strong><em>δν</em></strong></span> <span class='ocrx_word' id='word_1_288' title='bbox 1255 3693 1353 3756; x_wconf 71' lang='grc' dir='ltr'><strong><em>ἔπειτα</em></strong></span> 
     </span>
     <span class='ocr_line' id='line_1_32' title="bbox 542 3791 1287 3878; baseline 0.003 -22"><span class='ocrx_word' id='word_1_289' title='bbox 542 3794 669 3875; x_wconf 77' lang='grc' dir='ltr'><strong><em>εὐαγέως</em></strong></span> <span class='ocrx_word' id='word_1_290' title='bbox 692 3793 826 3876; x_wconf 74' lang='grc' dir='ltr'><strong><em>ἔρδοντες</em></strong></span> <span class='ocrx_word' id='word_1_291' title='bbox 850 3793 921 3873; x_wconf 72' lang='grc' dir='ltr'><strong><em>ἐμὸν</em></strong></span> <span class='ocrx_word' id='word_1_292' title='bbox 944 3793 1031 3873; x_wconf 73' lang='grc' dir='ltr'><strong><em>μένος</em></strong></span> <span class='ocrx_word' id='word_1_293' title='bbox 1055 3794 1226 3856; x_wconf 75' lang='grc' dir='ltr'><strong><em>ἱλάσκοισθε</em></strong></span> <span class='ocrx_word' id='word_1_294' title='bbox 1251 3791 1287 3878; x_wconf 80' lang='lat'>⁵).</span> 
     </span>
    </p>
   </div>
   <div class='ocr_carea' id='block_1_3' title="bbox 324 3935 538 3942">
    <p class='ocr_par' dir='ltr' id='par_1_7' title="bbox 324 3935 538 3942">
     <span class='ocr_line' id='line_1_33' title="bbox 324 3935 538 3942; baseline 0 0"><span class='ocrx_word' id='word_1_295' title='bbox 324 3935 538 3942; x_wconf 79' lang='lat'><em>--..--—-——-</em></span> 
     </span>
    </p>
   </div>
   <div class='ocr_carea' id='block_1_4' title="bbox 317 3997 1628 4790">
    <p class='ocr_par' dir='ltr' id='par_1_8' title="bbox 319 3997 1628 4261">
     <span class='ocr_line' id='line_1_34' title="bbox 354 3997 1628 4078; baseline -0.004 -14"><span class='ocrx_word' id='word_1_296' title='bbox 354 4013 371 4072; x_wconf 79' lang='lat' dir='ltr'>&#39;t</span> <span class='ocrx_word' id='word_1_297' title='bbox 389 4018 427 4064; x_wconf 92' lang='lat' dir='ltr'>De</span> <span class='ocrx_word' id='word_1_298' title='bbox 444 4016 570 4065; x_wconf 80' lang='lat' dir='ltr'>ediectiro</span> <span class='ocrx_word' id='word_1_299' title='bbox 587 4016 730 4074; x_wconf 78' lang='grc' dir='ltr'><strong><em>αόιογόιειος,</em></strong></span> <span class='ocrx_word' id='word_1_300' title='bbox 748 4015 817 4075; x_wconf 87' lang='lat' dir='ltr'>quod</span> <span class='ocrx_word' id='word_1_301' title='bbox 834 4018 894 4075; x_wconf 79' lang='lat' dir='ltr'>epte</span> <span class='ocrx_word' id='word_1_302' title='bbox 914 4028 973 4062; x_wconf 87' lang='lat' dir='ltr'>cum</span> <span class='ocrx_word' id='word_1_303' title='bbox 990 4014 1120 4063; x_wconf 90' lang='lat' dir='ltr'>homerico</span> <span class='ocrx_word' id='word_1_304' title='bbox 1143 4015 1254 4076; x_wconf 71' lang='grc' dir='ltr'><strong><em>ἠυγένειος</em></strong></span> <span class='ocrx_word' id='word_1_305' title='bbox 1271 4017 1401 4078; x_wconf 76' lang='lat' dir='ltr'>componit</span> <span class='ocrx_word' id='word_1_306' title='bbox 1416 4017 1521 4064; x_wconf 77' lang='lat' dir='ltr'>Bredsn</span> <span class='ocrx_word' id='word_1_307' title='bbox 1539 4017 1554 4063; x_wconf 88' lang='lat' dir='ltr'>l.</span> <span class='ocrx_word' id='word_1_308' title='bbox 1570 4014 1584 4059; x_wconf 88' lang='grc'><strong>1,</strong></span> <span class='ocrx_word' id='word_1_309' title='bbox 1627 3997 1628 4077; x_wconf 58' lang='grc' dir='ltr'><strong><em>δ</em></strong></span> 
     </span>
     <span class='ocr_line' id='line_1_35' title="bbox 319 4094 1627 4169; baseline -0.002 -25"><span class='ocrx_word' id='word_1_310' title='bbox 319 4110 344 4156; x_wconf 88' lang='lat' dir='ltr'>p.</span> <span class='ocrx_word' id='word_1_311' title='bbox 371 4099 411 4157; x_wconf 86' lang='grc'>96,</span> <span class='ocrx_word' id='word_1_312' title='bbox 437 4101 463 4144; x_wconf 88' lang='lat' dir='ltr'>et</span> <span class='ocrx_word' id='word_1_313' title='bbox 488 4097 520 4144; x_wconf 74' lang='lat' dir='ltr'>lie</span> <span class='ocrx_word' id='word_1_314' title='bbox 547 4095 664 4144; x_wconf 84' lang='lat' dir='ltr'>versibus</span> <span class='ocrx_word' id='word_1_315' title='bbox 689 4097 730 4143; x_wconf 87' lang='grc'>99.</span> <span class='ocrx_word' id='word_1_316' title='bbox 754 4098 785 4143; x_wconf 90' lang='grc'>99</span> <span class='ocrx_word' id='word_1_317' title='bbox 809 4098 868 4156; x_wconf 84' lang='lat' dir='ltr'>post</span> <span class='ocrx_word' id='word_1_318' title='bbox 894 4096 1023 4156; x_wconf 84' lang='lat' dir='ltr'>copiosam</span> <span class='ocrx_word' id='word_1_319' title='bbox 1046 4094 1194 4156; x_wconf 81' lang='lat' dir='ltr'>Spenhemii</span> <span class='ocrx_word' id='word_1_320' title='bbox 1217 4097 1403 4157; x_wconf 83' lang='lat' dir='ltr'>expositionem</span> <span class='ocrx_word' id='word_1_321' title='bbox 1430 4110 1483 4146; x_wconf 85' lang='lat' dir='ltr'>non</span> <span class='ocrx_word' id='word_1_322' title='bbox 1508 4096 1585 4143; x_wconf 82' lang='lat' dir='ltr'>hobae</span> <span class='ocrx_word' id='word_1_323' title='bbox 1626 4101 1627 4169; x_wconf 66' lang='grc' dir='ltr'><strong><em>γ</em></strong></span> 
     </span>
     <span class='ocr_line' id='line_1_36' title="bbox 319 4173 1626 4261; baseline -0.004 -38"><span class='ocrx_word' id='word_1_324' title='bbox 319 4176 388 4235; x_wconf 87' lang='lat' dir='ltr'>quod</span> <span class='ocrx_word' id='word_1_325' title='bbox 406 4176 511 4234; x_wconf 82' lang='lat' dir='ltr'>eddam,</span> <span class='ocrx_word' id='word_1_326' title='bbox 529 4177 562 4223; x_wconf 91' lang='lat' dir='ltr'>de</span> <span class='ocrx_word' id='word_1_327' title='bbox 579 4175 660 4223; x_wconf 84' lang='lat' dir='ltr'>subet.</span> <span class='ocrx_word' id='word_1_328' title='bbox 678 4175 730 4237; x_wconf 80' lang='grc' dir='ltr'><strong><em>όφις</em></strong></span> <span class='ocrx_word' id='word_1_329' title='bbox 746 4175 779 4222; x_wconf 81' lang='lat' dir='ltr'>ci.</span> <span class='ocrx_word' id='word_1_330' title='bbox 797 4175 864 4222; x_wconf 83' lang='lat' dir='ltr'>intre</span> <span class='ocrx_word' id='word_1_331' title='bbox 881 4173 914 4221; x_wconf 83' lang='grc' dir='ltr'><strong><em>ιδ</em></strong></span> <span class='ocrx_word' id='word_1_332' title='bbox 931 4175 965 4221; x_wconf 91' lang='grc' dir='ltr'>Π.</span> <span class='ocrx_word' id='word_1_333' title='bbox 1625 4185 1626 4261; x_wconf 70' lang='grc' dir='ltr'><strong><em>γ</em></strong></span> 
     </span>
    </p>

    <p class='ocr_par' dir='ltr' id='par_1_9' title="bbox 319 4251 1625 4395">
     <span class='ocr_line' id='line_1_37' title="bbox 352 4251 1625 4353; baseline -0.005 -51"><span class='ocrx_word' id='word_1_334' title='bbox 352 4251 372 4312; x_wconf 73' lang='lat'>²)</span> <span class='ocrx_word' id='word_1_335' title='bbox 391 4255 427 4302; x_wconf 89' lang='lat' dir='ltr'>De</span> <span class='ocrx_word' id='word_1_336' title='bbox 440 4254 488 4302; x_wconf 89' lang='lat' dir='ltr'>hoc</span> <span class='ocrx_word' id='word_1_337' title='bbox 503 4255 572 4302; x_wconf 86' lang='lat' dir='ltr'>Ionia</span> <span class='ocrx_word' id='word_1_338' title='bbox 587 4255 644 4302; x_wconf 90' lang='lat' dir='ltr'>loco</span> <span class='ocrx_word' id='word_1_339' title='bbox 664 4253 744 4314; x_wconf 86' lang='lat' dir='ltr'>(quod</span> <span class='ocrx_word' id='word_1_340' title='bbox 761 4253 794 4300; x_wconf 83' lang='lat' dir='ltr'>ed</span> <span class='ocrx_word' id='word_1_341' title='bbox 812 4253 909 4301; x_wconf 78' lang='lat' dir='ltr'>csloem</span> <span class='ocrx_word' id='word_1_342' title='bbox 927 4256 1015 4300; x_wconf 76' lang='lat' dir='ltr'>notare</span> <span class='ocrx_word' id='word_1_343' title='bbox 1030 4251 1118 4318; x_wconf 79' lang='lat' dir='ltr'>liceat)</span> <span class='ocrx_word' id='word_1_344' title='bbox 1136 4254 1239 4314; x_wconf 74' lang='lat' dir='ltr'>egregie</span> <span class='ocrx_word' id='word_1_345' title='bbox 1254 4254 1376 4302; x_wconf 83' lang='lat' dir='ltr'>disseruit</span> <span class='ocrx_word' id='word_1_346' title='bbox 1383 4255 1582 4315; x_wconf 84' lang='lat' dir='ltr'>pseudo-Deme·</span> <span class='ocrx_word' id='word_1_347' title='bbox 1624 4275 1625 4353; x_wconf 61' lang='grc' dir='ltr'><strong><em>γ</em></strong></span> 
     </span>
     <span class='ocr_line' id='line_1_38' title="bbox 319 4332 1333 4395; baseline 0.001 -14"><span class='ocrx_word' id='word_1_348' title='bbox 319 4335 383 4381; x_wconf 87' lang='lat' dir='ltr'>trine</span> <span class='ocrx_word' id='word_1_349' title='bbox 400 4334 433 4381; x_wconf 89' lang='lat' dir='ltr'>de</span> <span class='ocrx_word' id='word_1_350' title='bbox 449 4334 592 4381; x_wconf 84' lang='lat' dir='ltr'>elocutione</span> <span class='ocrx_word' id='word_1_351' title='bbox 612 4348 638 4395; x_wconf 89' lang='lat' dir='ltr'>p.</span> <span class='ocrx_word' id='word_1_352' title='bbox 659 4335 715 4381; x_wconf 89' lang='grc'>199.</span> <span class='ocrx_word' id='word_1_353' title='bbox 733 4333 852 4380; x_wconf 76' lang='lat' dir='ltr'>ceterum</span> <span class='ocrx_word' id='word_1_354' title='bbox 871 4332 903 4379; x_wconf 89' lang='lat' dir='ltr'>de</span> <span class='ocrx_word' id='word_1_355' title='bbox 920 4333 969 4379; x_wconf 79' lang='lat' dir='ltr'>hec</span> <span class='ocrx_word' id='word_1_356' title='bbox 987 4345 1049 4380; x_wconf 78' lang='lat' dir='ltr'>voce</span> <span class='ocrx_word' id='word_1_357' title='bbox 1068 4333 1100 4380; x_wconf 81' lang='lat' dir='ltr'>ci.</span> <span class='ocrx_word' id='word_1_358' title='bbox 1120 4345 1199 4393; x_wconf 81' lang='lat' dir='ltr'>supra</span> <span class='ocrx_word' id='word_1_359' title='bbox 1215 4347 1273 4393; x_wconf 80' lang='lat' dir='ltr'>pag.</span> <span class='ocrx_word' id='word_1_360' title='bbox 1293 4336 1333 4382; x_wconf 88' lang='grc'>98.</span> 
     </span>
    </p>

    <p class='ocr_par' dir='ltr' id='par_1_10' title="bbox 351 4353 1624 4538">
     <span class='ocr_line' id='line_1_39' title="bbox 351 4353 1624 4538; baseline -0.001 -78"><span class='ocrx_word' id='word_1_361' title='bbox 351 4409 372 4475; x_wconf 75' lang='lat'>³)</span> <span class='ocrx_word' id='word_1_362' title='bbox 391 4413 429 4461; x_wconf 79' lang='lat' dir='ltr'>Oi.</span> <span class='ocrx_word' id='word_1_363' title='bbox 447 4413 554 4462; x_wconf 71' lang='lat' dir='ltr'>Thsoor.</span> <span class='ocrx_word' id='word_1_364' title='bbox 572 4413 652 4461; x_wconf 83' lang='lat' dir='ltr'>XXII.</span> <span class='ocrx_word' id='word_1_365' title='bbox 672 4414 914 4474; x_wconf 71' lang='grc' dir='ltr'><strong><em>1191ηεαιοσσιε.</em></strong></span> <span class='ocrx_word' id='word_1_366' title='bbox 1620 4353 1624 4538; x_wconf 52' lang='lat' dir='ltr'>J</span> 
     </span>
    </p>

    <p class='ocr_par' dir='ltr' id='par_1_11' title="bbox 350 4489 845 4554">
     <span class='ocr_line' id='line_1_40' title="bbox 350 4489 845 4554; baseline 0 -14"><span class='ocrx_word' id='word_1_367' title='bbox 350 4489 372 4554; x_wconf 84' lang='lat'>⁴)</span> <span class='ocrx_word' id='word_1_368' title='bbox 391 4493 428 4540; x_wconf 81' lang='lat' dir='ltr'>Oi.</span> <span class='ocrx_word' id='word_1_369' title='bbox 446 4506 505 4552; x_wconf 69' lang='lat' dir='ltr'>pag.</span> <span class='ocrx_word' id='word_1_370' title='bbox 524 4493 555 4540; x_wconf 90' lang='grc'>98</span> <span class='ocrx_word' id='word_1_371' title='bbox 573 4495 600 4540; x_wconf 89' lang='lat' dir='ltr'>et</span> <span class='ocrx_word' id='word_1_372' title='bbox 616 4493 684 4540; x_wconf 83' lang='lat' dir='ltr'>intre</span> <span class='ocrx_word' id='word_1_373' title='bbox 701 4492 734 4539; x_wconf 83' lang='lat' dir='ltr'>ed</span> <span class='ocrx_word' id='word_1_374' title='bbox 752 4492 786 4540; x_wconf 87' lang='grc' dir='ltr'>ΙΙ.</span> <span class='ocrx_word' id='word_1_375' title='bbox 805 4494 845 4540; x_wconf 78' lang='grc'>19.</span> 
     </span>
    </p>

    <p class='ocr_par' dir='ltr' id='par_1_12' title="bbox 317 4569 1584 4790">
     <span class='ocr_line' id='line_1_41' title="bbox 350 4569 1584 4634; baseline 0.002 -15"><span class='ocrx_word' id='word_1_376' title='bbox 350 4569 372 4634; x_wconf 75' lang='lat'>⁵)</span> <span class='ocrx_word' id='word_1_377' title='bbox 390 4571 497 4619; x_wconf 78' lang='lat' dir='ltr'>Theocr.</span> <span class='ocrx_word' id='word_1_378' title='bbox 515 4570 647 4619; x_wconf 76' lang='grc'><strong>11119199</strong></span> <span class='ocrx_word' id='word_1_379' title='bbox 664 4571 734 4628; x_wconf 78' lang='grc' dir='ltr'><strong><em>αδτδς</em></strong></span> <span class='ocrx_word' id='word_1_380' title='bbox 751 4573 775 4620; x_wconf 85' lang='grc' dir='ltr'>δ’</span> <span class='ocrx_word' id='word_1_381' title='bbox 796 4572 911 4631; x_wconf 78' lang='grc' dir='ltr'><strong><em>εὐαγέοιμι</em></strong></span> <span class='ocrx_word' id='word_1_382' title='bbox 929 4573 967 4618; x_wconf 77' lang='lat' dir='ltr'>uel</span> <span class='ocrx_word' id='word_1_383' title='bbox 985 4572 1118 4630; x_wconf 73' lang='grc' dir='ltr'><strong><em>εὐαγέεσσιν</em></strong></span> <span class='ocrx_word' id='word_1_384' title='bbox 1129 4573 1208 4631; x_wconf 70' lang='grc' dir='ltr'><strong><em>ἅδοιμι</em></strong></span> <span class='ocrx_word' id='word_1_385' title='bbox 1226 4584 1276 4620; x_wconf 84' lang='grc'><strong>11011</strong></span> <span class='ocrx_word' id='word_1_386' title='bbox 1294 4571 1412 4632; x_wconf 81' lang='lat' dir='ltr'>exemplo</span> <span class='ocrx_word' id='word_1_387' title='bbox 1429 4571 1480 4620; x_wconf 77' lang='lat' dir='ltr'>init</span> <span class='ocrx_word' id='word_1_388' title='bbox 1497 4575 1584 4622; x_wconf 78' lang='lat' dir='ltr'>nostro.</span> 
     </span>
     <span class='ocr_line' id='line_1_42' title="bbox 317 4650 1580 4710; baseline -0.003 -11"><span class='ocrx_word' id='word_1_389' title='bbox 317 4652 363 4700; x_wconf 86' lang='lat' dir='ltr'>sed</span> <span class='ocrx_word' id='word_1_390' title='bbox 389 4651 466 4699; x_wconf 89' lang='lat' dir='ltr'>hnine</span> <span class='ocrx_word' id='word_1_391' title='bbox 491 4665 580 4698; x_wconf 83' lang='lat' dir='ltr'>versus</span> <span class='ocrx_word' id='word_1_392' title='bbox 603 4652 720 4707; x_wconf 80' lang='lat' dir='ltr'>imitatio,</span> <span class='ocrx_word' id='word_1_393' title='bbox 745 4652 835 4710; x_wconf 82' lang='lat' dir='ltr'>quales</span> <span class='ocrx_word' id='word_1_394' title='bbox 857 4651 931 4697; x_wconf 88' lang='lat' dir='ltr'>multi</span> <span class='ocrx_word' id='word_1_395' title='bbox 949 4652 1037 4697; x_wconf 83' lang='lat' dir='ltr'>insunt</span> <span class='ocrx_word' id='word_1_396' title='bbox 1054 4651 1080 4697; x_wconf 91' lang='lat' dir='ltr'>in</span> <span class='ocrx_word' id='word_1_397' title='bbox 1099 4663 1130 4698; x_wconf 92' lang='lat' dir='ltr'>eo</span> <span class='ocrx_word' id='word_1_398' title='bbox 1148 4651 1260 4698; x_wconf 86' lang='lat' dir='ltr'>cermins</span> <span class='ocrx_word' id='word_1_399' title='bbox 1278 4651 1347 4710; x_wconf 85' lang='lat' dir='ltr'>quod</span> <span class='ocrx_word' id='word_1_400' title='bbox 1364 4651 1457 4697; x_wconf 87' lang='lat' dir='ltr'>merito</span> <span class='ocrx_word' id='word_1_401' title='bbox 1473 4665 1489 4697; x_wconf 83' lang='lat' dir='ltr'>e</span> <span class='ocrx_word' id='word_1_402' title='bbox 1506 4650 1580 4697; x_wconf 79' lang='lat' dir='ltr'>Theo·</span> 
     </span>
     <span class='ocr_line' id='line_1_43' title="bbox 319 4729 1143 4790; baseline -0.004 -11"><span class='ocrx_word' id='word_1_403' title='bbox 319 4734 405 4779; x_wconf 88' lang='lat' dir='ltr'>oriteis</span> <span class='ocrx_word' id='word_1_404' title='bbox 422 4733 520 4778; x_wconf 89' lang='lat' dir='ltr'>secerni</span> <span class='ocrx_word' id='word_1_405' title='bbox 538 4732 610 4778; x_wconf 86' lang='lat' dir='ltr'>iubet</span> <span class='ocrx_word' id='word_1_406' title='bbox 628 4729 734 4778; x_wconf 69' lang='lat' dir='ltr'>Krannon</span> <span class='ocrx_word' id='word_1_407' title='bbox 752 4730 871 4776; x_wconf 80' lang='lat' dir='ltr'>Analecta</span> <span class='ocrx_word' id='word_1_408' title='bbox 891 4729 982 4786; x_wconf 81' lang='lat' dir='ltr'>(Herm.</span> <span class='ocrx_word' id='word_1_409' title='bbox 1001 4732 1031 4776; x_wconf 87' lang='grc'>95</span> <span class='ocrx_word' id='word_1_410' title='bbox 1049 4744 1074 4790; x_wconf 89' lang='lat' dir='ltr'>p.</span> <span class='ocrx_word' id='word_1_411' title='bbox 1094 4731 1143 4788; x_wconf 84' lang='grc'>89).</span> 
     </span>
    </p>
   </div>
   <div class='ocr_carea' id='block_1_5' title="bbox 0 0 1664 5432">
    <p class='ocr_par' dir='ltr' id='par_1_13' title="bbox 0 0 1664 5432">
     <span class='ocr_line' id='line_1_44' title="bbox 0 0 1664 5432; baseline 0 2"><span class='ocrx_word' id='word_1_412' title='bbox 0 0 1664 5432; x_wconf 95' lang='lat' dir='ltr'> </span> 
     </span>
    </p>
   </div>
  </div>
 </body>
</html>
