3068 5288
823 1564 883 1646 VI

755 1832 949 1844 ᾖ...-

261 2046 314 2106 Sic
336 2048 448 2109 sedulo
472 2047 668 2124 Cyrenaicae
690 2050 856 2125 religionis
880 2050 1021 2125 origines
1044 2049 1257 2124 investigavit
1279 2052 1374 2125 poeta
1391 2048 1462 2121 Cyre·

216 2149 340 2209 naicus.
361 2149 422 2210 Sed
446 2154 517 2212 erat
540 2152 601 2213 hoc
624 2153 780 2212 historici.
806 2152 865 2228 Qui
888 2167 965 2211 vero
984 2166 1041 2225 pro
1061 2153 1153 2226 parte
1173 2153 1261 2214 virili
1280 2153 1400 2214 cultum
1416 2159 1463 2208 non

217 2250 431 2325 Cyrenaicum
454 2255 616 2327 quendam
640 2256 696 2314 sed
720 2269 797 2315 vere
815 2254 975 2314 Graecum
995 2252 1200 2314 corroborare
1219 2253 1426 2315 Alexandriae
1441 2247 1465 2305 et
1520 2320 1521 2325 ἵ

217 2355 330 2413 contra
360 2356 491 2416 exterae
522 2356 689 2430 religionis
719 2358 873 2430 patronos
903 2355 1074 2416 defendere
1106 2354 1249 2431 volebat,
1282 2352 1395 2430 parum
1414 2362 1465 2427 pro·
1520 2336 1521 2346 ¹

217 2455 363 2515 fecturus
393 2460 464 2517 erat
486 2458 514 2517 si
538 2473 576 2518 eo
599 2457 740 2519 Graecos
763 2457 1007 2518 commendaret
1034 2457 1126 2533 deos,
1152 2458 1236 2531 quod
1260 2457 1392 2533 Cyrenis
1413 2464 1465 2514 con·

218 2557 331 2617 dendis
361 2558 552 2619 adfuissent.
577 2558 729 2620 Ceterum
752 2560 813 2634 ipsi
841 2559 981 2633 Lagidae
1012 2559 1078 2618 iam
1109 2559 1164 2619 diu
1195 2562 1367 2634 tamquam
1388 2552 1467 2630 digito

218 2660 411 2735 indicarent,
444 2676 606 2734 quaenam
635 2661 690 2721 via
721 2660 930 2735 ingredienda
960 2662 1048 2720 esset
1076 2659 1228 2720 omnibus
1252 2662 1426 2734 quicunque
1443 2653 1468 2710 in

218 2761 353 2821 Graecia
383 2762 604 2822 Alexandrina
627 2762 768 2822 Graecae
792 2761 953 2837 religioni,
978 2761 1097 2822 litteris
1121 2761 1246 2822 artibus
1270 2761 1399 2822 Graecis
1419 2754 1465 2814 vic·

216 2864 335 2923 toriam
359 2861 490 2923 firmare
515 2863 644 2924 vellent.
669 2863 876 2923 Ptolemaeus
896 2863 984 2923 enim
1004 2863 1143 2938 primus,
1165 2877 1240 2923 cum
1260 2864 1359 2939 probe
1377 2852 1469 2921 nosset

217 2965 323 3038 ipsam
354 2964 589 3025 Alexandriam
615 2964 645 3024 si
669 2979 811 3038 uuquam
836 2965 1036 3023 tamennon
1060 2963 1175 3024 statim
1198 2963 1238 3024 ab
1263 2965 1357 3025 initio
1380 2969 1468 3028 accep·

217 3068 286 3125 tam
310 3066 377 3126 iore
401 3066 588 3126 hominihus
610 3066 742 3126 Graecis
761 3067 931 3139 tamquam
951 3080 1044 3125 aram
1065 3080 1274 3126 communem
1295 3066 1470 3140 religionum

218 3167 428 3242 Graecarum,
453 3168 552 3228 simul
575 3183 652 3228 vero
672 3182 865 3242 persuasum
886 3166 1033 3241 haberet,
1055 3166 1136 3225 nihil
1156 3167 1265 3241 magis
1293 3167 1470 3242 Lagidaruffl

217 3269 405 3330 auctoritati
432 3271 517 3345 apud
548 3285 663 3330 omnes
693 3270 821 3344 obesse,
855 3283 954 3343 quam
985 3269 1069 3341 quod
1101 3268 1142 3328 ad
1173 3269 1327 3330 civitates
1351 3269 1472 3329 Graecas

216 3371 391 3445 imperium
414 3387 511 3432 suum
535 3373 695 3447 pertinere
718 3387 783 3432 uon
809 3371 980 3447 videretur,
1007 3370 1147 3430 simulac
1170 3368 1340 3431 firmatum
1365 3372 1396 3431 in
1418 3370 1474 3444 ipsa

217 3473 366 3548 Aegypto
397 3488 534 3548 regnum
564 3489 662 3534 suum
692 3474 819 3550 habuit,
844 3488 1012 3533 summam
1035 3472 1123 3532 dedit
1146 3487 1279 3547 operam
1303 3475 1341 3534 ut
1363 3474 1396 3533 iu
1418 3473 1475 3547 ipsa

216 3573 351 3635 Graecia
381 3574 489 3634 locum
520 3575 681 3649 quendam
711 3577 898 3651 occuparet,
923 3574 978 3647 qui
1001 3573 1166 3647 religionis
1197 3574 1375 3635 sanctitate
1400 3581 1474 3649 prae·

217 3676 337 3736 cellens
367 3676 498 3736 domino
529 3692 588 3736 suo
619 3679 743 3736 certam
766 3677 850 3751 apud
874 3675 1014 3736 Graecos
1037 3675 1268 3736 auctoritatem
1292 3670 1475 3737 conciliaret

216 3778 281 3838 Vix
300 3779 459 3854 aptiorem
478 3779 591 3839 sedem
610 3778 728 3852 eligere
747 3780 876 3853 poterat
895 3777 945 3836 vir
959 3777 1236 3852 prudentissimus
1248 3792 1348 3851 quam
1364 3777 1475 3839 Delum·

216 3881 398 3955 Aptissima
421 3882 509 3941 enim
533 3883 604 3940 erat
627 3881 734 3940 insula
760 3895 867 3954 sacra,
896 3880 988 3940 cuius
1019 3878 1198 3939 auctoritas
1229 3879 1364 3954 Delphis
1396 3887 1475 3952 opp0·

216 3985 357 4043 neretur.
399 3983 508 4057 Neque
550 3983 629 4043 deus
664 3982 770 4055 magis
805 3982 940 4042 idoneus
974 3981 1014 4042 ad
1049 3979 1267 4040 conciliandos
1302 3980 1476 4041 Ptolemaeo

216 4085 388 4145 hominum
419 4085 616 4146 Graecorum
646 4083 775 4144 animos
805 4098 904 4158 quam
927 4081 1090 4157 Phoebus,
1119 4081 1237 4155 quippe
1261 4082 1354 4142 cuius
1377 4075 1475 4153 religio

215 4187 277 4246 hoc
307 4186 441 4248 haberet
468 4190 504 4247 ut
529 4190 659 4248 mentes
687 4184 832 4246 alliceret
863 4187 896 4245 et
926 4184 1077 4259 vinciret,
1102 4198 1122 4243 a
1145 4184 1329 4244 ceterorum
1352 4183 1472 4243 deorum

218 4288 308 4349 cultu
331 4288 455 4349 alienas
478 4289 545 4348 iam
568 4290 602 4348 et
625 4289 779 4348 remotas.
807 4281 828 4355 ¹)

252 4555 272 4619 ¹)
297 4558 352 4605 Iam
378 4559 477 4606 viderat
499 4558 525 4605 id
548 4568 651 4618 quoque
676 4556 827 4617 Alexander,
847 4557 873 4603 in
898 4556 1089 4604 commentariis
1115 4555 1213 4617 templa
1237 4569 1304 4605 nova
1326 4551 1430 4616 Apollini
1449 4543 1470 4590 ⁰⁸

218 4638 316 4686 Dianae
338 4639 363 4685 in
384 4638 449 4686 Delo
466 4638 550 4685 insula
566 4650 614 4685 suo
630 4637 733 4684 nomine
750 4637 837 4683 voveri
854 4636 959 4698 iubens,
977 4635 1035 4682 vide
1053 4647 1132 4695 snpra
1149 4648 1208 4695 pag.
1227 4637 1251 4683 4.
