3068 5288
679 491 720 550 75

47 678 184 739 oraculi
216 678 373 740 fautores.
411 678 612 757 Quibusnam
646 679 680 739 in
710 677 770 740 tali
801 692 836 739 re
866 676 1020 738 subsidiis
1050 676 1103 738 usi
1134 677 1215 753 sint,
1244 677 1339 738 docet

49 795 141 855 opus
174 779 386 843 subditioium
415 782 514 857 quod,
550 784 587 842 ut
619 781 814 855 antiquitate
843 779 1109 841 testimoniorum
1139 794 1210 839 rem
1240 794 1337 840 suam

51 881 319 959 corroborarent,
355 881 501 959 Delphici
536 884 658 944 oraculi
693 883 881 944 defensores
914 882 1048 956 quidam
1078 881 1140 942 hoc
1170 881 1240 957 ipso
1270 882 1338 942 fere

51 987 207 1060 tempore
230 985 442 1061 pervulgasse
470 984 631 1060 videntur,
660 985 824 1059 hymnum
847 983 974 1044 scilicet
996 982 1089 1043 illum
1113 998 1212 1057 quem
1235 983 1336 1059 Boeo,

51 1085 181 1147 Phoebi
214 1088 367 1149 sacerdos
401 1088 630 1148 vetustissima
663 1087 742 1148 olim
772 1087 890 1147 fecisse
921 1084 1104 1160 fingebatur
1130 1078 1162 1156 ¹).
1205 1084 1336 1144 Etenim

55 1204 97 1249 eo
122 1190 281 1266 carmine,
306 1191 344 1249 ut
366 1190 509 1250 vidimus
532 1204 631 1265 supra
648 1204 721 1265 pag.
743 1190 799 1266 61,
822 1189 942 1250 diserte
962 1203 1036 1250 oum
1055 1185 1202 1263 Delphici
1222 1186 1338 1264 templi

54 1289 240 1365 originibus
262 1291 462 1367 Hyperborei
486 1291 775 1368 coniungebantur,

285 1388 363 1451 ἔνθα
385 1413 430 1452 τοι
455 1389 623 1470 εὔμνηστον
645 1391 823 1472 χρηστήριον
846 1388 1032 1453 ἒντελὲσαντο

284 1493 389 1566 παῖδας
406 1488 609 1575 Ἵλτερβορέαν
633 1493 776 1575 Παγασὸς
799 1491 849 1555 καλ
875 1493 939 1565 δῖος
964 1493 1109 1573 Ἀγυιεύς,

57 1611 138 1657 cum
157 1596 376 1673 Hyperboreis
392 1597 557 1674 Delphicis
581 1598 771 1659 conciliatur
793 1612 920 1672 quoque
941 1595 1035 1656 Olen:
1059 1592 1289 1674 ,impetendos
1306 1589 1339 1654 et

56 1693 112 1756 καὶ
132 1693 240 1779 ἄλλους
264 1706 323 1757 τῶν
337 1692 540 1778 ’Ίλτερβορὲοιν
559 1696 609 1759 ἐττλ
628 1703 744 1782 τελευτῇ
763 1706 816 1758 τοῦ
834 1698 933 1777 ὕμνου
952 1697 1004 1759 τὸν
1019 1693 1132 1776 Ὠλῆνα
1153 1694 1338 1774 ὠνόμασεν.”

57 1799 209 1860 Tandem
231 1816 309 1861 vero
332 1816 407 1862 cum
431 1802 502 1877 ipsa
522 1801 714 1862 Callimachi
733 1803 841 1863 aetate
861 1801 946 1862 Galli
965 1801 1127 1878 templum
1145 1800 1339 1877 Delphicum

58 1901 217 1962 invadere
240 1903 347 1964 conati
371 1905 495 1979 essent,
521 1904 706 1980 Apollinem
729 1919 795 1965 non
818 1905 889 1965 sine
911 1903 1196 1979 Hyperboreorum
1216 1902 1338 1962 auxilio

58 2004 225 2078 templum
244 2020 342 2065 suum
362 2005 545 2067 defendisse
564 2021 628 2068 non
645 2007 753 2068 solum
766 2009 880 2084 postea
892 2007 955 2068 luit
964 2005 1164 2082 Delphorum
1176 2005 1283 2081 opinio
1298 2038 1339 2047 -

59 2107 149 2166 teste
173 2106 336 2166 Pausania
358 2107 393 2178 (Ι.
411 2108 442 2169 4.
456 2108 487 2178 4)
514 2104 668 2184 ,ἐνταῦθα
691 2107 835 2189 κεραυνοί
855 2129 884 2168 τε
904 2105 1046 2186 ἐφέροντο
1066 2104 1096 2179 ἒς
1115 2105 1184 2179 τοὺς
1205 2104 1340 2177 Γαλάτας

59 2204 113 2266 καὶ
144 2202 357 2288 ἀπορραγεῖσαι
386 2205 488 2288 πέτραι
519 2216 572 2269 τοῦ
605 2212 804 2289 Παρνασσοῦ,
834 2209 957 2287 δείματά
986 2231 1016 2270 τε
1043 2205 1150 2290 ἄνδρες
1182 2206 1339 2284 ἐφίσταντο

60 2304 181 2368 ὁπλῖται
202 2312 263 2382 τοῖς
287 2308 459 2390 βαρβάροις.
481 2310 595 2373 τούτων
618 2310 688 2383 τοὺς
712 2307 767 2388 μὲν
790 2309 820 2385 ἐξ
838 2306 1041 2393 Ἵλτερβορέοιν
1063 2308 1201 2391 λέγουσιν
1226 2307 1342 2389 ἐλθεῖν,

53 2405 218 2489 ‘ratenzae
251 2407 303 2470 καλ
336 2410 522 2488 Ἀμάδοκον”
540 2447 580 2457 -
605 2413 692 2474 idem
721 2414 805 2489 apud
836 2430 893 2475 eos
923 2415 989 2475 iam
1021 2414 1137 2474 statim
1163 2414 1239 2489 post
1268 2412 1339 2473 Gal-

59 2513 113 2574 los
144 2512 299 2589 expulsos
330 2515 489 2576 creditum
519 2531 592 2577 esse
625 2515 803 2577 verisimile
833 2518 893 2578 est.
929 2516 1034 2591 Vulgo
1061 2516 1150 2575 enim
1177 2513 1341 2575 ferebatur

60 2615 191 2676 editum
225 2629 298 2676 esse
328 2616 368 2677 ab
398 2617 548 2693 Apolline
580 2620 657 2679 ante
687 2618 855 2679 Gallorum
886 2620 1041 2678 eventum
1069 2615 1237 2677 oraculum
1260 2613 1340 2675 illud

65 2713 152 2792 ,λμολ
174 2714 293 2793 μελήσει
315 2724 407 2776 ταῦτα
437 2715 487 2777 καλ
514 2721 633 2791 λευκαῖς
655 2717 779 2797 κόραις”
802 2713 838 2795 ²),
863 2719 973 2793 qualia
995 2717 1127 2780 oracula
1149 2716 1340 2792 plerumque
1372 2733 1375 2739 ·

60 2819 180 2880 statim
204 2821 279 2894 post
305 2819 440 2895 depulsa
463 2819 606 2895 pericula
629 2822 720 2882 nasci
743 2821 872 2899 solent„

64 3021 286 3029 -..—-—.-

99 3146 118 3213 ¹)
136 3152 214 3198 Paua.
232 3151 262 3198 X.
280 3151 328 3199 ar
344 3166 394 3216 sqq.
419 3153 551 3211 Hymnum
575 3154 620 3213 qui
643 3154 727 3202 Boena
748 3168 841 3202 nomen
863 3155 963 3202 terebat
982 3153 1154 3202 Alexandrino
1172 3150 1270 3199 auctori
1287 3148 1340 3195 rin-

63 3230 161 3278 dicarit
178 3231 290 3278 Knuok.
308 3230 437 3289 (Analecta
453 3230 731 3282 Alexandrino-romana
745 3249 772 3296 p.
786 3234 879 3298 laqq.),
896 3236 937 3282 cui
955 3235 1074 3296 plerique
1091 3235 1139 3282 viri
1157 3232 1227 3280 docti
1244 3231 1342 3278 assensi

63 3314 132 3358 eunt
150 3311 184 3358 ltt
201 3309 228 3358 id
245 3311 350 3370 quidem
369 3316 446 3360 reete.
466 3313 560 3362 Verum
578 3328 628 3362 non
646 3314 720 3363 video
739 3328 791 3374 qno
808 3315 864 3362 iure
882 3330 913 3363 ex
931 3316 1062 3363 Athenaeo
1082 3315 1125 3363 nt
1136 3313 1193 3374 398,
1211 3309 1342 3358 communi

61 3390 119 3437 iere
137 3403 265 3438 consensu
281 3392 460 3455 eruditiorum,
476 3393 604 3441 efficiatur
621 3395 672 3441 iam
688 3394 841 3442 Philochoro
858 3408 909 3442 non
926 3394 1010 3442 solum
1029 3397 1118 3442 notum
1137 3392 1182 3439 sed
1200 3390 1278 3438 etiam
1295 3402 1343 3451 pro

63 3469 177 3529 genuino
202 3473 332 3519 extremae
358 3472 519 3531 antiquitatis
545 3485 624 3533 opere
651 3476 786 3534 acceptum
813 3474 893 3521 fuisse
917 3474 1050 3535 hymnum.
1070 3473 1165 3520 Scribit
1182 3471 1342 3519 Athenaeus:

65 3553 153 3604 ,Βοῖος
169 3550 195 3596 δ’
216 3553 241 3597 λν
254 3551 422 3614 Ὀρνιθογονίᾳ,
441 3551 453 3612 ἢ
473 3554 545 3607 Βοιὼ,
563 3555 593 3608 ὥς
609 3569 666 3615 φησι
685 3555 831 3619 Φιλόχορος,
847 3554 892 3601 ὑπὸ
906 3553 995 3619 Ἀριιος
1011 3554 1052 3601 adr
1070 3556 1162 3600 Κύκνον
1180 3552 1342 3614 ὀρνιθωθῆναι

65 3646 85 3673 a
103 3644 122 3674 ι.
140 3626 178 3674 λ.”
203 3630 253 3686 Qui
279 3633 364 3679 cetera
391 3631 508 3691 perlegat
531 3632 607 3679 lacile
630 3632 754 3680 concedet
776 3646 826 3680 non
846 3632 960 3680 voluisse
983 3632 1096 3680 indicare
1119 3631 1296 3690 Athenaeum,
1313 3640 1344 3674 ea

64 3718 133 3766 qnae
158 3711 247 3755 narrat
272 3723 287 3756 a
308 3710 463 3759 Philochoro
490 3712 581 3759 reterri
605 3725 636 3760 ex
660 3710 745 3760 Boane
765 3712 956 3775 ornithogonia,
989 3712 1035 3759 sed
1061 3709 1209 3760 Philochorl
1232 3706 1343 3755 auctori·

64 3787 147 3834 utem
164 3786 261 3837 idcirco
278 3788 311 3837 ab
328 3803 359 3837 eo
375 3790 488 3848 landari,
505 3794 582 3838 ntea
599 3794 703 3839 tueatur
718 3792 869 3839 femininam
884 3792 994 3840 nominis
1010 3793 1119 3838 sormam
1133 3791 1256 3849 antiquae
1273 3786 1344 3834 illins

64 3865 216 3914 sacerdotia
240 3868 338 3927 Βοεοι,
361 3869 438 3930 plane
461 3873 490 3917 nt
512 3871 687 3927 Phemonoes,
710 3884 847 3932 personam
871 3871 1027 3920 recentiores
1049 3871 1088 3917 illi
1115 3868 1259 3917 carminum
1278 3865 1344 3912 anti·

39 4004 42 4008 Α
66 3957 178 4005 qnorum
200 3947 368 3996 fabricatores
392 3953 590 4011 assumpserunt
615 3950 649 3998 ob
674 3963 731 3998 eam
756 3951 838 4011 ipsam
856 3962 960 3998 cansam
983 3949 1053 4010 qnod
1075 3953 1207 4009 tamquam
1228 3945 1344 3993 mulieris

65 4024 153 4073 divino
171 4026 262 4075 aillatn
279 4027 341 4075 olim
359 4032 419 4076 ante
435 4032 535 4077 ceteras
553 4029 586 4076 ad
603 4030 752 4078 vaticinium
769 4030 897 4091 impulsae
912 4031 1017 4089 egregio
1032 4030 1129 4077 honore
1144 4027 1215 4090 apud
1230 4024 1346 4085 Delphos

65 4104 167 4165 vigeret
191 4106 248 4154 elna
272 4109 410 4170 memoria,
435 4108 481 4156 aed
507 4121 558 4168 qno
582 4112 698 4170 tempore
721 4109 748 4156 id
768 4110 878 4156 fecerint
895 4121 928 4156 ex
944 4108 1069 4156 Athenaei
1086 4108 1172 4156 verbis
1188 4121 1238 4155 non
1257 4109 1344 4167 patcte

65 4188 145 4244 atque
163 4184 199 4233 ita
218 4199 309 4247 parum
332 4187 387 4235 veri
410 4188 495 4236 simile
512 4189 542 4235 na
559 4202 590 4236 ex
609 4189 693 4236 Boeua
709 4189 823 4236 carmine
840 4188 945 4235 fluxisse
962 4187 1031 4248 quod
1047 4188 1090 4234 IV.
1109 4190 1156 4236 160
1171 4186 1345 4235 Callimachus

67 4262 134 4311 dixit
150 4267 218 4311 Κόων
233 4267 376 4330 Μιρατηιθα
389 4274 467 4328 ancer,
484 4281 551 4327 quae
569 4268 647 4315 rerba
663 4269 749 4315 Boeus
766 4267 847 4315 inisse
864 4266 995 4315 contendit
1012 4267 1041 4315 Ο.
1055 4267 1196 4316 Schneider
1209 4265 1345 4314 Na'oaadm

66 4342 170 4392 xpm
191 4345 242 4393 aot.
266 4345 289 4393 A.
311 4346 397 4394 Nihilo
419 4349 506 4394 umen
527 4347 609 4406 magia
635 4346 771 4408 probabile
796 4347 898 4394 videtur
923 4345 1057 4395 salurinm
1086 4360 1117 4394 ea
1142 4346 1220 4395 rerba
1248 4345 1345 4394 debere

66 4423 236 4473 Callimacho.
260 4425 375 4474 Etenim:
405 4429 464 4483 „acl
487 4423 564 4490 ᾤκουν
587 4430 642 4474 Κᾶνν
666 4427 708 4487 τὴν
733 4429 863 4492 Μιρονῐλδα
886 4428 972 4488 νησον”
996 4428 1033 4475 ita
1055 4427 1117 4476 Boei
1139 4426 1345 4486 omithogoniam

66 4505 176 4552 secutus
200 4508 289 4552 narrat
312 4506 456 4554 Antoninus
481 4505 533 4553 iab.
557 4506 609 4564 XV,
632 4519 683 4566 quo
713 4507 817 4554 nomine
838 4520 889 4554 non
913 4506 1099 4556 (lallimachnm
1124 4508 1169 4567 qul
1189 4507 1346 4572 Μιροντρλλα,

65 4582 114 4631 esd
132 4583 299 4642 Pherecyden
317 4588 422 4633 secutus
440 4590 480 4633 est
497 4587 542 4646 qui
559 4589 689 4653 Μιροντίδα
706 4587 818 4635 insulam
835 4587 909 4649 dixit,
927 4588 959 4635 cl.
978 4588 1058 4636 schol.
1075 4590 1102 4635 in
1119 4588 1195 4636 Hom.
1212 4589 1241 4639 Ξ
1255 4588 1325 4635 acc„
1353 4613 1362 4655 3

99 4658 124 4727 ’λ
142 4663 234 4711 lustin.
253 4664 340 4713 XXIV.
360 4667 383 4713 8.
401 4666 475 4714 Diod.
495 4665 578 4714 xx11.
598 4669 637 4715 10.
648 4668 671 4715 d.
690 4667 728 4714 dr.
749 4667 856 4715 Ornatus
873 4665 889 4714 1.
909 4665 924 4714 λ.
943 4666 991 4715 col.
1009 4668 1082 4715 281⁰.
1318 4669 1326 4680 ⁹
1356 4677 1361 4683 ·
1380 4670 1383 4681 ¹
