3320 5432
906 544 975 608 ,164
1325 543 1380 606 IV.
1404 544 1572 607 222-225

556 730 682 812 Ἀστερίη
705 725 735 792 δ’
761 727 902 810 ὀνομαστί
923 729 1146 812 παρερχομένην
1169 729 1333 810 ἒιιάλεσσευ,

433 834 497 894 225
553 830 680 912 Αστερίη
703 832 825 894 πόντοιο
847 832 941 893 κακὸν
964 833 1064 957 σάρον·
1089 827 1180 895 οίσθα
1203 830 1254 894 ιιαλ
1276 833 1360 913 αὐτή

552 930 625 994 ἀλλὰ
647 933 730 1013 φίλη,
751 934 879 996 δύνασαι
903 932 971 1016 γὰρ,
993 933 1118 1014 ἀμύνειν
1142 935 1248 997 πότνια
1272 935 1392 1008 δούλοις

553 1034 713 1117 ὑμετέροις,
734 1039 764 1100 οἳ
784 1045 845 1100 σεῖο
866 1036 958 1100 πέδον
980 1035 1139 1098 πατέουσιν
1162 1035 1302 1123 έφετμη”.

309 1135 411 1196 Versu
444 1137 507 1197 222
539 1138 683 1213 indulget
717 1144 793 1202 noto
820 1142 852 1202 in
879 1141 1059 1215 composita
1082 1141 1180 1201 verba
1204 1140 1307 1202 amori
1330 1154 1404 1201 cum
1432 1135 1574 1198 ἀναλύε-

308 1241 381 1295 σθαι
403 1237 509 1316 μίτρην
532 1242 580 1310 (111
604 1242 666 1303 237
691 1238 849 1301 ἀναλύεται
869 1241 975 1319 ζώνην)
1000 1241 1078 1302 dicit
1098 1257 1154 1318 pro
1179 1242 1319 1317 simplici
1339 1240 1475 1316 λύεσθαι,
1495 1241 1573 1314 quod
1637 1323 1638 1326 ρ

307 1339 340 1399 in
363 1340 422 1401 tali
443 1357 479 1402 re
502 1342 646 1403 solemne
666 1343 732 1405 iere
757 1347 816 1405 est.
837 1345 919 1405 Fieri
938 1346 1046 1419 potest
1065 1346 1103 1404 ut
1122 1343 1174 1405 hic
1192 1359 1317 1418 quoque
1338 1344 1386 1404 uti
1405 1344 1466 1404 sibi
1487 1345 1573 1404 visus
1637 1337 1638 1388 ff

306 1442 349 1500 sit
370 1443 518 1518 exemplo
537 1445 710 1522 homerico,
734 1441 793 1504 ἀνά
816 1466 845 1505 ιε
878 1439 1035 1524 πρυμνήσι’
1057 1443 1175 1507 ἔλασαν.
1196 1446 1301 1507 Minus
1320 1445 1439 1507 saltem
1459 1447 1493 1506 in
1518 1447 1573 1505 hac

306 1559 339 1604 re
362 1543 513 1618 languida
535 1543 672 1625 παρέλκει
693 1547 886 1622 praepositio
909 1543 968 1605 ἀνὰ
991 1562 1090 1620 quam
1110 1543 1169 1606 ἀπὸ
1189 1548 1273 1622 qnod
1293 1547 1414 1622 placuit
1433 1546 1573 1622 Oppiano
1637 1531 1638 1552 ¹

305 1661 391 1722 curn,
415 1662 485 1708 rem
508 1649 661 1724 iocosam,
685 1649 724 1709 de
747 1649 861 1710 leaena
882 1650 1081 1724 parturiente
1108 1647 1183 1725 cpn.
1209 1650 1265 1710 111.
1292 1651 1334 1711 56
1357 1652 1522 1709 narraret:

553 1749 692 1827 ,πεντάκι
714 1748 862 1829 θηλυτέρη
886 1746 919 1810 δὲ
942 1749 1037 1811 τόκων
1060 1747 1226 1811 ἀπελύσατο
1249 1749 1376 1826 ζάνην”.

348 1850 500 1924 Sequenti
525 1868 621 1914 versu
645 1854 777 1927 dignum
802 1856 854 1914 est
873 1853 913 1914 ad
933 1852 1017 1926 quod
1038 1852 1246 1913 attendamus
1259 1852 1391 1912 verbum
1417 1847 1573 1910 ἀπέσπα·
1637 1851 1638 1934 Ῐ

301 1972 379 2028 γον.
414 1952 496 2013 Nam
528 1954 611 2028 apud
645 1955 785 2029 tragicos
821 1957 933 2029 poetas
967 1954 1074 2014 verbis
1106 1957 1222 2032 στυγεῖν
1253 1956 1286 2014 61
1312 1950 1490 2032 ἀπσσιαγεῐν
1513 1954 1574 2014 odii
1637 1953 1638 2010 1

302 2052 368 2114 1616
389 2055 494 2128 magis
513 2057 626 2116 subest
645 2058 732 2118 notio
755 2071 854 2141 quam
877 2056 1015 2131 timoris,
1041 2055 1141 2115 veluti
1166 2054 1273 2129 Eurip.
1293 2055 1502 2116 1611111488
1524 2053 1573 2114 τὸν

302 2151 416 2214 άπαιδα
450 2149 478 2215 δ’
511 2152 668 2238 ἀποστυγῶ
699 2157 767 2238 βίον
799 2151 822 2240 ᾧ
850 2178 878 2218 τε
902 2157 987 2217 δοκεῖ
1005 2153 1098 2236 ψέγω,
1121 2156 1170 2228 (cf.
1193 2156 1287 2231 soph.
1311 2156 1380 2218 Ocu.
1405 2154 1463 2218 Ool.
1489 2157 1573 2232 186),
1637 2191 1638 2220 ;

301 2271 404 2331 neque
424 2272 463 2318 ea
486 2259 536 2318 vis
556 2259 629 2319 aliis
644 2260 724 2320 locis
736 2259 957 2321 callimacheis
970 2260 1072 2334 deest,
1086 2260 1123 2319 ut
1136 2258 1174 2319 11.
1190 2259 1251 2318 109
1266 2260 1299 2320 61
1310 2257 1415 2319 Hecat.
1430 2258 1467 2319 11.
1482 2260 1525 2320 52
1543 2253 1572 2328 ¹).

300 2358 337 2418 111
370 2358 509 2420 Homero
543 2362 655 2421 autem
686 2361 858 2422 discrimen
884 2360 1040 2421 notabant
1062 2361 1268 2433 grammatici
1291 2360 1514 2437 Alexandrini,
1539 2365 1574 2420 ut

299 2459 508 2522 Aristarchus
530 2462 585 2536 qui
607 2464 758 2523 accurate
780 2461 966 2523 observavit
990 2462 1029 2521 ad
1057 2462 1090 2519 O.
1116 2462 1196 2522 183:
1226 2459 1289 2537 ,ὅτι
1313 2458 1372 2520 ἀπὸ
1393 2469 1461 2538 μιᾶς
1482 2459 1574 2540 ἀρχῆς

301 2558 334 2620 ἐν
357 2560 488 2644 διαφορᾷ
510 2563 668 2643 μετάγεται·
692 2571 750 2622 νῦν
773 2560 827 2640 μέν
851 2561 1036 2622 δεδίασιν
1061 2561 1144 2639 (,,τόν
1163 2581 1193 2622 τε
1211 2559 1365 2642 στυγέουσι
1384 2559 1574 2638 καίάλλοιἽ,

300 2660 371 2722 ὅταν
402 2660 434 2724 δέ
465 2663 541 2748 εἴπῃ·
576 2658 746 2743 ,σμερδαλέ’
773 2663 929 2742 εὐρώεντα,
951 2663 987 2723 τά
1010 2685 1038 2723 τε
1062 2660 1216 2743 στυγέουσι
1238 2663 1309 2723 θεοί
1328 2665 1403 2743 περ’·
1427 2661 1494 2722 άντλ
1517 2673 1570 2724 τοῦ

299 2768 491 2841 deuotast⁸
520 2767 561 2827 Et
580 2768 627 2828 ita
647 2766 865 2828 Callimachus
884 2766 961 2826 alibi
985 2762 1051 2824 ἀντὶ
1075 2772 1128 2826 τοῦ
1151 2769 1247 2842 μισεῖν
1271 2765 1369 2826 verbo
1391 2761 1572 2846 ἀποσεσγεῖν

256 2898 261 2911 ·
298 2883 387 2944 usus,
414 2885 499 2930 nunc
522 2867 553 2928 ιὸ
577 2864 704 2929 δεδιέναι
726 2867 828 2928 voluit
846 2868 996 2928 indicare.
1017 2867 1087 2928 Non
1108 2867 1279 2928 animodio
1300 2868 1408 2927 motae
1428 2867 1485 2927 sed
1510 2869 1569 2928 ter·

298 2985 369 3031 rore
388 2971 553 3045 perculsae
572 2971 697 3032 insulae
717 2971 875 3030 Latonam
896 2971 1099 3045 aversantur,
1124 2984 1211 3045 narn,
1232 2971 1269 3030 ut
1282 2971 1333 3030 est
1352 2969 1383 3029 in
1405 2970 1570 3030 homerico

299 3073 430 3148 hymnO,
465 3066 547 3150 ,μάλ’
576 3070 713 3149 ἐτρόμεον
735 3068 785 3131 καὶ
815 3068 972 3148 ἐδείδισαν,
1002 3066 1074 3131 οὐδέ
1106 3092 1148 3142 τις
1171 3067 1237 3147 ἔτλη
1263 3071 1377 3150 Φοῖβον
1401 3068 1568 3142 δέξασθαι”
1637 3133 1638 3150 ,

298 3176 416 3251 (hymn.
439 3175 521 3235 116111.
545 3174 579 3234 tn
603 3173 702 3249 Apoll.
727 3174 791 3242 47).
1637 3179 1638 3184 ’

342 3276 404 3336 Vix
418 3270 584 3351 Ὀλυμπίας
604 3277 745 3336 atcerte
765 3290 830 3335 non
852 3268 1001 3351 ὁμηρικῶς
1018 3273 1160 3347 loquitur
1180 3273 1415 3335 Thaumantias
1427 3290 1504 3336 cum
1520 3291 1567 3335 vs.

298 3381 360 3438 226
374 3379 523 3439 Asterien
543 3379 687 3452 increpat
708 3375 848 3453 ,πόντοιο
860 3374 954 3435 κακὸν
965 3373 1089 3454 σάρον”,
1103 3376 1307 3436 substantivo
1324 3391 1385 3438 usa
1395 3378 1568 3438 rarissimo
1637 3377 1638 3384 ’

296 3483 330 3542 61
352 3496 425 3542 eam
456 3481 495 3541 oh
526 3495 659 3540 causam
689 3478 877 3553 gratissimo
905 3480 1018 3553 poetae
1048 3476 1569 3553 glossographo.1psumnomen

297 3585 406 3642 utrum
436 3582 492 3643 alii
518 3583 646 3642 cuidam
676 3580 790 3640 debeat
817 3594 858 3639 an
889 3580 971 3654 tour,
1003 3593 1109 3652 aquo
1136 3578 1293 3641 famulam
1319 3580 1463 3641 vetulam
1491 3603 1570 3657 ,πα-
1637 3569 1638 3590 λ

295 3680 379 3743 λαιὸν
407 3681 502 3755 οἰκίας
529 3681 642 3762 σάρον”
672 3683 821 3742 vocatam
852 3695 924 3742 esse
948 3680 1130 3754 Hesychius
1153 3683 1303 3757 testatur,
1327 3682 1477 3755 equidem
1502 3698 1569 3744 non
1637 3701 1638 3774 γ

294 3784 476 3860 diiudicem,
501 3786 536 3844 at
558 3786 618 3845 hoc
640 3798 697 3858 pro
720 3784 806 3844 certo
774 3781 893 3842 11616
913 3779 1083 3842 adfirmare
1108 3782 1225 3858 ausim,
1246 3782 1421 3856 imaginem
1443 3784 1474 3845 et
1494 3801 1568 3859 sup-
1637 3775 1638 3816 λ

294 3887 381 3960 pedit
382 3889 471 3946 atam
496 3901 568 3947 esse
588 3901 608 3946 a
630 3884 846 3960 Lycophrmone
872 3882 1072 3943 chalcidicus
1092 3883 1180 3943 enim
1200 3885 1262 3944 iste
1275 3882 1422 3956 σκοτεινὸς
1436 3901 1485 3947 vs.
1501 3887 1568 3948 387

294 3989 333 4050 de
357 3989 455 4050 Aiace
479 3989 623 4050 dixerat:

591 4082 693 4148 τὸνδ’
721 4079 769 4147 οία
793 4086 909 4165 δάπτην
932 4085 1063 4166 κηρύλον
1087 4083 1137 4146 διὰ
1159 4095 1263 4147 στενου

593 4187 727 4260 αὐλῶνος
751 4187 825 4248 οἴσει
846 4196 927 4265 κῦμα
949 4187 1105 4269 γυμνήτην
1128 4186 1256 4268 φάγρον,

591 4294 703 4353 διπλῶν
726 4290 833 4368 μεταξὺ
857 4290 1003 4369 χοιράδων
1027 4290 1287 4369 σαρούμενον.
1637 4309 1638 4392 ρ

291 4397 447 4472 imagine,
478 4410 561 4468 quae
592 4396 628 4454 ut
658 4409 715 4468 par
745 4397 796 4454 est
819 4393 1000 4454 delectabat
1023 4395 1183 4470 nostrum,
1207 4392 1373 4468 paululum
1398 4395 1569 4457 inmutata
1637 4393 1638 4396 ’

295 4583 511 4594 μ-αι--ιι

323 4716 343 4780 ¹)
360 4717 564 4764 consectaria
581 4715 727 4776 Lycophro:
747 4715 804 4762 vido
823 4729 871 4762 ves.
894 4717 950 4776 421,
969 4715 1025 4776 tol,
1044 4717 1116 4764 1392.
