3104 5286
673 514 733 574 123

356 698 481 761 δύναται
504 698 575 780 γὰρ,
597 696 660 760 ἐπεὶ
684 697 734 759 Διὶ
758 697 853 774 δεξιὸς
875 690 970 777 ἧσται.

59 797 229 860 Infestane
252 816 382 876 semper
404 803 485 862 Iuno
508 817 689 862 memorem
710 804 821 863 servat
840 803 948 862 iram?
969 801 1112 860 Simulac
1131 800 1178 860 ita
1197 792 1337 874 imperat

58 899 208 975 Iuppiter
238 903 364 976 placida
387 902 425 963 fit
447 906 481 964 et
503 904 565 979 ipsi
589 904 732 964 Latonae
756 904 867 964 odium
891 903 1031 963 remittit
1055 901 1119 972 (IV.
1146 901 1235 971 259lz
1251 902 1336 960 xnato

59 1003 212 1076 Apolline
233 999 300 1063 οὐδ’
317 1001 398 1084 Ἥρη
421 1002 557 1083 νιμέσιζε.
583 1005 744 1080 Quidnam
768 1008 896 1066 tantam
920 1005 1063 1081 placavit
1086 1005 1194 1064 iram?
1218 1002 1337 1079 ,Χάλον

58 1098 172 1174 ἐξέλετο
196 1104 303 1176 Ζεύς.”

105 1204 154 1264 Ne
186 1207 343 1268 iteremus
371 1224 453 1282 quae
486 1209 636 1283 vulgatae
660 1211 738 1269 sunt
761 1209 992 1291 mythologiae.
1024 1209 1072 1269 Ne
1103 1211 1174 1268 tum
1206 1208 1337 1281 quidem

58 1321 138 1366 oum
168 1308 274 1381 primo
309 1309 424 1371 obtutu
455 1311 526 1371 sine
552 1312 642 1372 lovis
665 1311 834 1372 voluntate
858 1306 996 1385 quidam
1014 1301 1148 1371 deorum
1179 1297 1247 1370 ant·
1264 1325 1336 1385 sup·

57 1407 158 1480 plicio
189 1412 363 1471 mortalem
389 1411 518 1475 afficere
542 1415 598 1474 aut
623 1414 705 1474 dono
729 1429 844 1474 ornare
867 1414 960 1474 nobis
983 1414 1125 1488 videtur,
1149 1413 1218 1488 ipse
1242 1414 1338 1486 poeta

57 1509 181 1571 iudicio
204 1515 316 1573 nostro
339 1514 568 1588 acquiesceret.
593 1515 743 1576 Vidimus
766 1516 889 1590 hymno
906 1516 1024 1600 quinto
1045 1515 1175 1596 egregia
1193 1516 1263 1574 arte
1284 1529 1336 1573 ex-

57 1612 207 1685 positum
231 1614 374 1676 Tiresiae
393 1616 609 1677 adolescentis
628 1619 808 1691 peccatum.
834 1616 894 1691 Qui
914 1632 989 1677 cum
1008 1616 1065 1676 siti
1083 1616 1176 1676 fatali
1196 1614 1337 1690 compul-

58 1729 121 1773 sus
153 1715 194 1774 ad
224 1715 316 1776 illum
348 1717 472 1777 fontem
505 1719 712 1793 accessisset,
743 1717 798 1778 ubi
829 1734 904 1778 cum
934 1718 1003 1778 eius
1027 1719 1134 1777 matre
1157 1714 1339 1776 dulcissimi

57 1815 207 1876 nominis
242 1817 389 1879 Chariclo
423 1819 553 1879 Athena
586 1819 761 1893 lavaretur,
794 1821 1082 1895 conspexissetque
1112 1817 1226 1878 infelix
1256 1831 1338 1890 quae

58 1919 207 1993 conspici
226 1920 332 1995 nefas,
353 1921 462 1981 subita
482 1921 666 1981 nocte'eius
685 1922 796 1982 oculos
823 1922 985 1997 oppressit
996 1920 1147 1981 caecitas.
1160 1918 1339 1979 Acerrimis

58 2016 172 2080 verbis
196 2021 365 2095 indignata
384 2024 491 2083 mater
510 2024 658 2099 increpat
676 2024 786 2099 deam,
804 2023 1023 2096 conviciisque
1035 2021 1202 2096 tragoedia
1211 2020 1337 2094 dignis:

63 2129 237 2198 ,τοιαῦται,
257 2122 422 2200 Ιδαίμονες,
453 2119 515 2183 ἐστὶ
546 2123 668 2198 φίλαι;”
698 2126 744 2185 At
766 2125 909 2199 Athena,
935 2138 1017 2198 quae
1041 2124 1162 2183 damna
1182 2121 1339 2182 resarcire

59 2239 129 2285 non
149 2225 259 2299 potest
276 2224 386 2285 levare
405 2229 536 2302 conata,
556 2226 678 2287 donum
697 2226 1020 2302 praestantissimum
1040 2223 1183 2284 Tiresiae
1202 2222 1340 2299 largitur
1407 2291 1410 2295 ‚

57 2325 111 2396 (V.
141 2325 215 2397 121)
285 2415 392 2494 μάντιν
415 2413 476 2477 ἐπεὶ
500 2420 589 2495 θροῶ
612 2438 661 2476 νιν
684 2413 823 2494 ἀοίδιμον
847 2412 1049 2494 ἐσσομένοισιν

330 2508 350 2596 ἦ
374 2515 448 2598 μέγα
471 2527 530 2579 τῶν
553 2515 650 2580 ἄλλων
674 2518 712 2597 δή
735 2541 762 2578 τι
784 2516 999 2597 περισσότερον.

288 2625 444 2699 γνωσεῖται
465 2615 493 2681 δ’
521 2617 662 2700 ὄρνιθας,
684 2615 717 2692 ὃς
742 2619 852 2696 αἴσιος,
874 2618 909 2679 οἷ’
925 2640 955 2679 τε
977 2614 1115 2679 πέτονται

327 2718 437 2799 divite,
459 2719 509 2781 καὶ
531 2722 627 2783 ποίεον
651 2721 707 2783 οὐκ
730 2718 845 2802 ἀγαθαὶ
867 2717 1015 2800 πτέρυγες.

109 2822 212 2894 Quid?
232 2826 505 2897 praetermorem
526 2825 680 2885 audacter
697 2824 842 2884 fabulam
865 2838 994 2884 sacram
1014 2822 1205 2882 immutavit
1217 2821 1336 2895 poeta?

60 2923 198 2983 Artisne
229 2925 442 3001 necessitate,
473 2926 599 2987 scilicet
628 2928 665 2985 ut
695 2926 762 2986 tale
792 2926 913 2986 donum
944 2925 1064 2984 misero
1091 2938 1190 2999 puero
1221 2922 1339 2997 largita

61 3039 181 3085 verum
204 3025 243 3085 de
267 3040 303 3086 se
326 3026 470 3102 profiteri
495 3027 659 3087 videretur
681 3027 811 3088 Athena
834 3042 909 3088 cum
933 3026 1054 3086 diceret
1077 3029 1137 3095 (vs.
1162 3026 1216 3094 99)

287 3125 324 3187 οὐ
347 3126 403 3207 γὰρ
426 3127 572 3211 Ἀθαναίᾳ
594 3125 738 3208 γλυκερὸν
761 3125 841 3188 πέλει
864 3125 980 3205 ὄμματα
1002 3126 1120 3186 παίδων

378 3225 529 3308 ἁρπάζειν,
1094 3238 1096 3241 ’

60 3331 208 3405 dempsit
238 3332 307 3392 Iovi
340 3333 424 3406 quod
455 3334 543 3394 Iovis
575 3336 664 3394 esset
686 3334 782 3408 idque
804 3333 893 3393 dedit
916 3334 986 3393 eius
1009 3331 1120 3392 filiae?
1144 3332 1228 3391 Sane
1252 3331 1339 3390 inno·

60 3433 157 3492 vavit
189 3433 349 3506 quaedam
378 3437 475 3509 poeta
499 3435 532 3495 in
556 3435 700 3495 Tiresiae
727 3435 878 3509 historia,
907 3435 945 3494 de
969 3433 1086 3508 quibus
1109 3434 1194 3493 infra
1217 3432 1339 3502 dicam;

60 3534 149 3607 quod
173 3537 284 3595 autem
307 3536 395 3596 Iovis
418 3535 520 3596 filiam
544 3539 713 3611 tamquam
734 3536 773 3596 de
796 3552 856 3597 suo
882 3537 992 3596 iuveni
1015 3534 1215 3596 vaticinandi
1234 3535 1339 3592 artem

61 3634 245 3694 condonare
276 3635 385 3712 finxit,
414 3653 453 3697 ea
477 3640 533 3697 vix
557 3641 627 3698 erat
651 3639 827 3698 innovatio.
851 3638 936 3697 Nam
959 3637 1140 3696 Minervam
1164 3633 1340 3695 eumfacit

60 3735 336 3798 vaticinationum
356 3742 537 3813 praesidem
563 3743 645 3816 (ipsa
667 3740 770 3815 enim,
795 3739 881 3800 siout
900 3739 933 3797 in
953 3746 1068 3812 quarto
1088 3738 1211 3811 hymno
1224 3735 1339 3811 Apollo

58 3834 260 3915 νποιιόιπιος,
291 3856 344 3901 res
374 3842 408 3901 in
435 3843 570 3904 Boeotia
603 3843 658 3902 diu
685 3844 760 3916 post
788 3843 962 3902 eventuras
984 3839 1208 3913 vaticinatur),
1233 3839 1338 3898 artem

61 3941 143 4001 deae
173 3940 288 4002 tribuit
311 3944 498 4018 ceteroquin
522 3943 561 4003 ab
585 3958 624 4003 ea
647 3959 711 4003 non
735 3942 891 4017 alienam,
916 3956 994 4000 nam
1018 3939 1049 3999 ol
1070 3937 1273 4015 σκιρομάνιεις
1298 3938 1338 3998 ab

61 4042 194 4103 Athena
232 4043 468 4105 divinationem
508 4059 603 4104 suam
642 4043 847 4119 derivabant,
884 4046 1012 4119 Ἀθηνᾶς
1047 4043 1158 4102 autem
1193 4039 1339 4118 προνοίας

61 4157 245 4216 cognomen
275 4147 406 4220 propter
436 4146 573 4207 eandem
597 4147 702 4206 artem
726 4146 850 4205 sensim
875 4145 989 4206 Graeci
1012 4147 1154 4219 mutare,
1180 4144 1339 4217 deamque

58 4243 210 4320 πρόνοιαν
229 4246 373 4307 salutare
394 4251 567 4323 coeperant
590 4243 624 4323 ¹),
646 4250 679 4308 et
699 4248 888 4308 etiamnunc
907 4248 1019 4308 exstat
1037 4246 1120 4321 lapis
1139 4244 1339 4319 Erythraeus

59 4348 95 4408 in
125 4361 288 4419 quocum
311 4345 384 4420 Διὸς
410 4347 531 4426 Φημίον
551 4350 685 4409 numine
710 4351 912 4409 memoratur
935 4352 1048 4425 Ἀθηνᾶ
1074 4344 1177 4424 (cepio
1192 4340 1224 4416 ²).
1249 4344 1337 4406 Gete-

95 4527 116 4589 ¹]
139 4531 272 4579 mmmm·
302 4531 329 4579 ²⁸⁸
355 4531 463 4595 ΛΜΨ·
489 4547 514 4594 Ρ·
539 4536 581 4590 ³43
610 4535 709 4584 Preller
732 4533 774 4582 Gr·
799 4533 878 4598 Myth.
901 4532 968 4597 Pp.
988 4537 1047 4595 18³3
1078 4531 1178 4580 Tarnell
1204 4530 1272 4580 Culta
1294 4534 1339 4581 etc.

55 4617 79 4663 L
95 4626 119 4754 ’ς
135 4612 318 4754 Ιξίῖἔοιῑῖοεςοι·
333 4690 431 4758 Sylloye
445 4694 503 4742 870.
519 4704 557 4740 vs.
577 4694 617 4741 Ἠ.
