3090 5294
69 470 96 530 1.
124 469 213 528 3-4
291 462 295 469 ⁴
706 471 723 531 7

69 656 216 732 abigeret
240 656 274 716 et
296 654 365 729 ipse
389 653 565 714 Mercurius
588 655 628 715 de
651 670 686 716 se
711 671 759 717 vs.
782 658 846 717 265
870 657 935 730 (qui
957 672 1070 718 versus
1088 657 1217 731 propter
1238 656 1344 717 verbo·

69 773 146 819 rum
170 757 315 818 ordinem
342 755 488 816 maxime
511 771 587 816 cum
610 759 720 818 nostro
746 759 906 829 convenit)

332 853 418 932 ,οὔτε
440 856 521 935 βοῶν
546 853 671 936 ἐλατῆρι,
692 859 820 944 κραναλρι
845 857 921 935 φωτὶ
945 857 1048 919 ἕοικα”

71 961 162 1040 Quod
200 960 298 1034 igitur
329 960 439 1019 noster
462 973 526 1018 non
549 961 587 1019 ut
610 959 740 1032 quidam
764 962 803 1023 de
835 962 964 1023 bubulco
995 978 1109 1022 verum
1137 963 1176 1023 de
1206 961 1347 1021 αδοολονι

70 1064 171 1124 bourn
201 1062 324 1122 dictum
355 1075 428 1121 esse
451 1060 587 1120 censuit.
615 1094 655 1104 -
680 1060 831 1123 Ceterum
856 1065 962 1137 magis
984 1064 1124 1124 fortasse
1147 1063 1344 1137 tragicorum

69 1165 215 1226 sermoni
242 1179 341 1238 quam
364 1163 526 1223 homerico
557 1163 609 1223 hic
631 1179 711 1224 usus
734 1167 894 1243 convenit,
918 1183 995 1227 nam
1019 1167 1177 1228 adiectivo
1201 1165 1345 1227 derivato

68 1283 203 1344 prorsus
227 1267 339 1328 eodem
363 1265 458 1325 modo
481 1279 562 1324 usus
585 1267 656 1326 erat
677 1267 859 1341 Aeschylus
885 1265 1010 1343 Oboepb.
1032 1269 1107 1330 967.

406 1363 476 1425 ὅταν
500 1358 549 1441 ἀφ’
577 1363 672 1439 ἑστίας
695 1377 757 1427 πᾶν
779 1366 875 1454 ἐλαθῇ
897 1377 991 1446 μῦσος

405 1470 607 1546 καθαρμοῖσιν
629 1463 703 1528 σἰνᾶν
727 1467 964 1550 ἐλατηρίοις.

68 1573 226 1634 Imitatus
253 1573 303 1631 est
324 1570 474 1629 nostrum
499 1568 662 1644 Oppianus
688 1568 764 1647 θρα.
788 1573 813 1632 Ι.
840 1574 902 1632 119
934 1588 1031 1633 versu
1054 1573 1140 1634 haud
1170 1571 1345 1645 ineleganti

360 1668 435 1750 εἴαρι
457 1669 592 1754 μρυσείῳ,
613 1680 746 1751 νρυερῶν
769 1670 885 1748 νεφέων
910 1670 1034 1753 ἐλατῆρι.

68 1775 176 1836 Nonni
198 1773 400 1834 imitationes
424 1772 491 1832 iam
516 1772 673 1834 indicavit
697 1773 921 1837 Schneiderus.

114 1910 159 1919 —
183 1872 427 1935 δικασπόλον
458 1870 701 1956 οδρσνόδρσι
733 1890 809 1935 eum
832 1876 915 1936 dixit
937 1876 1060 1953 Iovem,
1096 1890 1209 1936 vocem
1237 1875 1342 1935 home·

68 1981 173 2041 ricam
203 1977 318 2039 latiore
348 1990 448 2049 quam
480 1975 535 2036 ille
577 1976 725 2036 voluerat
755 1992 855 2038 sensu
891 1979 1024 2054 accepit,
1056 1978 1166 2038 minus
1194 1977 1345 2051 spectans

71 2085 110 2143 A.
138 2080 201 2141 238
230 2093 328 2153 quam
363 2077 581 2139 obscuriorem
612 2077 776 2152 Odysseae
807 2079 915 2141 locum
938 2084 962 2139 λ.
989 2080 1070 2156 186;
1094 2079 1150 2140 ubi
1172 2079 1282 2153 aperte
1305 2079 1345 2139 de

70 2199 147 2258 rege
167 2182 392 2258 accipiendum
411 2182 472 2241 est.
492 2181 529 2240 In
550 2195 613 2254 qua
633 2196 668 2241 re
687 2183 836 2242 nostrum
856 2185 989 2244 secutus
1000 2185 1052 2244 est
1062 2180 1253 2257 Apollonius
1264 2179 1345 2241 Rho·

69 2287 145 2348 dius
168 2284 224 2358 qui
246 2283 300 2344 IV.
328 2282 412 2344 1178
437 2282 563 2355 regium
587 2285 752 2356 sceptrum
776 2288 925 2362 σκῆπτρον
948 2283 1031 2345 dixit
1054 2279 1234 2342 δικασπόλον
1258 2275 1287 2352 ¹).
1300 2314 1343 2323 -

74 2384 306 2465 Οὐρανίδας
328 2385 441 2445 autem
463 2382 573 2444 dicens
592 2383 669 2444 deos
699 2385 812 2445 eodem
843 2400 942 2446 sensu
974 2400 1035 2457 quo
1059 2384 1221 2445 Homerus
1247 2380 1345 2471 Οόρα-

71 2488 184 2560 viauae
217 2484 268 2566 (ci.
294 2488 333 2547 de
355 2487 422 2546 Ian.
447 2486 468 2546 l.
491 2485 512 2546 1.
536 2501 567 2560 p.
601 2487 664 2562 50),
696 2501 769 2547 eam
800 2487 940 2547 formam
967 2486 1121 2562 praetulit
1151 2500 1250 2558 quam
1284 2485 1343 2560 pri·

71 2605 151 2652 mus
185 2588 376 2650 adhibuerat
404 2587 566 2649 Hesiodus
599 2588 693 2664 δδιιοο.
726 2589 790 2650 386
822 2591 855 2650 et
886 2590 949 2649 502
980 2590 1020 2650 de
1045 2588 1117 2663 ipsa
1148 2587 1250 2648 Urani
1277 2602 1344 2661 pro·

69 2692 177 2769 genie,
208 2692 320 2766 postea
343 2704 419 2750 vero
443 2690 482 2750 de
505 2689 622 2750 ceteris
646 2705 771 2763 quoque
799 2690 959 2751 caelicolis
984 2690 1142 2751 Pindarus
1165 2687 1265 2765 (Pplb.
1290 2688 1344 2749 IV.

75 2794 152 2863 194)
186 2785 299 2871 ,πατέρ’
336 2791 510 2871 Οὐρανιδᾶν
545 2788 766 2871 ἐγχεικέραυνον
803 2793 919 2868 Ζῆνα”,
952 2793 986 2853 et
1019 2793 1092 2866 post
1122 2805 1198 2850 eum
1231 2791 1345 2864 poetae

69 2895 198 2968 tragici.
222 2927 263 2937 ·-
288 2893 409 2954 Eadem
444 2893 551 2954 torma
584 2892 723 2953 occurrit
745 2893 779 2952 in
810 2892 937 2954 Hecales
961 2893 1056 2968 frgm.
1081 2907 1183 2968 nuper
1206 2892 1345 2953 editisa

70 2996 273 3070 Gomperzio.

119 3098 174 3158 Vs.
199 3098 229 3157 4.
254 3119 327 3174 μιν.
350 3096 541 3157 Schneidero
573 3111 669 3157 nemo
701 3113 765 3157 non
796 3097 1026 3171 suffragabitur
1049 3097 1181 3172 neganti
1204 3095 1345 3156 formam

70 3201 224 3261 Doricam
254 3200 452 3274 pronominis
476 3220 534 3275 νιν,
566 3214 649 3272 quae
683 3200 734 3259 est
764 3199 798 3259 in
823 3199 995 3275 codicibus,
1020 3198 1216 3260 Callimacho
1244 3198 1346 3271 impu·

69 3302 207 3363 tandem
230 3317 319 3376 esse;
342 3301 472 3361 omnino
493 3316 568 3361 vero
582 3300 733 3373 quamvis
754 3300 953 3374 refragrante
966 3300 1157 3362 Schneidero
1177 3300 1345 3360 restituen·
1375 3362 1381 3369 ,

69 3404 152 3464 dum
188 3402 314 3464 videtur
347 3424 406 3478 μιν.
441 3402 601 3463 Pervertit
636 3402 723 3462 enim
759 3402 957 3463 sententiam
992 3403 1076 3476 quod
1111 3402 1276 3477 proposuit
1298 3401 1348 3461 vir

71 3507 190 3567 doctus
216 3512 274 3563 νῦν
297 3505 347 3574 (ef.
373 3520 442 3578 eg.
469 3505 589 3579 Hymn.
614 3505 700 3565 hom.
725 3505 757 3564 in
782 3504 885 3579 Apoll.
911 3502 1017 3582 528.);
1042 3506 1153 3565 contra
1176 3504 1347 3577 requiritur

70 3607 282 3670 accusativus
316 3608 349 3666 ot
384 3607 629 3667 commendatur
661 3607 809 3681 exemplo
840 3607 923 3679 quod
954 3609 1029 3669 ante
1059 3608 1169 3668 oculos
1195 3605 1347 3667 habuisse

72 3709 293 3772 Callimachus
317 3709 479 3783 putandus
502 3710 562 3784 est,
588 3710 618 3768 h.
643 3708 676 3767 in
700 3709 803 3783 Apoll.
833 3710 885 3785 23,
911 3710 984 3769 207.

296 3818 359 3881 πῶς
382 3803 402 3868 ι’
429 3806 466 3888 dp
490 3804 516 3868 σ’
541 3807 675 3887 ὑμνήσω,
698 3809 815 3882 πάντας
839 3807 971 3887 εὔυμνον
994 3807 1096 3882 ἔόνια;

72 3928 118 3974 ex
153 3927 215 3985 quo
243 3911 342 3971 simul
366 3913 514 3986 apertum
542 3909 579 3971 fit
601 3911 679 3972 illud
703 3911 762 3987 καί,
785 3914 869 3986 quod
893 3913 1041 3988 inprimis
1065 3911 1198 3973 vexavit
1220 3909 1346 3970 Schnei-

71 4014 200 4089 derum,
235 4028 292 4086 pro
326 4013 489 4074 homerico
523 4034 552 4072 τε
587 4013 797 4074 substituisse
828 4015 987 4088 nostrum,
1019 4015 1051 4075 id
1081 4015 1191 4072 autem
1223 4013 1347 4086 postpo-

71 4116 183 4177 suisse
205 4125 259 4198 τῷ·
272 4116 374 4190 „noe”
399 4116 512 4176 eodem
536 4115 631 4176 modo
655 4130 716 4188 quo
736 4115 821 4175 haud
845 4130 917 4176 raro
937 4112 974 4174 fit
992 4115 1025 4175 in
1047 4115 1227 4176 Homericis
1247 4113 1349 4173 veluti

72 4220 101 4278 I.
129 4218 192 4277 196
219 4213 276 4292 ,τὼ
299 4213 349 4275 καὶ
374 4216 565 4292 δεικνύμενος
589 4213 760 4294 προσέφη”,
791 4218 824 4276 et
850 4218 885 4274 Ε.
910 4218 973 4276 633
998 4214 1049 4276 τὸν
1069 4213 1119 4274 καὶ
1145 4213 1348 4294 Τληπτόλεμος

72 4316 216 4397 πρότερος
257 4315 332 4397 πρὸς
368 4323 470 4395 μόθον
506 4315 591 4394 ἔειπε,
625 4319 814 4392 praesertim
853 4334 928 4378 vero
963 4317 1277 4392 interrogationibus
1313 4316 1350 4373 ut

109 4573 127 4638 ι)
146 4577 182 4622 Δ.
200 4575 249 4623 238
267 4588 372 4635 qnoque
395 4576 538 4623 δικασπόλον
556 4589 602 4641 pro
620 4589 680 4639 rege
698 4589 712 4621 a
729 4576 884 4638 quibusdam
906 4541 1041 4638 cooeptnm
1055 4590 1112 4626 esse
1128 4577 1238 4625 testatur
1255 4573 1350 4620 Eusta-

69 4656 145 4706 thius
161 4654 195 4702 cd
213 4655 281 4705 buno
299 4669 408 4706 versum.
