3104 5286
690 1511 774 1598 ΧΙΙ

639 1822 832 1832 ᾖ

140 2056 289 2116 Vidimus
309 2055 439 2130 Olympi
459 2056 668 2118 maiestatem
687 2058 840 2121 exornari
860 2072 897 2116 ac
920 2055 1019 2116 simul
1043 2067 1216 2115 numerum
1236 2051 1371 2110 deorum

95 2158 207 2232 augeri
238 2173 258 2217 a
286 2160 382 2232 poeta
412 2160 540 2232 nostro;
571 2158 636 2221 iarn
669 2159 774 2219 multo
804 2159 935 2234 gravior
965 2158 1068 2223 oritur
1099 2155 1263 2229 quaestio:
1295 2151 1371 2226 quid

95 2260 248 2319 universe
282 2260 321 2319 de
355 2258 489 2319 deorum
524 2262 686 2334 potestate
717 2277 755 2322 ac
785 2261 867 2338 lato,
899 2258 976 2334 quid
999 2259 1038 2318 ds
1061 2258 1237 2318 sanctitate
1261 2254 1373 2314 divina

95 2361 245 2421 censuit?
264 2361 393 2420 Abeunt
411 2375 490 2420 sane
510 2360 549 2420 ab
570 2363 640 2422 arte
660 2361 879 2424 Callimachea
898 2359 1136 2436 disputationes
1155 2356 1370 2431 theologicae,

94 2475 199 2536 neque
230 2461 324 2521 facile
356 2463 407 2520 est
437 2461 470 2520 in
501 2460 700 2535 hymnorum
731 2468 840 2540 poeta,
873 2463 965 2523 cuius
992 2461 1138 2539 postulat
1168 2458 1312 2520 officium
1337 2460 1374 2517 ut

95 2563 173 2622 deos
195 2563 349 2637 depingat
379 2563 621 2636 omnipotentes
651 2566 685 2625 et
708 2564 803 2625 beata
827 2566 896 2625 vita
918 2565 1032 2625 decore
1054 2563 1214 2636 fruentes,
1239 2560 1371 2620 investi·

95 2679 185 2739 gare,
217 2666 379 2737 quatenus
409 2665 542 2723 secutus
569 2664 670 2725 sitin
704 2667 763 2726 tali
787 2682 822 2727 re
845 2665 1030 2741 aequalium
1055 2663 1237 2739 opiniones,
1262 2664 1374 2721 utrum

94 2765 241 2826 divinam
272 2764 452 2839 potentiam
484 2765 543 2825 lati
566 2769 758 2830 necessitati
785 2768 967 2830 subiectam
990 2766 1156 2843 putaverit
1180 2780 1222 2825 an
1246 2763 1373 2839 imperi-

94 2869 222 2928 tantem
256 2866 338 2941 lato,
375 2867 532 2940 numquid
576 2884 653 2929 cum
688 2886 822 2931 summa
856 2871 991 2930 deorum
1027 2868 1172 2944 potentia
1206 2881 1374 2927 summam

94 2969 252 3029 virtutem
284 2967 492 3028 coniunctam
523 2984 597 3030 esse
629 2972 822 3032 indicaverit
852 2987 963 3034 necne.
993 2972 1131 3033 Prorsus
1154 2972 1267 3030 tamen
1291 2969 1376 3032 hanc

94 3070 320 3145 quaestionem
351 3067 521 3143 neglegere
553 3071 680 3148 nolens,
713 3074 845 3135 etiamsi
876 3089 941 3139 non
968 3073 1074 3134 multa
1104 3087 1164 3132 nec
1191 3070 1376 3135 certissima

96 3170 287 3232 testimonia
319 3172 435 3244 poetae
466 3170 505 3229 de
537 3171 597 3230 hac
628 3187 662 3232 re
694 3176 824 3250 extant,
857 3190 1031 3249 congeram
1055 3172 1209 3249 quidquid
1232 3171 1375 3253 aliquam

96 3273 217 3348 lucem,
241 3285 378 3347 parvam
402 3271 502 3330 etiam
527 3287 630 3346 neque
655 3273 890 3351 clarissimam,
916 3275 1032 3337 afferre
1056 3275 1193 3341 videtur.

141 3373 188 3434 De
217 3373 285 3433 lato
316 3370 405 3431 enirn
436 3371 513 3445 quid
538 3374 647 3434 visum
671 3376 716 3436 sit
740 3375 954 3453 callimacho,
979 3377 1112 3439 omnino
1137 3376 1256 3436 attinet
1279 3375 1376 3450 scire,

97 3474 252 3550 quoniam
275 3476 353 3533 tunc
376 3473 484 3547 ipsum
512 3473 633 3536 dehac
656 3479 847 3551 quaestione
866 3480 1014 3542 maxime
1034 3479 1193 3554 flagrabat
1212 3479 1379 3538 certarnen

97 3578 183 3638 inter
204 3576 319 3651 poetas
341 3573 552 3649 philosophos
576 3576 750 3640 historicos
777 3583 937 3656 oratores,
963 3585 1074 3641 utrum
1102 3580 1191 3640 Iovis
1213 3578 1378 3654 potentiae

98 3676 325 3751 anteponenda
349 3677 451 3751 esset,
476 3690 592 3752 necne,
618 3693 715 3740 caeca
738 3681 790 3740 vis
814 3681 1042 3758 Necessitatis,
1069 3682 1139 3743 sive
1160 3682 1285 3758 Μοῖραν
1305 3694 1379 3739 sam

98 3778 249 3840 dicebaut
270 3775 341 3836 sive
365 3775 509 3854 Ἀνάγκην
533 3779 604 3838 sive
631 3780 739 3859 Τύχην.
760 3783 868 3858 Nuper
888 3787 1036 3848 creverat
1055 3784 1220 3859 paulisper
1236 3782 1295 3842 lati
1308 3795 1378 3842 auc·

98 3881 216 3942 toritas
247 3880 281 3938 et
312 3877 438 3937 sensim
469 3881 544 3953 post
569 3881 745 3943 Alexandri
770 3887 919 3960 tempora
943 3901 981 3946 eo
1005 3886 1207 3951 devenerunt
1229 3884 1380 3954 homines

99 3980 267 4058 permulti,
294 3980 330 4038 ut
352 3978 430 4038 deos
453 3994 580 4054 quoque
605 3998 719 4044 omnes
739 3985 799 4045 fati
823 3986 949 4061 legibus
969 4002 1082 4062 parere
1102 3987 1291 4061 faterentur,
1313 3985 1380 4043 iam

100 4101 165 4145 non
178 4099 253 4144 oum
265 4082 371 4157 poetis
383 4082 518 4154 tragicis
531 4084 728 4162 dubitantes,
743 4104 823 4149 num
837 4088 949 4149 Iovem
961 4089 1106 4149 dicerent
1117 4103 1160 4148 an
1173 4086 1328 4166 Ἀνάγκην,
1339 4100 1381 4145 an

101 4187 198 4262 Δίκην
211 4197 288 4244 eum
300 4182 355 4255 qui
365 4196 534 4245 summam
547 4201 656 4248 rerum
666 4190 860 4263 gubernaret
872 4185 927 4265 ,dr'
943 4187 1069 4264 ἀψόφου
1078 4189 1193 4268 βαίνων
1202 4187 1382 4261 κελεύθου”,

100 4289 158 4351 sed
193 4283 368 4347 Menandro
399 4284 509 4357 potius
544 4288 715 4365 suffragati
748 4291 922 4353 iudicanti:
962 4291 1053 4369 ,rem
1085 4291 1216 4371 κυβερνᾷ
1252 4286 1380 4347 ndns&

103 4388 323 4454 Historiarum
352 4383 529 4459 scriptores
557 4391 653 4451 modo
676 4393 761 4452 inter
792 4393 965 4470 δαιμόνιον,
988 4393 1058 4454 vim
1085 4406 1164 4452 sane
1192 4390 1379 4465 obscuram,

102 4489 200 4566 atque
231 4486 323 4566 τύχην
350 4483 439 4544 dubii
464 4488 654 4572 haerebant,
680 4495 777 4555 modo
801 4495 1063 4572 Theophrastum
1091 4493 1210 4569 secuti,
1234 4492 1378 4567 fortuna,

102 4610 168 4658 non
199 4586 374 4665 sapientia,
411 4589 479 4665 regi
512 4594 665 4656 mortalia
694 4596 761 4657 lere
791 4598 988 4660 iudicabant.
1019 4597 1060 4658 Et
1090 4594 1381 4671 Peripateticorum
