3104 5296
809 466 871 526 108
1212 466 1269 526 ΙΙΙ.
1295 467 1475 527 aer-256

322 653 386 713 255
445 645 465 712 ἆ
492 651 586 725 δειλὸς
609 651 755 732 βασιλέων
780 653 851 715 ὅσον
874 651 979 732 η’λιτεν·
1003 651 1119 734 οὐγὰρ
1142 651 1259 730 ἔμελλεν

443 748 502 815 οὔτ’
527 752 616 828 αὐτὸς
638 755 816 835 Σκοθίηνδε
839 750 1014 832 παλιμπετὲς
1038 752 1105 816 οὔτε
1127 777 1170 827 τις
1192 751 1290 831 ἄλλος,

444 854 541 916 ὅσσων
565 854 597 917 ἐν
620 861 740 935 λειμῶνι
768 857 922 942 Καϋστρίηο
945 854 1033 917 ἔσταν
1056 855 1176 934 ἅμαξαι,

443 957 605 1037 νοστήσειν·
626 953 755 1036 Ἐφέσου
777 957 834 1040 γὰρ
859 957 904 1019 ἀεὶ
927 957 976 1019 ted
999 958 1068 1032 τόξα
1090 957 1249 1036 πρόκειται.

201 1056 364 1132 Quantum
391 1061 498 1133 potest
520 1060 572 1120 hic
595 1061 657 1121 sibi
680 1061 826 1135 indulget
856 1063 966 1122 noster
989 1061 1021 1121 in
1046 1060 1186 1121 Homero
1209 1060 1381 1136 imitando,
1406 1060 1478 1120 illu·

199 1159 404 1236 strandoque,
428 1161 480 1221 vel
503 1163 633 1222 tantum
656 1163 744 1224 iocos
767 1163 969 1224 obscuriores
988 1163 1137 1223 notando.
1159 1162 1243 1222 Nam
1264 1163 1399 1226 vs.,2bl
1422 1177 1476 1222 ex·

198 1261 318 1333 quisito
348 1258 531 1322 ἀπειλεῖν
561 1280 626 1325 non
654 1265 845 1340 simpliciter·
873 1264 1044 1325 minitandi
1067 1279 1166 1325 seusu
1189 1264 1330 1339 adhibet,
1357 1277 1477 1324 verum

198 1377 239 1423 ea
261 1363 294 1423 vi
317 1378 416 1437 quam
439 1366 536 1427 habet
559 1367 598 1425 N.
623 1368 686 1427 219

878 1475 938 1528 ποῦ
961 1490 1005 1528 τοι
1031 1463 1149 1527 ἀπειλαὶ

442 1566 572 1647 οἴχονται
593 1567 644 1641 τὰς
670 1567 785 1650 Τρωσίν
808 1567 944 1631 ἀπείλεον
966 1562 1029 1642 υἷες
1052 1571 1190 1650 Ἀχαιῶν,

198 1667 294 1743 probe
325 1669 412 1729 enim
442 1673 578 1731 noverat
608 1675 720 1734 noster
748 1673 781 1734 id
811 1673 896 1747 quod
920 1674 1033 1748 postea
1056 1672 1233 1734 docuerunt
1256 1670 1475 1732 Grammatici

198 1770 237 1831 de
260 1770 358 1831 verbo
380 1767 510 1831 ἀπειλεῖν
534 1773 651 1848 (Etym.
676 1775 780 1850 Magn.
808 1777 881 1845 121)
909 1773 1064 1852 ,σημαίνει
1088 1772 1159 1851 τοία·
1184 1770 1217 1832 τὸ
1238 1779 1406 1849 καυχῶμαι,
1425 1769 1475 1830 ἐπὶ

198 1865 231 1931 δὲ
253 1869 350 1949 εὐχῆς,
372 1869 420 1932 ἐπὶ
443 1869 476 1933 di
499 1869 619 1953 dori&
652 1877 771 1937 Eodem
800 1879 912 1938 autem
937 1892 1044 1951 versu,
1068 1878 1239 1948 tamquam
1259 1872 1386 1947 epicam
1410 1872 1474 1934 dic·

198 1974 321 2034 tionem
340 1975 442 2036 ditare
465 1975 608 2052 cepione,
632 1993 652 2037 a
675 1978 808 2051 tragicis
832 1978 916 2048 (Eur.
945 1977 1037 2038 Oreat.
1052 1978 1116 2038 525
1136 1973 1256 2053 μανίαις
1275 1969 1410 2033 ἀλαίνων
1422 1970 1475 2033 καλ

197 2073 316 2154 φόβοις,
351 2077 391 2137 cf.
427 2078 543 2138 Aesch.
575 2077 692 2154 Apum.
726 2080 778 2150 82)
814 2080 951 2140 verbum
986 2075 1168 2137 ἀλαίνειν
1202 2076 1334 2151 sumsit,
1371 2075 1475 2136 simul

196 2178 308 2237 tamen
336 2180 373 2238 ut
396 2179 568 2239 homericis
591 2180 705 2242 formis
736 2177 874 2259 ἠλάσκειν
898 2183 941 2252 (Β.
967 2183 1048 2257 470;
1075 2181 1114 2239 N.
1141 2180 1214 2249 104)
1238 2173 1474 2254 stitueretur»

198 2280 244 2349 (Σ.
269 2278 344 2350 281)
367 2280 474 2354 magis
496 2282 692 2359 conveniret,
716 2283 735 2342 α
758 2283 831 2361 15η
856 2285 984 2343 mutato
1007 2278 1138 2360 ἠλαίναν
1162 2279 1300 2354 scripsit.
1320 2279 1374 2339 Ita
1394 2294 1474 2358 uero

198 2382 235 2440 ut
254 2382 287 2439 Β.
300 2382 365 2441 800
384 2382 547 2443 Homerus
566 2383 708 2446 dixerat:
734 2384 819 2463 ,λίην
838 2383 894 2464 γὰρ
915 2384 1071 2460 φύλλοισιν
1091 2380 1216 2452 ἐοικότες
1232 2376 1476 2459 ἢψαμάθοισι”,

195 2483 242 2543 ita
269 2486 379 2544 noster
408 2484 582 2569 ψαμάθῳ
606 2484 695 2545 ἴσον
718 2490 813 2548 vocat
836 2502 954 2561 agmen
978 2485 1061 2559 quod
1084 2485 1173 2545 ducit
1196 2483 1382 2559 Lygdamis.
1407 2483 1474 2544 Eos

195 2584 309 2646 deinde
342 2586 465 2646 milites
499 2602 575 2648 cum
609 2588 687 2648 dicit
723 2586 891 2666 στρατὸν
934 2587 1197 2664 ἱππημολγῶν
1236 2584 1474 2661 Κιμμερίων

195 2686 370 2747 admodum
400 2688 533 2748 dubium
565 2690 616 2749 est
647 2692 759 2749 utrum
789 2691 829 2750 ab
861 2704 973 2750 eorum
1003 2690 1093 2763 parte
1117 2688 1246 2749 steterit
1268 2688 1391 2762 noster,
1415 2689 1474 2761 qui

195 2787 234 2846 N.
266 2789 286 2848 5
324 2785 465 2868 ,ἀγαυῶν
492 2783 723 2869 Ἵππημολγῶν”
766 2792 944 2852 scriberent
977 2806 1053 2851 cum
1087 2789 1262 2866 Demetrio,
1296 2805 1338 2850 an
1374 2791 1473 2863 (quod

195 2889 300 2962 magis
328 2891 468 2960 credam)
495 2892 656 2966 opinatus.
676 2893 720 2953 sit
745 2896 896 2972 ,Nyooov
919 2891 1135 2970 ι’ππημολγῶν”
1165 2907 1237 2952 esse
1261 2891 1472 2952 scribendum

195 2991 246 3060 (ci.
271 2991 375 3052 Schoi.
400 2993 440 3052 ad
465 2993 505 3051 N.
531 2996 571 3062 5).
605 2994 763 3070 Quoniam
795 2996 905 3055 autom
933 2994 993 3054 hoc
1024 2993 1093 3054 loco
1124 2995 1213 3053 totus
1242 2993 1348 3053 estin
1374 2993 1472 3054 inter·

195 3093 374 3166 pretatione
425 3094 588 3156 homerica
638 3095 865 3169 callimachus,
910 3095 1042 3156 omnino
1084 3098 1195 3156 contra
1237 3093 1471 3155 Schneiderum

197 3209 244 3253 vs.
277 3195 341 3255 254
373 3192 538 3274 κεκριμένοι
572 3197 635 3270 legi
658 3198 824 3258 iubentem
847 3197 1047 3259 defendenda
1074 3199 1126 3257 est
1150 3196 1297 3257 codicum
1321 3196 1471 3256 omnium

195 3294 290 3356 lectio
320 3293 557 3372 κεκλιμένοι.
594 3298 682 3374 Quod
713 3299 800 3359 enim
837 3299 942 3358 virum
974 3299 1104 3359 doctum
1136 3297 1279 3371 offendit,
1304 3294 1472 3373 κεκλιμένοι

196 3396 343 3457 absolute
372 3398 526 3475 positum,
550 3399 583 3459 id
609 3400 675 3459 iam
700 3415 737 3460 eo
761 3400 930 3461 defendere
953 3399 1092 3460 fortasse
1115 3401 1241 3473 poterat
1263 3400 1360 3472 poeta
1386 3399 1472 3472 quod

195 3500 234 3555 A.
260 3499 321 3558 758
346 3498 401 3558 ubi
424 3515 509 3560 nunc
533 3501 638 3574 (idque
662 3503 759 3572 recte)
784 3501 889 3561 editur

791 3599 842 3662 καί
866 3601 1005 3661 histrico
1029 3599 1106 3660 ἔνθα
1128 3599 1245 3677 κολώνη

441 3700 578 3781 κέκληται

197 3804 287 3864 varia
306 3805 383 3864 oiim
405 3806 538 3867 extabat
557 3807 653 3868 lectio
676 3803 843 3883 ,κέκλιται”
865 3806 984 3879 (Etym.
1005 3805 1110 3878 Magn.
1126 3806 1178 3866 81.
1193 3805 1255 3875 391.
1276 3803 1342 3864 Νεο
1357 3805 1472 3866 tamen

197 3920 236 3966 aa
256 3905 440 3968 defensione
463 3924 543 3969 usus
567 3912 655 3969 esset
677 3909 797 3984 opinor,
825 3923 903 3968 nam
935 3904 1057 3986 ,παρὰ
1079 3904 1205 3984 πόρον
1235 3902 1474 3980 κεκλιμένοι

196 4023 311 4083 parum
323 4008 451 4070 differre
463 4011 493 4070 ei
507 4010 674 4072 videbatur
685 4011 724 4070 ab
737 4009 910 4070 homericis
923 4008 987 4069 iliis
1004 4004 1070 4084 ,ἁλὶ
1080 4003 1255 4084 κεκλιμένη”
1266 4011 1302 4077 (ν.
1313 4008 1401 4083 235),
1415 4011 1474 4070 aut

199 4108 305 4194 ,λίμνη
335 4107 503 4186 κεκλιμένος
531 4110 698 4188 Κηφεσίδι”
732 4112 780 4181 (Ε.
808 4113 881 4180 709)
913 4110 953 4170 ad
981 4125 1063 4183 quae
1092 4109 1222 4184 propius
1243 4109 1366 4169 accedit
1386 4125 1472 4170 com·

195 4213 337 4287 positum
361 4213 496 4273 verbum
520 4228 594 4273 cum
620 4213 729 4274 dativo
751 4214 959 4288 coniungens,
982 4211 1036 4272 IV.
1056 4213 1096 4271 72
1120 4207 1327 4289 παρακέκλιται
1347 4202 1473 4293 Ἰσθμῷ.

239 4312 284 4373 De
304 4314 420 4374 ceteris
438 4314 606 4375 absolvam
625 4317 754 4390 paucis:
776 4330 927 4376 revocare
949 4314 1037 4374 enim
1058 4329 1107 4373 vs
1122 4315 1185 4374 255
1207 4311 1340 4372 Homeri
1357 4311 1380 4383 ξ.
1395 4312 1473 4386 861,

194 4438 226 4491 φ.
253 4415 327 4491 288,
360 4418 393 4475 et
425 4431 521 4476 versu
548 4418 611 4476 256
635 4417 793 4477 illustrari
817 4417 1018 4477 homericum
1050 4436 1071 4474 ε.
1097 4416 1149 4491 27,
1173 4414 1205 4473 id
1232 4427 1364 4478 mouere
1388 4414 1473 4473 satis

196 4517 256 4577 ost.
289 4517 467 4577 Postremis
498 4522 608 4578 autem
642 4518 788 4579 versibus
819 4518 901 4579 duos
934 4517 1115 4578 homericos
1148 4528 1261 4576 versus
1293 4514 1472 4590 coniungit.

196 4617 350 4693 Spectant
372 4618 460 4678 enim
486 4620 516 4676 Β.
542 4620 717 4681 ibe—468
743 4623 776 4681 et
798 4620 989 4694 praesertim
1015 4620 1076 4680 461
1100 4620 1132 4678 et
1157 4618 1238 4677 467:
