3090 5294
842 480 883 543 68
1290 480 1348 542 ΙΙΙ.
1373 478 1494 542 80-85

446 664 480 727 αἱ
502 662 535 727 δέ
554 659 578 726 κ’
603 663 659 747 ἐγὼ
682 664 777 740 τόξοις
801 666 907 746 μονιὸν
930 666 1021 742 δάκος
1043 665 1063 748 ἤ
1087 691 1115 729 τι
1138 657 1272 748 πέλωρον

349 771 390 830 85
446 766 558 848 θηρίον
582 764 725 849 ἀγρεύσω,
746 770 779 829 τὸ
803 766 909 830 δέκεο
933 771 1096 844 Κύκλωπες
1119 757 1247 833 ἔδοιεν.”

271 871 431 933 Hesiodea
451 873 484 933 et
508 871 714 945 Hymnorum
737 872 836 932 verba
855 888 941 934 nunc
962 888 1026 934 una
1047 888 1122 935 cum
1142 872 1316 935 homericis
1333 873 1367 934 in
1379 873 1496 949 epicam

224 987 318 1033 suam
336 973 511 1035 dictionem
530 972 655 1051 accipit,
679 975 859 1048 miscetque
879 974 963 1037 inter
983 991 1029 1037 se.
1058 976 1109 1036 Ita
1130 991 1177 1036 vs.
1199 975 1242 1035 80
1265 972 1496 1056 αρσσλέξασ-

224 1079 294 1134 θαι
322 1065 522 1136 homericum
552 1090 615 1136 non
644 1078 704 1152 est,
734 1078 769 1136 at
803 1077 941 1138 occurrit
968 1077 1000 1137 in
1033 1076 1166 1138 Hesiodi
1201 1075 1275 1153 Opp.
1308 1077 1375 1137 499
1409 1074 1496 1154 ,aaut

223 1173 494 1257 προσελέξατο
518 1177 662 1260 θομῳ”,
686 1177 778 1237 cuius
798 1193 913 1238 versus
935 1178 1063 1239 numeri
1084 1180 1117 1238 et
1137 1192 1236 1238 sonus
1248 1178 1317 1253 ipse
1330 1178 1496 1239 verborum

224 1282 364 1354 arguunt
383 1279 571 1355 exemplum
591 1279 664 1340 inde
684 1281 844 1341 sumsisse
866 1279 1119 1355 Callimachum
1141 1280 1210 1356 ipse
1230 1281 1342 1341 autem
1362 1280 1495 1356 Operum

224 1384 319 1457 poeta
341 1381 408 1442 iam
431 1381 570 1442 finxerat
594 1397 668 1442 eum
691 1397 823 1442 versum
844 1398 886 1443 ex
906 1387 946 1444 A.
968 1384 1032 1443 407
1058 1379 1150 1459 ,tus
1168 1380 1215 1460 τίη
1235 1403 1285 1459 μοι
1303 1389 1398 1442 ταῦτα
1417 1381 1496 1460 φίλος

223 1479 367 1555 διελέξατο
387 1481 487 1559 θυμός
496 1485 524 1554 ;”
545 1497 711 1543 summam
732 1484 819 1544 enim
840 1499 953 1545 curam
972 1484 1130 1546 adhibent
1150 1485 1263 1559 poetae
1282 1485 1320 1544 ut
1331 1483 1417 1545 tales
1433 1484 1494 1544 imi·

222 1586 363 1647 tationes
386 1601 449 1646 non
474 1585 598 1646 lateant
621 1585 678 1646 sed
700 1586 815 1646 statim
838 1584 1004 1663 patefiant,
1026 1587 1098 1647 ideo
1124 1585 1315 1662 plerumque
1334 1587 1368 1646 in
1387 1587 1495 1647 eadem

223 1705 337 1750 versus
360 1688 437 1749 sede
461 1687 619 1749 collocant
642 1687 749 1762 verba,
774 1701 873 1760 quam
897 1688 984 1762 apud
1009 1688 1180 1763 antiquum
1205 1689 1336 1763 poetam
1360 1687 1494 1748 obtinue-

222 1792 298 1850 runt
321 1784 352 1861 ¹).
373 1790 434 1865 Ita,
455 1805 531 1850 cum
553 1788 714 1849 Hesiodus
733 1788 765 1848 in
786 1803 824 1848 eo
844 1803 942 1862 quem
960 1788 1061 1850 citavi
1074 1804 1169 1870 versu
1184 1787 1316 1850 brevem
1337 1789 1495 1863 syllabam

221 1891 392 1970 litterisr'rp
412 1891 602 1966 productam
621 1891 654 1951 in
671 1891 736 1950 arsi
748 1891 912 1965 posuisset
932 1883 1019 1969 κακοὶ,
1039 1891 1150 1952 sedulo
1172 1891 1259 1952 dedit
1278 1907 1412 1966 operam
1435 1891 1493 1953 ilai·

221 1994 383 2055 limachus
402 1995 439 2055 ut
450 1994 519 2069 ipse
531 2007 657 2067 quoque
672 1990 781 2068 „adde”
794 1992 950 2053 scriberet
958 2011 966 2068 ;
980 1993 1027 2053 ita
1039 2008 1113 2053 cum
1126 1992 1230 2054 semel
1242 1995 1374 2054 tantum
1390 1993 1493 2054 mulie·

222 2078 292 2157 rem
312 2097 395 2157 dixit
416 2096 578 2156 Homerus
597 2090 787 2173 θαρσαλέηνι
806 2115 829 2153 τ.
844 2095 883 2154 91
910 2093 1046 2171 ηαάνεως
1064 2090 1250 2174 θαρσαλέη”,
1263 2095 1436 2170 posuitque
1448 2110 1493 2156 vo·

223 2214 294 2260 cem
315 2199 348 2259 in
368 2199 433 2259 arsi
453 2197 604 2273 secunda,
625 2196 711 2257 idem
731 2195 1039 2258 observavitnoster
1052 2212 1099 2258 vs.
1113 2196 1174 2271 803
1187 2196 1234 2257 ita
1246 2212 1322 2257 cum
1335 2196 1493 2259 Homerus

222 2315 351 2375 semper
367 2296 493 2378 βέλεμνα
505 2299 538 2359 in
550 2298 668 2358 ultima
680 2297 756 2358 sede
771 2312 885 2358 versus
897 2297 1005 2372 posuit
1017 2300 1050 2359 et
1062 2297 1178 2375 κληῖδα,
1189 2296 1286 2375 κληῖδι
1298 2298 1346 2358 sic
1359 2299 1492 2374 pierum-

222 2416 283 2475 que
296 2403 333 2462 ut
344 2423 363 2478 η
375 2401 408 2461 in
428 2401 513 2462 thesi
530 2402 646 2473 quarta
658 2400 851 2460 collocatum
864 2383 1010 2475 essetffi
1022 2400 1134 2460 autem
1148 2399 1395 2461 antecedentem
1410 2416 1492 2463 voca·

222 2503 287 2565 lem
300 2503 520 2578 producerent,
534 2504 708 2575 utrumque
716 2503 850 2561 secutus
858 2502 969 2562 noster
983 2503 1174 2578 ,κατακλη
1184 2499 1249 2559 ida
1267 2500 1309 2580 βε
1320 2505 1336 2561 λ
1347 2498 1493 2580 έμοον”

221 2605 360 2680 scripsit,
385 2619 584 2678 quamquam
608 2617 672 2664 non
696 2602 837 2664 Homero
861 2618 975 2664 verum
996 2603 1138 2679 tragicis,
1159 2602 1297 2663 fortasse
1322 2604 1491 2680 Aeschylo,

221 2706 275 2780 qui
296 2705 379 2767 Pera.
410 2707 493 2766 1023
514 2706 700 2780 pharetram
721 2701 879 2781 θησαυρὸν
903 2700 1050 2783 βελέεσσιν
1074 2705 1257 2779 vocaverat,
1282 2703 1391 2779 ipsam
1415 2706 1492 2767 locu·

220 2809 343 2869 tionem
367 2807 471 2868 debet.
492 2807 530 2867 In
555 2807 646 2866 tanta
666 2807 777 2866 autem
804 2805 866 2866 flde
887 2805 1037 2866 imitandi
1056 2805 1236 2866 cavendum
1257 2806 1350 2866 nobis
1372 2807 1495 2869 videtur

221 2924 261 2969 ne
285 2909 370 2969 ultro
392 2907 603 2968 obtrudamus
627 2906 824 2968 Callimacho
844 2907 966 2968 formas
986 2922 1069 2980 quae
1093 2922 1166 2967 cum
1181 2906 1314 2968 Homeri
1326 2912 1493 2970 consuetu·

220 3011 293 3072 dine
326 3013 481 3085 pugnent.
519 3010 622 3085 Quare
656 3009 764 3083 potius
796 3025 872 3070 cum
903 3007 1104 3069 Blomfleldio
1128 3008 1300 3069 audiamus
1324 3011 1493 3084 antiquum

222 3114 435 3175 correctorem
468 3113 523 3185 qui
552 3113 585 3172 in
608 3110 675 3172 cod.
701 3111 725 3170 L
749 3111 788 3171 ad
813 3126 861 3172 vs.
887 3111 926 3171 81
953 3111 1124 3184 adscripsit
1147 3109 1180 3170 in
1204 3111 1349 3185 margine
1378 3109 1495 3191 κάμοὶ

221 3231 320 3289 quam
344 3214 543 3289 accipiamus
567 3212 716 3274 Meinekii
740 3213 971 3273 correctionem
996 3208 1094 3290 κήμοί.
1117 3212 1207 3272 Licet
1235 3212 1324 3273 enim
1349 3211 1492 3275 Callima·

222 3318 302 3377 chus
335 3316 434 3377 latius
464 3316 609 3390 patuisse
640 3331 768 3377 oraseos
803 3331 900 3375 usum
932 3315 965 3375 in
996 3314 1168 3375 homericis
1203 3317 1367 3389 putaverit
1399 3331 1492 3391 quam

222 3419 314 3479 nobis
356 3419 449 3480 hodie
490 3420 653 3493 probatur,
693 3417 967 3490 vindicaveritque
1006 3416 1128 3477 formas
1160 3417 1273 3490 quales
1307 3419 1387 3478 sunt
1426 3410 1493 3493 ὦσα,

221 3515 423 3595 τώαόλλωνος,
455 3520 494 3580 de
525 3519 640 3592 quibus
671 3519 736 3579 dixi
758 3533 829 3593 pag.
857 3519 908 3595 18,
937 3519 1045 3579 crasin
1068 3513 1160 3597 κήγὼ,
1181 3513 1256 3596 evipi
1283 3518 1316 3578 in
1340 3520 1491 3595 epigram·

222 3620 322 3681 matis
359 3621 471 3682 Dorice
515 3620 704 3695 conscriptis
746 3622 832 3680 recte
875 3618 1030 3694 adhibuit,
1078 3622 1113 3680 at
1153 3621 1251 3696 epigr.
1285 3621 1326 3680 24
1366 3623 1492 3699 scripsit

220 3718 303 3800 κάμέ.
346 3721 412 3782 Νοο
446 3722 545 3795 igitur
583 3724 665 3783 satis
700 3721 883 3784 emendatio
915 3721 1064 3782 Meinekii
1096 3721 1201 3783 fulciri
1235 3722 1364 3783 videtur
1397 3726 1489 3801 epigr.

225 3825 263 3884 12
295 3819 454 3902 κήαέμοσε,
485 3823 522 3885 ir.
558 3825 619 3884 128
652 3826 762 3886 autem
786 3820 867 3904 κήγὼ
891 3824 1081 3885 correctioni
1105 3823 1248 3885 debetur.
1274 3858 1314 3868 -
1345 3823 1489 3887 Ceterum

221 3940 419 3999 quamquam
453 3927 486 3987 et
521 3942 636 3987 versus
670 3926 712 3986 85
749 3925 843 4007 offert
874 3926 967 3986 nobis
997 3926 1153 3987 homerici
1178 3940 1292 3986 versus
1317 3925 1488 3988 frustulum

220 4028 303 4102 quod
337 4031 451 4102 poetae
485 4028 567 4088 satis
601 4028 785 4103 importune
820 4027 853 4087 in
890 4029 1036 4088 mentem
1072 4028 1255 4088 occurrerat
1290 4027 1328 4087 X.
1364 4029 1407 4087 42
1442 4027 1487 4099 (ci.

220 4132 258 4190 Σ.
284 4131 358 4199 271)
381 4128 453 4207 τάχα
475 4125 527 4188 κέν
551 4126 564 4188 ἒ
586 4128 674 4201 κύνες
696 4125 747 4188 καὶ
769 4127 861 4208 γύπες
886 4124 991 4205 ἔδοιεν,
1013 4128 1134 4203 placuit
1158 4128 1187 4189 ei
1208 4129 1319 4188 tamen
1343 4129 1488 4189 adhibere
1541 4203 1542 4207 ἵ

220 4232 355 4293 verbum
376 4233 484 4292 minus
505 4232 706 4293 homericum
730 4227 884 4310 ἀγρεύω
907 4234 946 4291 ut
968 4230 1024 4291 Ill.
1040 4231 1104 4290 218
1134 4226 1319 4309 ἀγρεοτῆρες,
1338 4245 1422 4303 quae
1443 4246 1485 4290 vo·
1541 4252 1542 4304 3

220 4349 274 4394 ces
298 4335 493 4408 tragicorum
516 4337 594 4395 sunt
616 4349 672 4409 pro
698 4333 786 4408 epico
809 4330 892 4411 θήρη
916 4331 1038 4410 deperio
1066 4333 1142 4393 cett.
1169 4325 1191 4401 ²)
1214 4331 1378 4404 simulque
1402 4332 1486 4394 docte

253 4574 273 4642 ¹)
290 4579 329 4626 De
346 4578 416 4625 vocis
432 4583 503 4636 τῆμος
518 4589 567 4623 nsn
585 4576 753 4625 callimacheo
772 4577 805 4624 ni.
822 4576 854 4623 sd
872 4576 916 4624 1v.
935 4579 990 4625 108.

251 4654 273 4726 ²)
290 4659 349 4725 ἄγρη
367 4658 478 4704 occurrit
494 4656 535 4703 IV.
555 4657 612 4716 229,
631 4656 663 4703 do
681 4669 732 4718 quo
750 4656 806 4704 loeo
824 4657 891 4704 inira
908 4657 975 4707 ride.
