<?xml version="1.0" encoding="UTF-8"?>
<!DOCTYPE html PUBLIC "-//W3C//DTD XHTML 1.0 Transitional//EN"
    "http://www.w3.org/TR/xhtml1/DTD/xhtml1-transitional.dtd">
<html xmlns="http://www.w3.org/1999/xhtml" xml:lang="en" lang="en">
 <head>
  <title>
</title>
<meta http-equiv="Content-Type" content="text/html;charset=utf-8" />
  <meta name='ocr-system' content='tesseract 3.04.00' />
  <meta name='ocr-capabilities' content='ocr_page ocr_carea ocr_par ocr_line ocrx_word'/>
</head>
<body>
  <div class='ocr_page' id='page_1' title='image "./studiacallimach01kuipgoog_0399.png"; bbox 0 0 3104 5286; ppageno 0'>
   <div class='ocr_carea' id='block_1_1' title="bbox 813 475 876 535">
    <p class='ocr_par' dir='ltr' id='par_1_1' title="bbox 813 475 876 535">
     <span class='ocr_line' id='line_1_1' title="bbox 813 475 876 535; baseline 0 0"><span class='ocrx_word' id='word_1_1' title='bbox 813 475 876 535; x_wconf 85' lang='grc'>188</span> 
     </span>
    </p>
   </div>
   <div class='ocr_carea' id='block_1_2' title="bbox 203 660 1489 3081">
    <p class='ocr_par' dir='ltr' id='par_1_2' title="bbox 205 660 1485 1961">
     <span class='ocr_line' id='line_1_2' title="bbox 206 660 1483 739; baseline -0.002 -12"><span class='ocrx_word' id='word_1_2' title='bbox 206 680 286 727; x_wconf 88' lang='lat' dir='ltr'>sene</span> <span class='ocrx_word' id='word_1_3' title='bbox 314 667 348 724; x_wconf 91' lang='lat' dir='ltr'>iu</span> <span class='ocrx_word' id='word_1_4' title='bbox 377 664 448 725; x_wconf 92' lang='lat' dir='ltr'>eius</span> <span class='ocrx_word' id='word_1_5' title='bbox 478 663 586 723; x_wconf 80' lang='lat' dir='ltr'>herois</span> <span class='ocrx_word' id='word_1_6' title='bbox 617 662 796 722; x_wconf 78' lang='lat' dir='ltr'>voracitate</span> <span class='ocrx_word' id='word_1_7' title='bbox 823 660 997 722; x_wconf 87' lang='lat' dir='ltr'>deridenda</span> <span class='ocrx_word' id='word_1_8' title='bbox 1019 661 1204 723; x_wconf 82' lang='lat' dir='ltr'>fabularum</span> <span class='ocrx_word' id='word_1_9' title='bbox 1229 664 1483 739; x_wconf 90' lang='lat' dir='ltr'>dramatumque</span> 
     </span>
     <span class='ocr_line' id='line_1_3' title="bbox 205 761 1484 842; baseline -0.002 -14"><span class='ocrx_word' id='word_1_10' title='bbox 205 768 422 842; x_wconf 90' lang='lat' dir='ltr'>satyricorum</span> <span class='ocrx_word' id='word_1_11' title='bbox 446 768 577 841; x_wconf 90' lang='lat' dir='ltr'>poetae;</span> <span class='ocrx_word' id='word_1_12' title='bbox 600 763 658 823; x_wconf 92' lang='lat' dir='ltr'>sed</span> <span class='ocrx_word' id='word_1_13' title='bbox 681 762 715 821; x_wconf 93' lang='lat' dir='ltr'>in</span> <span class='ocrx_word' id='word_1_14' title='bbox 742 761 941 824; x_wconf 76' lang='lat' dir='ltr'>Callimacho</span> <span class='ocrx_word' id='word_1_15' title='bbox 964 763 1168 839; x_wconf 80' lang='lat' dir='ltr'>frigidissimi</span> <span class='ocrx_word' id='word_1_16' title='bbox 1192 765 1230 825; x_wconf 89' lang='lat' dir='ltr'>de</span> <span class='ocrx_word' id='word_1_17' title='bbox 1256 765 1396 827; x_wconf 84' lang='lat' dir='ltr'>Hercule</span> <span class='ocrx_word' id='word_1_18' title='bbox 1420 766 1484 826; x_wconf 89' lang='lat' dir='ltr'>ioci</span> 
     </span>
     <span class='ocr_line' id='line_1_4' title="bbox 207 865 1484 943; baseline -0.002 -13"><span class='ocrx_word' id='word_1_19' title='bbox 207 886 245 930; x_wconf 94' lang='lat' dir='ltr'>eo</span> <span class='ocrx_word' id='word_1_20' title='bbox 274 869 385 929; x_wconf 91' lang='lat' dir='ltr'>minus</span> <span class='ocrx_word' id='word_1_21' title='bbox 408 867 538 943; x_wconf 81' lang='lat' dir='ltr'>placent</span> <span class='ocrx_word' id='word_1_22' title='bbox 568 881 630 940; x_wconf 92' lang='lat' dir='ltr'>quc</span> <span class='ocrx_word' id='word_1_23' title='bbox 658 865 765 939; x_wconf 92' lang='lat' dir='ltr'>magis</span> <span class='ocrx_word' id='word_1_24' title='bbox 791 867 998 926; x_wconf 87' lang='lat' dir='ltr'>recordamur</span> <span class='ocrx_word' id='word_1_25' title='bbox 1020 868 1141 940; x_wconf 89' lang='lat' dir='ltr'>quanto</span> <span class='ocrx_word' id='word_1_26' title='bbox 1168 866 1275 928; x_wconf 92' lang='lat' dir='ltr'>studio</span> <span class='ocrx_word' id='word_1_27' title='bbox 1299 867 1484 942; x_wconf 84' lang='lat' dir='ltr'>philosophi</span> 
     </span>
     <span class='ocr_line' id='line_1_5' title="bbox 206 964 1484 1043; baseline -0.002 -12"><span class='ocrx_word' id='word_1_28' title='bbox 206 986 246 1031; x_wconf 90' lang='lat' dir='ltr'>ea</span> <span class='ocrx_word' id='word_1_29' title='bbox 268 972 376 1031; x_wconf 89' lang='lat' dir='ltr'>aetate</span> <span class='ocrx_word' id='word_1_30' title='bbox 398 970 431 1030; x_wconf 91' lang='lat' dir='ltr'>id</span> <span class='ocrx_word' id='word_1_31' title='bbox 455 967 691 1041; x_wconf 79' lang='lat' dir='ltr'>contenderint,</span> <span class='ocrx_word' id='word_1_32' title='bbox 717 964 913 1039; x_wconf 76' lang='lat' dir='ltr'>Cynicorum</span> <span class='ocrx_word' id='word_1_33' title='bbox 931 967 1126 1041; x_wconf 90' lang='lat' dir='ltr'>praesertim</span> <span class='ocrx_word' id='word_1_34' title='bbox 1146 967 1298 1042; x_wconf 86' lang='lat' dir='ltr'>exemplo</span> <span class='ocrx_word' id='word_1_35' title='bbox 1318 969 1424 1043; x_wconf 87' lang='lat' dir='ltr'>ducti,</span> <span class='ocrx_word' id='word_1_36' title='bbox 1447 971 1484 1029; x_wconf 93' lang='lat' dir='ltr'>ut</span> 
     </span>
     <span class='ocr_line' id='line_1_6' title="bbox 206 1067 1484 1145; baseline -0.002 -12"><span class='ocrx_word' id='word_1_37' title='bbox 206 1072 381 1133; x_wconf 86' lang='lat' dir='ltr'>Herculem</span> <span class='ocrx_word' id='word_1_38' title='bbox 411 1070 604 1131; x_wconf 88' lang='lat' dir='ltr'>mortalibus</span> <span class='ocrx_word' id='word_1_39' title='bbox 634 1067 836 1141; x_wconf 89' lang='lat' dir='ltr'>sequendum</span> <span class='ocrx_word' id='word_1_40' title='bbox 867 1069 900 1127; x_wconf 90' lang='lat' dir='ltr'>et</span> <span class='ocrx_word' id='word_1_41' title='bbox 927 1068 1124 1129; x_wconf 89' lang='lat' dir='ltr'>imitandum</span> <span class='ocrx_word' id='word_1_42' title='bbox 1147 1071 1373 1145; x_wconf 88' lang='lat' dir='ltr'>proponerent.</span> <span class='ocrx_word' id='word_1_43' title='bbox 1399 1069 1484 1145; x_wconf 80' lang='lat' dir='ltr'>Quin</span> 
     </span>
     <span class='ocr_line' id='line_1_7' title="bbox 207 1169 1484 1247; baseline 0 -14"><span class='ocrx_word' id='word_1_44' title='bbox 207 1175 308 1234; x_wconf 92' lang='lat' dir='ltr'>etiam</span> <span class='ocrx_word' id='word_1_45' title='bbox 339 1174 372 1234; x_wconf 94' lang='lat' dir='ltr'>in</span> <span class='ocrx_word' id='word_1_46' title='bbox 403 1173 507 1233; x_wconf 89' lang='lat' dir='ltr'>aulico</span> <span class='ocrx_word' id='word_1_47' title='bbox 538 1173 634 1247; x_wconf 88' lang='lat' dir='ltr'>poeta</span> <span class='ocrx_word' id='word_1_48' title='bbox 663 1169 794 1230; x_wconf 85' lang='lat' dir='ltr'>miraris</span> <span class='ocrx_word' id='word_1_49' title='bbox 817 1169 898 1246; x_wconf 86' lang='lat' dir='ltr'>iere,</span> <span class='ocrx_word' id='word_1_50' title='bbox 923 1170 1008 1244; x_wconf 91' lang='lat' dir='ltr'>quod</span> <span class='ocrx_word' id='word_1_51' title='bbox 1030 1171 1115 1232; x_wconf 92' lang='lat' dir='ltr'>ridet</span> <span class='ocrx_word' id='word_1_52' title='bbox 1137 1172 1230 1231; x_wconf 92' lang='lat' dir='ltr'>illum</span> <span class='ocrx_word' id='word_1_53' title='bbox 1254 1173 1352 1234; x_wconf 92' lang='lat' dir='ltr'>deum</span> <span class='ocrx_word' id='word_1_54' title='bbox 1376 1187 1484 1247; x_wconf 92' lang='lat' dir='ltr'>aquo</span> 
     </span>
     <span class='ocr_line' id='line_1_8' title="bbox 205 1271 1484 1349; baseline -0.001 -14"><span class='ocrx_word' id='word_1_55' title='bbox 205 1290 309 1349; x_wconf 87' lang='lat' dir='ltr'>genus</span> <span class='ocrx_word' id='word_1_56' title='bbox 339 1291 436 1335; x_wconf 90' lang='lat' dir='ltr'>suum</span> <span class='ocrx_word' id='word_1_57' title='bbox 464 1274 621 1335; x_wconf 87' lang='lat' dir='ltr'>deducere</span> <span class='ocrx_word' id='word_1_58' title='bbox 652 1287 717 1332; x_wconf 92' lang='lat' dir='ltr'>nou</span> <span class='ocrx_word' id='word_1_59' title='bbox 747 1271 855 1331; x_wconf 95' lang='lat' dir='ltr'>solum</span> <span class='ocrx_word' id='word_1_60' title='bbox 885 1272 1010 1346; x_wconf 88' lang='lat' dir='ltr'>antiqui</span> <span class='ocrx_word' id='word_1_61' title='bbox 1040 1273 1252 1334; x_wconf 85' lang='lat' dir='ltr'>Macedonum</span> <span class='ocrx_word' id='word_1_62' title='bbox 1275 1289 1370 1349; x_wconf 89' lang='lat' dir='ltr'>reges</span> <span class='ocrx_word' id='word_1_63' title='bbox 1393 1272 1484 1335; x_wconf 92' lang='lat' dir='ltr'>soliti</span> 
     </span>
     <span class='ocr_line' id='line_1_9' title="bbox 207 1373 1484 1451; baseline 0 -15"><span class='ocrx_word' id='word_1_64' title='bbox 207 1379 318 1436; x_wconf 92' lang='lat' dir='ltr'>essent</span> <span class='ocrx_word' id='word_1_65' title='bbox 358 1376 416 1437; x_wconf 93' lang='lat' dir='ltr'>sed</span> <span class='ocrx_word' id='word_1_66' title='bbox 449 1375 512 1451; x_wconf 92' lang='lat' dir='ltr'>ipsi</span> <span class='ocrx_word' id='word_1_67' title='bbox 550 1388 676 1448; x_wconf 88' lang='lat' dir='ltr'>quoque</span> <span class='ocrx_word' id='word_1_68' title='bbox 708 1373 858 1447; x_wconf 88' lang='lat' dir='ltr'>Lagidae.</span> <span class='ocrx_word' id='word_1_69' title='bbox 895 1373 985 1447; x_wconf 78' lang='lat' dir='ltr'>Quod</span> <span class='ocrx_word' id='word_1_70' title='bbox 1023 1375 1052 1434; x_wconf 93' lang='lat' dir='ltr'>si</span> <span class='ocrx_word' id='word_1_71' title='bbox 1086 1375 1294 1436; x_wconf 80' lang='lat' dir='ltr'>Theocritum</span> <span class='ocrx_word' id='word_1_72' title='bbox 1329 1377 1484 1438; x_wconf 85' lang='lat' dir='ltr'>audimus</span> 
     </span>
     <span class='ocr_line' id='line_1_10' title="bbox 206 1475 1484 1553; baseline -0.001 -14"><span class='ocrx_word' id='word_1_73' title='bbox 206 1478 357 1553; x_wconf 81' lang='lat' dir='ltr'>dignitati</span> <span class='ocrx_word' id='word_1_74' title='bbox 387 1477 473 1552; x_wconf 90' lang='lat' dir='ltr'>regis</span> <span class='ocrx_word' id='word_1_75' title='bbox 503 1479 595 1537; x_wconf 88' lang='lat' dir='ltr'>tanto</span> <span class='ocrx_word' id='word_1_76' title='bbox 625 1475 743 1535; x_wconf 91' lang='lat' dir='ltr'>melius</span> <span class='ocrx_word' id='word_1_77' title='bbox 774 1475 999 1535; x_wconf 83' lang='lat' dir='ltr'>consulentem</span> <span class='ocrx_word' id='word_1_78' title='bbox 1028 1491 1102 1536; x_wconf 93' lang='lat' dir='ltr'>cum</span> <span class='ocrx_word' id='word_1_79' title='bbox 1128 1477 1353 1553; x_wconf 88' lang='lat' dir='ltr'>Olympiorum</span> <span class='ocrx_word' id='word_1_80' title='bbox 1378 1477 1484 1553; x_wconf 92' lang='lat' dir='ltr'>epulis</span> 
     </span>
     <span class='ocr_line' id='line_1_11' title="bbox 205 1577 1485 1654; baseline -0.001 -14"><span class='ocrx_word' id='word_1_81' title='bbox 205 1580 416 1640; x_wconf 89' lang='lat' dir='ltr'>adsedentem</span> <span class='ocrx_word' id='word_1_82' title='bbox 439 1578 663 1640; x_wconf 89' lang='lat' dir='ltr'>Ptolemaeum</span> <span class='ocrx_word' id='word_1_83' title='bbox 683 1577 762 1637; x_wconf 87' lang='lat' dir='ltr'>iacit</span> <span class='ocrx_word' id='word_1_84' title='bbox 781 1578 814 1635; x_wconf 90' lang='lat' dir='ltr'>et</span> <span class='ocrx_word' id='word_1_85' title='bbox 833 1577 950 1637; x_wconf 92' lang='lat' dir='ltr'>idcirco</span> <span class='ocrx_word' id='word_1_86' title='bbox 972 1591 1046 1637; x_wconf 91' lang='lat' dir='ltr'>cum</span> <span class='ocrx_word' id='word_1_87' title='bbox 1070 1579 1255 1639; x_wconf 81' lang='lat' dir='ltr'>Alexandro</span> <span class='ocrx_word' id='word_1_88' title='bbox 1278 1579 1358 1654; x_wconf 87' lang='lat' dir='ltr'>Lagi</span> <span class='ocrx_word' id='word_1_89' title='bbox 1377 1577 1485 1639; x_wconf 86' lang='lat' dir='ltr'>fllium</span> 
     </span>
     <span class='ocr_line' id='line_1_12' title="bbox 205 1677 1424 1753; baseline 0 -13"><span class='ocrx_word' id='word_1_90' title='bbox 205 1681 455 1742; x_wconf 89' lang='lat' dir='ltr'>immortalitate</span> <span class='ocrx_word' id='word_1_91' title='bbox 478 1681 634 1741; x_wconf 91' lang='lat' dir='ltr'>donatum</span> <span class='ocrx_word' id='word_1_92' title='bbox 658 1693 730 1738; x_wconf 88' lang='lat' dir='ltr'>esse</span> <span class='ocrx_word' id='word_1_93' title='bbox 754 1678 847 1737; x_wconf 92' lang='lat' dir='ltr'>docet</span> <span class='ocrx_word' id='word_1_94' title='bbox 870 1677 983 1747; x_wconf 84' lang='lat' dir='ltr'>(XVII.</span> <span class='ocrx_word' id='word_1_95' title='bbox 1009 1679 1061 1750; x_wconf 81' lang='grc'>26)</span> <span class='ocrx_word' id='word_1_96' title='bbox 1086 1680 1241 1753; x_wconf 93' lang='lat' dir='ltr'>quoniam</span> <span class='ocrx_word' id='word_1_97' title='bbox 1265 1679 1424 1741; x_wconf 88' lang='lat' dir='ltr'>ambobus</span> 
     </span>
     <span class='ocr_line' id='line_1_13' title="bbox 649 1773 1338 1859; baseline 0.004 -22"><span class='ocrx_word' id='word_1_98' title='bbox 649 1776 796 1858; x_wconf 75' lang='grc' dir='ltr'><strong><em>πρόγονός</em></strong></span> <span class='ocrx_word' id='word_1_99' title='bbox 820 1794 893 1853; x_wconf 82' lang='grc' dir='ltr'><strong><em>σφιν</em></strong></span> <span class='ocrx_word' id='word_1_100' title='bbox 917 1774 933 1837; x_wconf 79' lang='grc' dir='ltr'><em>ὅ</em></span> <span class='ocrx_word' id='word_1_101' title='bbox 956 1778 1095 1858; x_wconf 78' lang='grc' dir='ltr'><strong><em>καρτερὸς</em></strong></span> <span class='ocrx_word' id='word_1_102' title='bbox 1114 1773 1338 1859; x_wconf 77' lang='grc' dir='ltr'>Ἥρακλείδας,’</span> 
     </span>
     <span class='ocr_line' id='line_1_14' title="bbox 429 1874 1253 1961; baseline 0 -20"><span class='ocrx_word' id='word_1_103' title='bbox 429 1879 590 1960; x_wconf 78' lang='grc' dir='ltr'><em>ἀμφότεροι</em></span> <span class='ocrx_word' id='word_1_104' title='bbox 614 1874 642 1941; x_wconf 76' lang='grc' dir='ltr'>δ’</span> <span class='ocrx_word' id='word_1_105' title='bbox 668 1877 867 1957; x_wconf 67' lang='lat' dir='ltr'>&amp;deductivam</span> <span class='ocrx_word' id='word_1_106' title='bbox 890 1876 921 1952; x_wconf 77' lang='grc' dir='ltr'>ἐς</span> <span class='ocrx_word' id='word_1_107' title='bbox 944 1877 1066 1958; x_wconf 78' lang='grc' dir='ltr'><strong><em>ἔσχατον</em></strong></span> <span class='ocrx_word' id='word_1_108' title='bbox 1085 1874 1253 1961; x_wconf 74' lang='grc' dir='ltr'>Ἡρακλῆα,</span> 
     </span>
    </p>

    <p class='ocr_par' dir='ltr' id='par_1_3' title="bbox 203 1981 1489 3081">
     <span class='ocr_line' id='line_1_15' title="bbox 206 1981 1485 2060; baseline -0.002 -12"><span class='ocrx_word' id='word_1_109' title='bbox 206 1988 294 2048; x_wconf 92' lang='lat' dir='ltr'>subit</span> <span class='ocrx_word' id='word_1_110' title='bbox 313 2000 427 2060; x_wconf 88' lang='lat' dir='ltr'>rogare</span> <span class='ocrx_word' id='word_1_111' title='bbox 447 1999 528 2044; x_wconf 93' lang='lat' dir='ltr'>uum</span> <span class='ocrx_word' id='word_1_112' title='bbox 546 1984 630 2044; x_wconf 80' lang='lat' dir='ltr'>forte</span> <span class='ocrx_word' id='word_1_113' title='bbox 650 1983 761 2043; x_wconf 91' lang='lat' dir='ltr'>minus</span> <span class='ocrx_word' id='word_1_114' title='bbox 781 1981 940 2056; x_wconf 89' lang='lat' dir='ltr'>placuerit</span> <span class='ocrx_word' id='word_1_115' title='bbox 959 1981 1176 2060; x_wconf 78' lang='lat' dir='ltr'>Callimacho,</span> <span class='ocrx_word' id='word_1_116' title='bbox 1198 1983 1374 2045; x_wconf 88' lang='lat' dir='ltr'>Herculem</span> <span class='ocrx_word' id='word_1_117' title='bbox 1394 2001 1485 2060; x_wconf 89' lang='lat' dir='ltr'>proa-</span> 
     </span>
     <span class='ocr_line' id='line_1_16' title="bbox 206 2082 1487 2162; baseline -0.002 -13"><span class='ocrx_word' id='word_1_118' title='bbox 206 2105 286 2149; x_wconf 88' lang='lat' dir='ltr'>vum</span> <span class='ocrx_word' id='word_1_119' title='bbox 305 2087 436 2162; x_wconf 88' lang='lat' dir='ltr'>Lagidis</span> <span class='ocrx_word' id='word_1_120' title='bbox 453 2086 631 2161; x_wconf 84' lang='lat' dir='ltr'>assignare.</span> <span class='ocrx_word' id='word_1_121' title='bbox 649 2083 738 2158; x_wconf 78' lang='lat' dir='ltr'>Quod</span> <span class='ocrx_word' id='word_1_122' title='bbox 755 2084 867 2142; x_wconf 90' lang='lat' dir='ltr'>tamen</span> <span class='ocrx_word' id='word_1_123' title='bbox 879 2082 1030 2157; x_wconf 85' lang='lat' dir='ltr'>equidem</span> <span class='ocrx_word' id='word_1_124' title='bbox 1042 2084 1100 2144; x_wconf 87' lang='lat' dir='ltr'>vix</span> <span class='ocrx_word' id='word_1_125' title='bbox 1112 2085 1318 2161; x_wconf 83' lang='lat' dir='ltr'>crediderim,</span> <span class='ocrx_word' id='word_1_126' title='bbox 1331 2085 1487 2147; x_wconf 86' lang='lat' dir='ltr'>licentiae</span> 
     </span>
     <span class='ocr_line' id='line_1_17' title="bbox 207 2184 1488 2264; baseline -0.003 -12"><span class='ocrx_word' id='word_1_127' title='bbox 207 2191 338 2252; x_wconf 91' lang='lat' dir='ltr'>cuidam</span> <span class='ocrx_word' id='word_1_128' title='bbox 378 2188 558 2264; x_wconf 80' lang='lat' dir='ltr'>tabulandi,</span> <span class='ocrx_word' id='word_1_129' title='bbox 594 2189 627 2247; x_wconf 92' lang='lat' dir='ltr'>et</span> <span class='ocrx_word' id='word_1_130' title='bbox 656 2186 796 2246; x_wconf 80' lang='lat' dir='ltr'>fortasse</span> <span class='ocrx_word' id='word_1_131' title='bbox 830 2184 1056 2260; x_wconf 83' lang='lat' dir='ltr'>neglegentiae</span> <span class='ocrx_word' id='word_1_132' title='bbox 1090 2203 1216 2262; x_wconf 91' lang='lat' dir='ltr'>quoque</span> <span class='ocrx_word' id='word_1_133' title='bbox 1251 2187 1365 2262; x_wconf 87' lang='lat' dir='ltr'>poetae</span> <span class='ocrx_word' id='word_1_134' title='bbox 1399 2188 1488 2249; x_wconf 90' lang='lat' dir='ltr'>hanc</span> 
     </span>
     <span class='ocr_line' id='line_1_18' title="bbox 208 2287 1487 2367; baseline -0.001 -14"><span class='ocrx_word' id='word_1_135' title='bbox 208 2292 352 2367; x_wconf 92' lang='lat' dir='ltr'>culpam,</span> <span class='ocrx_word' id='word_1_136' title='bbox 384 2292 413 2351; x_wconf 90' lang='lat' dir='ltr'>si</span> <span class='ocrx_word' id='word_1_137' title='bbox 437 2291 532 2366; x_wconf 91' lang='lat' dir='ltr'>culpa</span> <span class='ocrx_word' id='word_1_138' title='bbox 554 2290 619 2366; x_wconf 90' lang='lat' dir='ltr'>est,</span> <span class='ocrx_word' id='word_1_139' title='bbox 651 2287 860 2350; x_wconf 91' lang='lat' dir='ltr'>tribuendum</span> <span class='ocrx_word' id='word_1_140' title='bbox 890 2288 1056 2365; x_wconf 87' lang='lat' dir='ltr'>opinatus,</span> <span class='ocrx_word' id='word_1_141' title='bbox 1088 2289 1129 2350; x_wconf 92' lang='lat' dir='ltr'>ad</span> <span class='ocrx_word' id='word_1_142' title='bbox 1160 2304 1257 2364; x_wconf 93' lang='lat' dir='ltr'>quam</span> <span class='ocrx_word' id='word_1_143' title='bbox 1290 2307 1327 2352; x_wconf 92' lang='lat' dir='ltr'>ec</span> <span class='ocrx_word' id='word_1_144' title='bbox 1355 2289 1487 2352; x_wconf 82' lang='lat' dir='ltr'>facilius</span> 
     </span>
     <span class='ocr_line' id='line_1_19' title="bbox 207 2389 1488 2468; baseline -0.002 -13"><span class='ocrx_word' id='word_1_145' title='bbox 207 2393 378 2455; x_wconf 89' lang='lat' dir='ltr'>devenisse</span> <span class='ocrx_word' id='word_1_146' title='bbox 410 2392 574 2468; x_wconf 90' lang='lat' dir='ltr'>putandus</span> <span class='ocrx_word' id='word_1_147' title='bbox 605 2393 656 2452; x_wconf 92' lang='lat' dir='ltr'>est</span> <span class='ocrx_word' id='word_1_148' title='bbox 686 2390 770 2465; x_wconf 92' lang='lat' dir='ltr'>quod</span> <span class='ocrx_word' id='word_1_149' title='bbox 803 2391 852 2450; x_wconf 90' lang='lat' dir='ltr'>tot</span> <span class='ocrx_word' id='word_1_150' title='bbox 887 2389 1028 2451; x_wconf 91' lang='lat' dir='ltr'>habebat</span> <span class='ocrx_word' id='word_1_151' title='bbox 1058 2391 1092 2450; x_wconf 94' lang='lat' dir='ltr'>in</span> <span class='ocrx_word' id='word_1_152' title='bbox 1122 2393 1301 2453; x_wconf 86' lang='lat' dir='ltr'>voracitate</span> <span class='ocrx_word' id='word_1_153' title='bbox 1331 2393 1488 2454; x_wconf 89' lang='lat' dir='ltr'>herculea</span> 
     </span>
     <span class='ocr_line' id='line_1_20' title="bbox 208 2489 1487 2569; baseline -0.002 -13"><span class='ocrx_word' id='word_1_154' title='bbox 208 2495 382 2556; x_wconf 90' lang='lat' dir='ltr'>deridenda</span> <span class='ocrx_word' id='word_1_155' title='bbox 401 2496 564 2567; x_wconf 89' lang='lat' dir='ltr'>auctores,</span> <span class='ocrx_word' id='word_1_156' title='bbox 586 2494 657 2553; x_wconf 88' lang='lat' dir='ltr'>sive</span> <span class='ocrx_word' id='word_1_157' title='bbox 676 2489 844 2564; x_wconf 83' lang='lat' dir='ltr'>Euripides</span> <span class='ocrx_word' id='word_1_158' title='bbox 863 2490 926 2551; x_wconf 85' lang='lat' dir='ltr'>fuit</span> <span class='ocrx_word' id='word_1_159' title='bbox 945 2491 978 2550; x_wconf 94' lang='lat' dir='ltr'>in</span> <span class='ocrx_word' id='word_1_160' title='bbox 999 2492 1163 2553; x_wconf 85' lang='lat' dir='ltr'>Alcestide</span> <span class='ocrx_word' id='word_1_161' title='bbox 1182 2495 1253 2555; x_wconf 87' lang='lat' dir='ltr'>sive</span> <span class='ocrx_word' id='word_1_162' title='bbox 1269 2494 1487 2569; x_wconf 82' lang='lat' dir='ltr'>Epicharmus</span> 
     </span>
     <span class='ocr_line' id='line_1_21' title="bbox 210 2588 1487 2678; baseline 0.001 -23"><span class='ocrx_word' id='word_1_163' title='bbox 210 2598 244 2656; x_wconf 94' lang='lat' dir='ltr'>in</span> <span class='ocrx_word' id='word_1_164' title='bbox 258 2592 357 2674; x_wconf 83' lang='grc' dir='ltr'><em>Ἥβας</em></span> <span class='ocrx_word' id='word_1_165' title='bbox 380 2594 464 2678; x_wconf 72' lang='grc' dir='ltr'>γάμῳ</span> <span class='ocrx_word' id='word_1_166' title='bbox 481 2589 511 2665; x_wconf 87' lang='lat'>¹).</span> <span class='ocrx_word' id='word_1_167' title='bbox 533 2590 785 2654; x_wconf 91' lang='lat' dir='ltr'>Huiuscemodi</span> <span class='ocrx_word' id='word_1_168' title='bbox 803 2588 956 2651; x_wconf 89' lang='lat' dir='ltr'>licentiae</span> <span class='ocrx_word' id='word_1_169' title='bbox 975 2593 1121 2667; x_wconf 88' lang='lat' dir='ltr'>poeticae</span> <span class='ocrx_word' id='word_1_170' title='bbox 1140 2595 1292 2670; x_wconf 85' lang='lat' dir='ltr'>exempla</span> <span class='ocrx_word' id='word_1_171' title='bbox 1311 2610 1487 2670; x_wconf 87' lang='lat' dir='ltr'>congerere</span> 
     </span>
     <span class='ocr_line' id='line_1_22' title="bbox 208 2691 1486 2772; baseline 0.002 -15"><span class='ocrx_word' id='word_1_172' title='bbox 208 2713 273 2758; x_wconf 92' lang='lat' dir='ltr'>non</span> <span class='ocrx_word' id='word_1_173' title='bbox 303 2712 384 2772; x_wconf 93' lang='lat' dir='ltr'>opus</span> <span class='ocrx_word' id='word_1_174' title='bbox 415 2697 479 2772; x_wconf 90' lang='lat' dir='ltr'>est,</span> <span class='ocrx_word' id='word_1_175' title='bbox 504 2696 635 2770; x_wconf 89' lang='lat' dir='ltr'>praesto</span> <span class='ocrx_word' id='word_1_176' title='bbox 659 2692 746 2754; x_wconf 92' lang='lat' dir='ltr'>euim</span> <span class='ocrx_word' id='word_1_177' title='bbox 774 2691 926 2752; x_wconf 90' lang='lat' dir='ltr'>omnibus</span> <span class='ocrx_word' id='word_1_178' title='bbox 948 2695 1000 2753; x_wconf 91' lang='lat' dir='ltr'>est</span> <span class='ocrx_word' id='word_1_179' title='bbox 1024 2697 1224 2770; x_wconf 88' lang='lat' dir='ltr'>comparatio</span> <span class='ocrx_word' id='word_1_180' title='bbox 1248 2711 1322 2757; x_wconf 94' lang='lat' dir='ltr'>cum</span> <span class='ocrx_word' id='word_1_181' title='bbox 1346 2698 1486 2772; x_wconf 90' lang='lat' dir='ltr'>antiqui·</span> 
     </span>
     <span class='ocr_line' id='line_1_23' title="bbox 207 2793 1489 2875; baseline -0.002 -13"><span class='ocrx_word' id='word_1_182' title='bbox 207 2801 317 2862; x_wconf 89' lang='lat' dir='ltr'>oribus</span> <span class='ocrx_word' id='word_1_183' title='bbox 346 2800 482 2875; x_wconf 86' lang='lat' dir='ltr'>hymnis</span> <span class='ocrx_word' id='word_1_184' title='bbox 512 2797 704 2869; x_wconf 89' lang='lat' dir='ltr'>homericis;</span> <span class='ocrx_word' id='word_1_185' title='bbox 737 2793 907 2869; x_wconf 86' lang='lat' dir='ltr'>Olympiae</span> <span class='ocrx_word' id='word_1_186' title='bbox 940 2798 1051 2858; x_wconf 91' lang='lat' dir='ltr'>autem</span> <span class='ocrx_word' id='word_1_187' title='bbox 1076 2797 1164 2858; x_wconf 90' lang='lat' dir='ltr'>vitae</span> <span class='ocrx_word' id='word_1_188' title='bbox 1191 2798 1426 2874; x_wconf 86' lang='lat' dir='ltr'>descriptiones</span> <span class='ocrx_word' id='word_1_189' title='bbox 1450 2801 1489 2859; x_wconf 90' lang='lat' dir='ltr'>ut</span> 
     </span>
     <span class='ocr_line' id='line_1_24' title="bbox 204 2895 1488 2978; baseline -0.002 -14"><span class='ocrx_word' id='word_1_190' title='bbox 204 2919 261 2978; x_wconf 93' lang='lat' dir='ltr'>pro</span> <span class='ocrx_word' id='word_1_191' title='bbox 281 2904 452 2977; x_wconf 91' lang='lat' dir='ltr'>poetarum</span> <span class='ocrx_word' id='word_1_192' title='bbox 472 2900 612 2976; x_wconf 88' lang='lat' dir='ltr'>ingeniis</span> <span class='ocrx_word' id='word_1_193' title='bbox 633 2897 776 2972; x_wconf 86' lang='lat' dir='ltr'>variant,</span> <span class='ocrx_word' id='word_1_194' title='bbox 801 2895 849 2955; x_wconf 92' lang='lat' dir='ltr'>ita</span> <span class='ocrx_word' id='word_1_195' title='bbox 872 2912 999 2972; x_wconf 91' lang='lat' dir='ltr'>quoque</span> <span class='ocrx_word' id='word_1_196' title='bbox 1023 2899 1064 2960; x_wconf 92' lang='lat' dir='ltr'>ad</span> <span class='ocrx_word' id='word_1_197' title='bbox 1084 2899 1280 2961; x_wconf 89' lang='lat' dir='ltr'>imitandum</span> <span class='ocrx_word' id='word_1_198' title='bbox 1302 2900 1488 2961; x_wconf 89' lang='lat' dir='ltr'>incitabant</span> 
     </span>
     <span class='ocr_line' id='line_1_25' title="bbox 203 2991 1489 3081; baseline -0.001 -17"><span class='ocrx_word' id='word_1_199' title='bbox 203 3004 418 3081; x_wconf 89' lang='lat' dir='ltr'>sculptorum,</span> <span class='ocrx_word' id='word_1_200' title='bbox 441 3003 644 3079; x_wconf 88' lang='lat' dir='ltr'>pictorumve</span> <span class='ocrx_word' id='word_1_201' title='bbox 656 2999 748 3060; x_wconf 87' lang='lat' dir='ltr'>varia</span> <span class='ocrx_word' id='word_1_202' title='bbox 760 3011 857 3071; x_wconf 89' lang='lat' dir='ltr'>opera</span> <span class='ocrx_word' id='word_1_203' title='bbox 871 2991 902 3068; x_wconf 78' lang='lat'>²).</span> <span class='ocrx_word' id='word_1_204' title='bbox 923 2998 1010 3061; x_wconf 80' lang='lat' dir='ltr'>Satis</span> <span class='ocrx_word' id='word_1_205' title='bbox 1022 3001 1121 3062; x_wconf 82' lang='lat' dir='ltr'>fuerit</span> <span class='ocrx_word' id='word_1_206' title='bbox 1133 3001 1233 3076; x_wconf 90' lang='lat' dir='ltr'>digito</span> <span class='ocrx_word' id='word_1_207' title='bbox 1246 2999 1388 3063; x_wconf 90' lang='lat' dir='ltr'>indicare</span> <span class='ocrx_word' id='word_1_208' title='bbox 1400 3001 1489 3063; x_wconf 87' lang='lat' dir='ltr'>hauc</span> 
     </span>
    </p>
   </div>
   <div class='ocr_carea' id='block_1_3' title="bbox 203 3210 1502 4541">
    <p class='ocr_par' dir='ltr' id='par_1_4' title="bbox 204 3210 1490 3751">
     <span class='ocr_line' id='line_1_26' title="bbox 205 3210 1488 3276; baseline 0.002 -17"><span class='ocrx_word' id='word_1_209' title='bbox 205 3214 304 3260; x_wconf 89' lang='lat' dir='ltr'>Iunone</span> <span class='ocrx_word' id='word_1_210' title='bbox 322 3213 370 3260; x_wconf 84' lang='lat' dir='ltr'>rite</span> <span class='ocrx_word' id='word_1_211' title='bbox 389 3226 418 3259; x_wconf 92' lang='lat' dir='ltr'>ac</span> <span class='ocrx_word' id='word_1_212' title='bbox 436 3212 552 3272; x_wconf 87' lang='lat' dir='ltr'>legitime</span> <span class='ocrx_word' id='word_1_213' title='bbox 570 3225 627 3261; x_wconf 89' lang='lat' dir='ltr'>esse</span> <span class='ocrx_word' id='word_1_214' title='bbox 644 3213 794 3276; x_wconf 82' lang='lat' dir='ltr'>adoptatum</span> <span class='ocrx_word' id='word_1_215' title='bbox 813 3214 898 3274; x_wconf 79' lang='lat' dir='ltr'>(Diod.</span> <span class='ocrx_word' id='word_1_216' title='bbox 915 3212 958 3259; x_wconf 84' lang='lat' dir='ltr'>1v.</span> <span class='ocrx_word' id='word_1_217' title='bbox 975 3213 1014 3260; x_wconf 86' lang='grc'>88.</span> <span class='ocrx_word' id='word_1_218' title='bbox 1025 3210 1058 3272; x_wconf 78' lang='grc'>8).</span> <span class='ocrx_word' id='word_1_219' title='bbox 1068 3211 1188 3261; x_wconf 87' lang='lat' dir='ltr'>Ceterum</span> <span class='ocrx_word' id='word_1_220' title='bbox 1197 3226 1244 3274; x_wconf 90' lang='lat' dir='ltr'>pro</span> <span class='ocrx_word' id='word_1_221' title='bbox 1254 3212 1357 3274; x_wconf 88' lang='lat' dir='ltr'>ccpicsa</span> <span class='ocrx_word' id='word_1_222' title='bbox 1367 3212 1488 3261; x_wconf 85' lang='lat' dir='ltr'>doctrina</span> 
     </span>
     <span class='ocr_line' id='line_1_27' title="bbox 205 3288 1488 3352; baseline 0.002 -14"><span class='ocrx_word' id='word_1_223' title='bbox 205 3305 253 3339; x_wconf 91' lang='lat' dir='ltr'>sua</span> <span class='ocrx_word' id='word_1_224' title='bbox 280 3304 373 3351; x_wconf 90' lang='lat' dir='ltr'>parum</span> <span class='ocrx_word' id='word_1_225' title='bbox 399 3288 510 3350; x_wconf 88' lang='lat' dir='ltr'>benigne</span> <span class='ocrx_word' id='word_1_226' title='bbox 533 3292 659 3352; x_wconf 75' lang='lat' dir='ltr'>Tirynthii</span> <span class='ocrx_word' id='word_1_227' title='bbox 681 3293 724 3341; x_wconf 91' lang='lat' dir='ltr'>del</span> <span class='ocrx_word' id='word_1_228' title='bbox 741 3295 843 3342; x_wconf 80' lang='lat' dir='ltr'>rabulas</span> <span class='ocrx_word' id='word_1_229' title='bbox 860 3295 887 3342; x_wconf 86' lang='lat' dir='ltr'>et</span> <span class='ocrx_word' id='word_1_230' title='bbox 904 3293 1003 3339; x_wconf 89' lang='lat' dir='ltr'>cultum</span> <span class='ocrx_word' id='word_1_231' title='bbox 1020 3293 1148 3340; x_wconf 78' lang='lat' dir='ltr'>tractavit.</span> <span class='ocrx_word' id='word_1_232' title='bbox 1166 3293 1227 3352; x_wconf 78' lang='lat' dir='ltr'>Egit</span> <span class='ocrx_word' id='word_1_233' title='bbox 1245 3292 1349 3352; x_wconf 90' lang='lat' dir='ltr'>quidem</span> <span class='ocrx_word' id='word_1_234' title='bbox 1366 3291 1400 3340; x_wconf 87' lang='lat' dir='ltr'>de</span> <span class='ocrx_word' id='word_1_235' title='bbox 1421 3293 1488 3341; x_wconf 87' lang='lat' dir='ltr'>Her·</span> 
     </span>
     <span class='ocr_line' id='line_1_28' title="bbox 204 3370 1489 3434; baseline 0 -15"><span class='ocrx_word' id='word_1_236' title='bbox 204 3371 269 3419; x_wconf 90' lang='lat' dir='ltr'>culis</span> <span class='ocrx_word' id='word_1_237' title='bbox 287 3370 419 3418; x_wconf 76' lang='lat' dir='ltr'>laboribus</span> <span class='ocrx_word' id='word_1_238' title='bbox 439 3371 479 3430; x_wconf 86' lang='lat' dir='ltr'>(ir.</span> <span class='ocrx_word' id='word_1_239' title='bbox 490 3372 538 3418; x_wconf 90' lang='grc'>888</span> <span class='ocrx_word' id='word_1_240' title='bbox 549 3372 662 3434; x_wconf 78' lang='lat' dir='ltr'>Augias),</span> <span class='ocrx_word' id='word_1_241' title='bbox 680 3374 713 3421; x_wconf 88' lang='lat' dir='ltr'>de</span> <span class='ocrx_word' id='word_1_242' title='bbox 730 3375 924 3422; x_wconf 77' lang='lat' dir='ltr'>Theodamaute</span> <span class='ocrx_word' id='word_1_243' title='bbox 936 3384 1068 3432; x_wconf 83' lang='lat' dir='ltr'>-quem,</span> <span class='ocrx_word' id='word_1_244' title='bbox 1085 3383 1162 3420; x_wconf 84' lang='lat' dir='ltr'>secus</span> <span class='ocrx_word' id='word_1_245' title='bbox 1179 3375 1257 3432; x_wconf 85' lang='lat' dir='ltr'>atque</span> <span class='ocrx_word' id='word_1_246' title='bbox 1275 3370 1442 3434; x_wconf 80' lang='lat' dir='ltr'>apollonius,</span> <span class='ocrx_word' id='word_1_247' title='bbox 1461 3373 1489 3419; x_wconf 90' lang='lat' dir='ltr'>iu</span> 
     </span>
     <span class='ocr_line' id='line_1_29' title="bbox 204 3450 1490 3513; baseline -0.001 -13"><span class='ocrx_word' id='word_1_248' title='bbox 204 3453 337 3512; x_wconf 89' lang='lat' dir='ltr'>Dryopum</span> <span class='ocrx_word' id='word_1_249' title='bbox 352 3455 420 3499; x_wconf 89' lang='lat' dir='ltr'>terra</span> <span class='ocrx_word' id='word_1_250' title='bbox 435 3451 566 3500; x_wconf 77' lang='lat' dir='ltr'>habitasse</span> <span class='ocrx_word' id='word_1_251' title='bbox 586 3452 702 3501; x_wconf 83' lang='lat' dir='ltr'>docet-</span> <span class='ocrx_word' id='word_1_252' title='bbox 713 3455 744 3502; x_wconf 87' lang='lat' dir='ltr'>ir.</span> <span class='ocrx_word' id='word_1_253' title='bbox 761 3456 823 3510; x_wconf 70' lang='lat' dir='ltr'>aro,</span> <span class='ocrx_word' id='word_1_254' title='bbox 842 3455 868 3500; x_wconf 91' lang='lat' dir='ltr'>iu</span> <span class='ocrx_word' id='word_1_255' title='bbox 886 3452 968 3500; x_wconf 81' lang='lat' dir='ltr'>Astiis</span> <span class='ocrx_word' id='word_1_256' title='bbox 986 3450 1019 3497; x_wconf 88' lang='lat' dir='ltr'>de</span> <span class='ocrx_word' id='word_1_257' title='bbox 1036 3451 1111 3498; x_wconf 87' lang='lat' dir='ltr'>lecue</span> <span class='ocrx_word' id='word_1_258' title='bbox 1130 3451 1226 3500; x_wconf 83' lang='lat' dir='ltr'>Nemea</span> <span class='ocrx_word' id='word_1_259' title='bbox 1242 3450 1372 3509; x_wconf 79' lang='lat' dir='ltr'>(Schueid</span> <span class='ocrx_word' id='word_1_260' title='bbox 1388 3451 1425 3499; x_wconf 84' lang='lat' dir='ltr'>IL</span> <span class='ocrx_word' id='word_1_261' title='bbox 1435 3452 1490 3513; x_wconf 76' lang='lat'>67),</span> 
     </span>
     <span class='ocr_line' id='line_1_30' title="bbox 205 3526 1489 3597; baseline -0.002 -19"><span class='ocrx_word' id='word_1_262' title='bbox 205 3531 237 3578; x_wconf 92' lang='lat' dir='ltr'>de</span> <span class='ocrx_word' id='word_1_263' title='bbox 259 3530 384 3579; x_wconf 79' lang='lat' dir='ltr'>Molorchi</span> <span class='ocrx_word' id='word_1_264' title='bbox 408 3531 522 3591; x_wconf 88' lang='lat' dir='ltr'>hospitio</span> <span class='ocrx_word' id='word_1_265' title='bbox 547 3527 615 3595; x_wconf 77' lang='lat' dir='ltr'>(ibid.</span> <span class='ocrx_word' id='word_1_266' title='bbox 636 3545 662 3592; x_wconf 91' lang='lat' dir='ltr'>p.</span> <span class='ocrx_word' id='word_1_267' title='bbox 683 3529 755 3597; x_wconf 86' lang='lat' dir='ltr'>lla);</span> <span class='ocrx_word' id='word_1_268' title='bbox 783 3546 887 3581; x_wconf 82' lang='lat' dir='ltr'>cervum</span> <span class='ocrx_word' id='word_1_269' title='bbox 916 3530 1091 3591; x_wconf 86' lang='lat' dir='ltr'>Cerynitidem</span> <span class='ocrx_word' id='word_1_270' title='bbox 1115 3530 1142 3577; x_wconf 89' lang='lat' dir='ltr'>iu</span> <span class='ocrx_word' id='word_1_271' title='bbox 1165 3531 1261 3590; x_wconf 86' lang='lat' dir='ltr'>hymno</span> <span class='ocrx_word' id='word_1_272' title='bbox 1278 3530 1319 3577; x_wconf 91' lang='lat'>111</span> <span class='ocrx_word' id='word_1_273' title='bbox 1336 3531 1425 3590; x_wconf 85' lang='lat' dir='ltr'>attigit</span> <span class='ocrx_word' id='word_1_274' title='bbox 1441 3526 1489 3594; x_wconf 84' lang='lat' dir='ltr'>(ci.</span> 
     </span>
     <span class='ocr_line' id='line_1_31' title="bbox 205 3608 1489 3675; baseline -0.001 -17"><span class='ocrx_word' id='word_1_275' title='bbox 205 3623 283 3670; x_wconf 89' lang='lat' dir='ltr'>supra</span> <span class='ocrx_word' id='word_1_276' title='bbox 300 3624 325 3670; x_wconf 89' lang='lat' dir='ltr'>p.</span> <span class='ocrx_word' id='word_1_277' title='bbox 343 3611 400 3671; x_wconf 88' lang='grc'><strong>88);</strong></span> <span class='ocrx_word' id='word_1_278' title='bbox 421 3621 511 3658; x_wconf 84' lang='lat' dir='ltr'>verum</span> <span class='ocrx_word' id='word_1_279' title='bbox 535 3610 598 3658; x_wconf 90' lang='lat' dir='ltr'>uihil</span> <span class='ocrx_word' id='word_1_280' title='bbox 621 3611 653 3658; x_wconf 87' lang='lat' dir='ltr'>de</span> <span class='ocrx_word' id='word_1_281' title='bbox 677 3612 801 3675; x_wconf 88' lang='lat' dir='ltr'>Delphico</span> <span class='ocrx_word' id='word_1_282' title='bbox 818 3611 945 3671; x_wconf 89' lang='lat' dir='ltr'>Hercule,</span> <span class='ocrx_word' id='word_1_283' title='bbox 963 3608 996 3657; x_wconf 87' lang='lat' dir='ltr'>de</span> <span class='ocrx_word' id='word_1_284' title='bbox 1013 3609 1115 3670; x_wconf 84' lang='lat' dir='ltr'>tripode</span> <span class='ocrx_word' id='word_1_285' title='bbox 1136 3612 1224 3671; x_wconf 90' lang='lat' dir='ltr'>rapto,</span> <span class='ocrx_word' id='word_1_286' title='bbox 1242 3608 1275 3657; x_wconf 88' lang='lat' dir='ltr'>de</span> <span class='ocrx_word' id='word_1_287' title='bbox 1293 3608 1373 3656; x_wconf 90' lang='lat' dir='ltr'>caede</span> <span class='ocrx_word' id='word_1_288' title='bbox 1391 3609 1489 3657; x_wconf 88' lang='lat' dir='ltr'>libero·</span> 
     </span>
     <span class='ocr_line' id='line_1_32' title="bbox 205 3689 1160 3751; baseline 0 -13"><span class='ocrx_word' id='word_1_289' title='bbox 205 3703 274 3746; x_wconf 88' lang='lat' dir='ltr'>rum,</span> <span class='ocrx_word' id='word_1_290' title='bbox 289 3689 322 3737; x_wconf 91' lang='lat' dir='ltr'>de</span> <span class='ocrx_word' id='word_1_291' title='bbox 335 3689 447 3737; x_wconf 84' lang='lat' dir='ltr'>Hercule</span> <span class='ocrx_word' id='word_1_292' title='bbox 461 3689 584 3738; x_wconf 72' lang='lat' dir='ltr'>Thebano</span> <span class='ocrx_word' id='word_1_293' title='bbox 602 3690 700 3739; x_wconf 88' lang='lat' dir='ltr'>dictum</span> <span class='ocrx_word' id='word_1_294' title='bbox 718 3692 744 3738; x_wconf 91' lang='lat' dir='ltr'>iu</span> <span class='ocrx_word' id='word_1_295' title='bbox 761 3691 878 3751; x_wconf 88' lang='lat' dir='ltr'>reliquiis</span> <span class='ocrx_word' id='word_1_296' title='bbox 896 3692 988 3750; x_wconf 82' lang='lat' dir='ltr'>poetae</span> <span class='ocrx_word' id='word_1_297' title='bbox 1006 3689 1160 3738; x_wconf 80' lang='lat' dir='ltr'>invenimus.</span> 
     </span>
    </p>

    <p class='ocr_par' dir='ltr' id='par_1_5' title="bbox 205 3765 1502 4066">
     <span class='ocr_line' id='line_1_33' title="bbox 236 3765 1502 3831; baseline 0.002 -16"><span class='ocrx_word' id='word_1_298' title='bbox 236 3765 256 3830; x_wconf 83' lang='lat'>¹)</span> <span class='ocrx_word' id='word_1_299' title='bbox 276 3768 404 3829; x_wconf 76' lang='lat' dir='ltr'>Apollonii</span> <span class='ocrx_word' id='word_1_300' title='bbox 427 3768 520 3817; x_wconf 81' lang='lat' dir='ltr'>Rhodii</span> <span class='ocrx_word' id='word_1_301' title='bbox 546 3771 672 3818; x_wconf 85' lang='lat' dir='ltr'>Hercules</span> <span class='ocrx_word' id='word_1_302' title='bbox 695 3772 778 3831; x_wconf 88' lang='lat' dir='ltr'>magis</span> <span class='ocrx_word' id='word_1_303' title='bbox 801 3769 923 3818; x_wconf 83' lang='lat' dir='ltr'>convenit</span> <span class='ocrx_word' id='word_1_304' title='bbox 947 3781 1006 3816; x_wconf 90' lang='lat' dir='ltr'>cum</span> <span class='ocrx_word' id='word_1_305' title='bbox 1030 3768 1176 3816; x_wconf 83' lang='lat' dir='ltr'>Stoicorum</span> <span class='ocrx_word' id='word_1_306' title='bbox 1197 3771 1243 3815; x_wconf 84' lang='lat' dir='ltr'>aut</span> <span class='ocrx_word' id='word_1_307' title='bbox 1260 3767 1416 3828; x_wconf 83' lang='lat' dir='ltr'>Cynicorum</span> <span class='ocrx_word' id='word_1_308' title='bbox 1434 3781 1502 3829; x_wconf 15' lang='lat' dir='ltr'>ruo-¹</span> 
     </span>
     <span class='ocr_line' id='line_1_34' title="bbox 205 3835 1490 3912; baseline 0.001 -17"><span class='ocrx_word' id='word_1_309' title='bbox 205 3849 279 3896; x_wconf 89' lang='lat' dir='ltr'>desto</span> <span class='ocrx_word' id='word_1_310' title='bbox 297 3851 421 3906; x_wconf 88' lang='lat' dir='ltr'>castoque</span> <span class='ocrx_word' id='word_1_311' title='bbox 439 3848 524 3895; x_wconf 90' lang='lat' dir='ltr'>heroe.</span> <span class='ocrx_word' id='word_1_312' title='bbox 543 3849 575 3895; x_wconf 86' lang='lat' dir='ltr'>ci.</span> <span class='ocrx_word' id='word_1_313' title='bbox 593 3848 683 3912; x_wconf 75' lang='lat' dir='ltr'>Arpos.</span> <span class='ocrx_word' id='word_1_314' title='bbox 704 3851 724 3898; x_wconf 93' lang='lat'>1.</span> <span class='ocrx_word' id='word_1_315' title='bbox 741 3852 790 3898; x_wconf 73' lang='grc'>884</span> <span class='ocrx_word' id='word_1_316' title='bbox 808 3853 834 3897; x_wconf 85' lang='lat' dir='ltr'>et</span> <span class='ocrx_word' id='word_1_317' title='bbox 857 3862 916 3896; x_wconf 90' lang='lat' dir='ltr'>cum</span> <span class='ocrx_word' id='word_1_318' title='bbox 935 3847 1086 3896; x_wconf 90' lang='lat' dir='ltr'>Callimachi</span> <span class='ocrx_word' id='word_1_319' title='bbox 1102 3848 1150 3894; x_wconf 87' lang='lat' dir='ltr'>HL</span> <span class='ocrx_word' id='word_1_320' title='bbox 1170 3835 1262 3895; x_wconf 76' lang='lat' dir='ltr'>rae&#39;et</span> <span class='ocrx_word' id='word_1_321' title='bbox 1278 3847 1309 3894; x_wconf 81' lang='lat' dir='ltr'>ir.</span> <span class='ocrx_word' id='word_1_322' title='bbox 1328 3848 1377 3894; x_wconf 78' lang='lat'>410</span> <span class='ocrx_word' id='word_1_323' title='bbox 1394 3845 1490 3909; x_wconf 63' lang='lat' dir='ltr'>Argoa.</span> 
     </span>
     <span class='ocr_line' id='line_1_35' title="bbox 205 3925 1491 3993; baseline 0 -19"><span class='ocrx_word' id='word_1_324' title='bbox 205 3925 227 3975; x_wconf 88' lang='lat'>1.</span> <span class='ocrx_word' id='word_1_325' title='bbox 241 3929 348 3989; x_wconf 70' lang='lat' dir='ltr'>lsslssaq.</span> <span class='ocrx_word' id='word_1_326' title='bbox 366 3928 424 3987; x_wconf 76' lang='lat' dir='ltr'>(inc</span> <span class='ocrx_word' id='word_1_327' title='bbox 441 3929 485 3991; x_wconf 78' lang='grc' dir='ltr'>γὰρ</span> <span class='ocrx_word' id='word_1_328' title='bbox 504 3931 664 3993; x_wconf 70' lang='grc' dir='ltr'>πρόφασιν</span> <span class='ocrx_word' id='word_1_329' title='bbox 681 3930 785 3988; x_wconf 73' lang='grc' dir='ltr'><strong><em>πολέμου</em></strong></span> <span class='ocrx_word' id='word_1_330' title='bbox 801 3931 937 3993; x_wconf 64' lang='lat' dir='ltr'>Apaturos«</span> <span class='ocrx_word' id='word_1_331' title='bbox 955 3927 1074 3990; x_wconf 70' lang='grc' dir='ltr'>βαλέσθαι</span> <span class='ocrx_word' id='word_1_332' title='bbox 1088 3926 1226 3988; x_wconf 61' lang='grc' dir='ltr'>λευγαλέην,</span> <span class='ocrx_word' id='word_1_333' title='bbox 1243 3927 1304 3973; x_wconf 72' lang='lat' dir='ltr'>luat</span> <span class='ocrx_word' id='word_1_334' title='bbox 1325 3925 1388 3974; x_wconf 74' lang='lat' dir='ltr'>stiae</span> <span class='ocrx_word' id='word_1_335' title='bbox 1405 3927 1491 3987; x_wconf 65' lang='grc' dir='ltr'><strong><em>δίκης</em></strong></span> 
     </span>
     <span class='ocr_line' id='line_1_36' title="bbox 205 4007 1372 4066; baseline 0.001 -14"><span class='ocrx_word' id='word_1_336' title='bbox 205 4007 361 4065; x_wconf 74' lang='grc' dir='ltr'>ἅλδγοηις</span> <span class='ocrx_word' id='word_1_337' title='bbox 379 4007 496 4066; x_wconf 70' lang='lat' dir='ltr'>laotos).</span> <span class='ocrx_word' id='word_1_338' title='bbox 1369 4050 1372 4059; x_wconf 69' lang='lat'>,</span> 
     </span>
    </p>

    <p class='ocr_par' dir='ltr' id='par_1_6' title="bbox 203 4081 1491 4541">
     <span class='ocr_line' id='line_1_37' title="bbox 236 4081 1491 4147; baseline 0.002 -16"><span class='ocrx_word' id='word_1_339' title='bbox 236 4081 258 4143; x_wconf 78' lang='lat'>²)</span> <span class='ocrx_word' id='word_1_340' title='bbox 277 4085 421 4145; x_wconf 72' lang='lat' dir='ltr'>aetiologia</span> <span class='ocrx_word' id='word_1_341' title='bbox 447 4099 527 4133; x_wconf 86' lang='lat' dir='ltr'>novos</span> <span class='ocrx_word' id='word_1_342' title='bbox 549 4099 653 4147; x_wconf 88' lang='lat' dir='ltr'>semper</span> <span class='ocrx_word' id='word_1_343' title='bbox 674 4086 778 4146; x_wconf 85' lang='lat' dir='ltr'>mythos</span> <span class='ocrx_word' id='word_1_344' title='bbox 801 4086 931 4147; x_wconf 87' lang='lat' dir='ltr'>procreari</span> <span class='ocrx_word' id='word_1_345' title='bbox 953 4086 1043 4131; x_wconf 87' lang='lat' dir='ltr'>uotum</span> <span class='ocrx_word' id='word_1_346' title='bbox 1067 4087 1120 4141; x_wconf 86' lang='lat' dir='ltr'>est,</span> <span class='ocrx_word' id='word_1_347' title='bbox 1137 4086 1164 4132; x_wconf 91' lang='lat' dir='ltr'>iu</span> <span class='ocrx_word' id='word_1_348' title='bbox 1184 4084 1279 4144; x_wconf 88' lang='lat' dir='ltr'>quibus</span> <span class='ocrx_word' id='word_1_349' title='bbox 1296 4097 1376 4145; x_wconf 86' lang='lat' dir='ltr'>saepe</span> <span class='ocrx_word' id='word_1_350' title='bbox 1394 4084 1491 4134; x_wconf 89' lang='lat' dir='ltr'>lusisse</span> 
     </span>
     <span class='ocr_line' id='line_1_38' title="bbox 204 4160 1490 4226; baseline 0.001 -15"><span class='ocrx_word' id='word_1_351' title='bbox 204 4167 303 4212; x_wconf 81' lang='lat' dir='ltr'>taotmn</span> <span class='ocrx_word' id='word_1_352' title='bbox 321 4166 411 4212; x_wconf 79' lang='lat' dir='ltr'>volunt</span> <span class='ocrx_word' id='word_1_353' title='bbox 428 4168 528 4225; x_wconf 83' lang='lat' dir='ltr'>poetae.</span> <span class='ocrx_word' id='word_1_354' title='bbox 552 4166 600 4213; x_wconf 78' lang='lat' dir='ltr'>list</span> <span class='ocrx_word' id='word_1_355' title='bbox 616 4166 672 4214; x_wconf 91' lang='lat' dir='ltr'>eius</span> <span class='ocrx_word' id='word_1_356' title='bbox 686 4166 788 4224; x_wconf 85' lang='lat' dir='ltr'>generis</span> <span class='ocrx_word' id='word_1_357' title='bbox 804 4165 853 4212; x_wconf 92' lang='lat'><em>111.</em></span> <span class='ocrx_word' id='word_1_358' title='bbox 873 4165 903 4212; x_wconf 80' lang='lat' dir='ltr'>lu</span> <span class='ocrx_word' id='word_1_359' title='bbox 921 4160 979 4226; x_wconf 87' lang='lat' dir='ltr'>(cur</span> <span class='ocrx_word' id='word_1_360' title='bbox 995 4164 1030 4211; x_wconf 85' lang='lat' dir='ltr'>slt</span> <span class='ocrx_word' id='word_1_361' title='bbox 1048 4162 1143 4224; x_wconf 89' lang='lat' dir='ltr'>depilis</span> <span class='ocrx_word' id='word_1_362' title='bbox 1160 4163 1273 4224; x_wconf 84' lang='lat' dir='ltr'>pectoris</span> <span class='ocrx_word' id='word_1_363' title='bbox 1289 4175 1351 4223; x_wconf 90' lang='lat' dir='ltr'>pars</span> <span class='ocrx_word' id='word_1_364' title='bbox 1370 4162 1490 4225; x_wconf 81' lang='lat' dir='ltr'>Cyclopi-</span> 
     </span>
     <span class='ocr_line' id='line_1_39' title="bbox 204 4241 1490 4307; baseline 0 -16"><span class='ocrx_word' id='word_1_365' title='bbox 204 4245 279 4304; x_wconf 90' lang='lat' dir='ltr'>bus),</span> <span class='ocrx_word' id='word_1_366' title='bbox 297 4243 344 4290; x_wconf 91' lang='lat'>111.</span> <span class='ocrx_word' id='word_1_367' title='bbox 356 4245 404 4291; x_wconf 76' lang='lat'>208</span> <span class='ocrx_word' id='word_1_368' title='bbox 429 4242 486 4302; x_wconf 94' lang='lat' dir='ltr'>(cur</span> <span class='ocrx_word' id='word_1_369' title='bbox 503 4245 529 4291; x_wconf 92' lang='lat' dir='ltr'>in</span> <span class='ocrx_word' id='word_1_370' title='bbox 547 4242 737 4292; x_wconf 83' lang='lat' dir='ltr'>Britomartidis</span> <span class='ocrx_word' id='word_1_371' title='bbox 754 4244 834 4291; x_wconf 88' lang='lat' dir='ltr'>sacris</span> <span class='ocrx_word' id='word_1_372' title='bbox 851 4247 940 4307; x_wconf 70' lang='grc' dir='ltr'><strong><em>μύρτου</em></strong></span> <span class='ocrx_word' id='word_1_373' title='bbox 957 4251 1033 4306; x_wconf 65' lang='lat' dir='ltr'>pupae</span> <span class='ocrx_word' id='word_1_374' title='bbox 1049 4242 1171 4303; x_wconf 63' lang='lat' dir='ltr'>dirutos).</span> <span class='ocrx_word' id='word_1_375' title='bbox 1187 4255 1253 4301; x_wconf 90' lang='lat' dir='ltr'>quae</span> <span class='ocrx_word' id='word_1_376' title='bbox 1269 4241 1424 4302; x_wconf 87' lang='lat' dir='ltr'>aetiologias</span> <span class='ocrx_word' id='word_1_377' title='bbox 1434 4246 1490 4291; x_wconf 83' lang='lat' dir='ltr'>tum</span> 
     </span>
     <span class='ocr_line' id='line_1_40' title="bbox 205 4321 1490 4383; baseline -0.001 -12"><span class='ocrx_word' id='word_1_378' title='bbox 205 4324 310 4371; x_wconf 89' lang='lat' dir='ltr'>demum</span> <span class='ocrx_word' id='word_1_379' title='bbox 328 4325 414 4383; x_wconf 89' lang='lat' dir='ltr'>magis</span> <span class='ocrx_word' id='word_1_380' title='bbox 430 4324 522 4383; x_wconf 83' lang='lat' dir='ltr'>dignae</span> <span class='ocrx_word' id='word_1_381' title='bbox 546 4324 688 4371; x_wconf 82' lang='lat' dir='ltr'>attentione</span> <span class='ocrx_word' id='word_1_382' title='bbox 705 4325 767 4370; x_wconf 86' lang='lat' dir='ltr'>suut</span> <span class='ocrx_word' id='word_1_383' title='bbox 784 4335 843 4369; x_wconf 92' lang='lat' dir='ltr'>cum</span> <span class='ocrx_word' id='word_1_384' title='bbox 862 4322 912 4369; x_wconf 91' lang='lat' dir='ltr'>loci</span> <span class='ocrx_word' id='word_1_385' title='bbox 929 4321 1064 4369; x_wconf 89' lang='lat' dir='ltr'>cuiusdam</span> <span class='ocrx_word' id='word_1_386' title='bbox 1083 4334 1171 4368; x_wconf 89' lang='lat' dir='ltr'>sacrae</span> <span class='ocrx_word' id='word_1_387' title='bbox 1190 4321 1328 4369; x_wconf 88' lang='lat' dir='ltr'>memoriae</span> <span class='ocrx_word' id='word_1_388' title='bbox 1346 4324 1410 4368; x_wconf 85' lang='lat' dir='ltr'>sunt</span> <span class='ocrx_word' id='word_1_389' title='bbox 1429 4334 1490 4370; x_wconf 90' lang='lat' dir='ltr'>ccu-</span> 
     </span>
     <span class='ocr_line' id='line_1_41' title="bbox 215 4401 1490 4462; baseline -0.001 -12"><span class='ocrx_word' id='word_1_390' title='bbox 215 4405 316 4450; x_wconf 83' lang='lat' dir='ltr'>unctae.</span> <span class='ocrx_word' id='word_1_391' title='bbox 344 4403 375 4449; x_wconf 94' lang='lat' dir='ltr'>Iu</span> <span class='ocrx_word' id='word_1_392' title='bbox 397 4403 520 4451; x_wconf 87' lang='lat' dir='ltr'>historica</span> <span class='ocrx_word' id='word_1_393' title='bbox 538 4405 625 4449; x_wconf 89' lang='lat' dir='ltr'>autem</span> <span class='ocrx_word' id='word_1_394' title='bbox 642 4415 673 4450; x_wconf 92' lang='lat' dir='ltr'>ac</span> <span class='ocrx_word' id='word_1_395' title='bbox 691 4402 804 4462; x_wconf 86' lang='lat' dir='ltr'>mythica</span> <span class='ocrx_word' id='word_1_396' title='bbox 822 4415 900 4449; x_wconf 84' lang='lat' dir='ltr'>causa</span> <span class='ocrx_word' id='word_1_397' title='bbox 917 4402 1071 4461; x_wconf 87' lang='lat' dir='ltr'>plerumque</span> <span class='ocrx_word' id='word_1_398' title='bbox 1089 4401 1230 4460; x_wconf 81' lang='lat' dir='ltr'>acquiescit</span> <span class='ocrx_word' id='word_1_399' title='bbox 1249 4401 1438 4458; x_wconf 60' lang='lat' dir='ltr'>Callimachum</span> <span class='ocrx_word' id='word_1_400' title='bbox 1454 4403 1490 4449; x_wconf 90' lang='lat' dir='ltr'>ita</span> 
     </span>
     <span class='ocr_line' id='line_1_42' title="bbox 203 4480 1490 4541; baseline -0.001 -12"><span class='ocrx_word' id='word_1_401' title='bbox 203 4482 320 4541; x_wconf 85' lang='lat' dir='ltr'>exempli</span> <span class='ocrx_word' id='word_1_402' title='bbox 337 4483 419 4541; x_wconf 85' lang='lat' dir='ltr'>gratia</span> <span class='ocrx_word' id='word_1_403' title='bbox 439 4495 498 4529; x_wconf 90' lang='lat' dir='ltr'>cum</span> <span class='ocrx_word' id='word_1_404' title='bbox 515 4481 542 4529; x_wconf 89' lang='lat' dir='ltr'>in</span> <span class='ocrx_word' id='word_1_405' title='bbox 560 4482 650 4541; x_wconf 91' lang='lat' dir='ltr'>quinto</span> <span class='ocrx_word' id='word_1_406' title='bbox 667 4481 763 4541; x_wconf 82' lang='lat' dir='ltr'>hymno</span> <span class='ocrx_word' id='word_1_407' title='bbox 783 4494 882 4528; x_wconf 86' lang='lat' dir='ltr'>sacram</span> <span class='ocrx_word' id='word_1_408' title='bbox 901 4480 1016 4528; x_wconf 83' lang='lat' dir='ltr'>Palladis</span> <span class='ocrx_word' id='word_1_409' title='bbox 1033 4481 1187 4529; x_wconf 86' lang='lat' dir='ltr'>lavationem</span> <span class='ocrx_word' id='word_1_410' title='bbox 1201 4480 1308 4540; x_wconf 86' lang='lat' dir='ltr'>exponit</span> <span class='ocrx_word' id='word_1_411' title='bbox 1321 4480 1399 4541; x_wconf 88' lang='lat' dir='ltr'>louge</span> <span class='ocrx_word' id='word_1_412' title='bbox 1417 4481 1490 4529; x_wconf 85' lang='lat' dir='ltr'>abest</span> 
     </span>
    </p>
   </div>
   <div class='ocr_carea' id='block_1_4' title="bbox 199 4559 1488 4701">
    <p class='ocr_par' dir='ltr' id='par_1_7' title="bbox 199 4559 1488 4701">
     <span class='ocr_line' id='line_1_43' title="bbox 204 4559 1488 4622; baseline 0.002 -15"><span class='ocrx_word' id='word_1_413' title='bbox 204 4574 219 4607; x_wconf 93' lang='lat' dir='ltr'>a</span> <span class='ocrx_word' id='word_1_414' title='bbox 243 4561 391 4619; x_wconf 89' lang='lat' dir='ltr'>suspicione</span> <span class='ocrx_word' id='word_1_415' title='bbox 418 4560 576 4619; x_wconf 84' lang='lat' dir='ltr'>symbolicae</span> <span class='ocrx_word' id='word_1_416' title='bbox 600 4561 737 4608; x_wconf 90' lang='lat' dir='ltr'>cuiusdam</span> <span class='ocrx_word' id='word_1_417' title='bbox 760 4574 854 4608; x_wconf 87' lang='lat' dir='ltr'>causae</span> <span class='ocrx_word' id='word_1_418' title='bbox 870 4572 938 4619; x_wconf 90' lang='lat' dir='ltr'>quae</span> <span class='ocrx_word' id='word_1_419' title='bbox 965 4559 1026 4608; x_wconf 89' lang='lat' dir='ltr'>huic</span> <span class='ocrx_word' id='word_1_420' title='bbox 1051 4561 1109 4609; x_wconf 89' lang='lat' dir='ltr'>usui</span> <span class='ocrx_word' id='word_1_421' title='bbox 1132 4559 1239 4609; x_wconf 86' lang='lat' dir='ltr'>subesse</span> <span class='ocrx_word' id='word_1_422' title='bbox 1261 4562 1365 4622; x_wconf 67' lang='lat' dir='ltr'>posset,</span> <span class='ocrx_word' id='word_1_423' title='bbox 1385 4560 1488 4620; x_wconf 76' lang='lat' dir='ltr'>qualem</span> 
     </span>
     <span class='ocr_line' id='line_1_44' title="bbox 199 4637 631 4701; baseline 0.005 -16"><span class='ocrx_word' id='word_1_424' title='bbox 199 4638 281 4686; x_wconf 91' lang='lat' dir='ltr'>habes</span> <span class='ocrx_word' id='word_1_425' title='bbox 299 4640 338 4687; x_wconf 82' lang='lat' dir='ltr'>Ha</span> <span class='ocrx_word' id='word_1_426' title='bbox 346 4653 366 4686; x_wconf 91' lang='lat' dir='ltr'>r.</span> <span class='ocrx_word' id='word_1_427' title='bbox 386 4637 442 4701; x_wconf 71' lang='lat' dir='ltr'>Ipla</span> <span class='ocrx_word' id='word_1_428' title='bbox 464 4637 537 4687; x_wconf 75' lang='lat' dir='ltr'>Tasr.</span> <span class='ocrx_word' id='word_1_429' title='bbox 558 4640 631 4688; x_wconf 82' lang='lat' dir='ltr'>alea.</span> 
     </span>
    </p>
   </div>
   <div class='ocr_carea' id='block_1_5' title="bbox 0 0 1559 5286">
    <p class='ocr_par' dir='ltr' id='par_1_8' title="bbox 0 0 1559 5286">
     <span class='ocr_line' id='line_1_45' title="bbox 0 0 1559 5286; baseline 0 0"><span class='ocrx_word' id='word_1_430' title='bbox 0 0 1559 5286; x_wconf 95' lang='lat' dir='ltr'> </span> 
     </span>
    </p>
   </div>
  </div>
 </body>
</html>
