3068 5294
809 467 873 526 218
1234 465 1275 525 ΙΙ.
1304 465 1475 525 101-103

208 654 378 732 dicentem,
413 655 497 730 quod
528 654 721 717 vocabulum
753 656 836 730 apud
860 654 1040 715 Homerum
1073 651 1196 714 bestias
1230 653 1366 712 tantum
1393 650 1473 711 ieras

208 756 328 817 indicat
361 757 462 818 veluti
486 758 605 835 leones,
632 773 671 819 ac
694 755 912 834 δαιμόνιον
935 756 1029 838 illum
1052 759 1135 835 θῆρα
1159 756 1343 831 vocantem,
1367 767 1472 827 quam·

209 873 310 933 quam
331 859 473 920 Homero
497 860 665 921 vocativus
688 859 777 921 solus
800 859 834 919 in
857 873 919 920 usu
941 858 1059 919 fuisset
1084 849 1115 928 ¹).

254 960 343 1022 Haec
373 961 402 1021 si
432 963 469 1021 ut
499 963 577 1022 sunt
606 962 653 1021 ita
684 961 833 1022 videntur
859 960 1032 1022 lectoribus
1063 959 1242 1037 levissima,
1267 959 1398 1034 dignius
1420 958 1471 1017 ior·

208 1065 298 1124 tasse
318 1063 380 1123 erit
398 1062 437 1123 de
456 1078 518 1136 quo
539 1064 686 1125 dicamus
703 1063 837 1124 verbum
861 1061 1082 1142 καοήνοιρες
1106 1079 1154 1124 vs.
1178 1064 1251 1124 101.
1273 1062 1471 1140 Quamquam

209 1165 297 1226 enim
316 1165 396 1226 haec
415 1166 526 1226 aoristi
546 1164 651 1227 forma
668 1167 780 1240 ignota
799 1166 860 1226 suit
885 1167 1026 1228 Homero
1052 1200 1093 1210 -
1115 1167 1258 1242 primum
1282 1164 1424 1226 occurrit
1444 1162 1472 1222 in

210 1266 342 1327 Hesiodi
359 1265 450 1328 Scuto
469 1283 517 1328 vs.
532 1269 595 1329 329
609 1265 755 1346 ἐξεναρεῖν
769 1302 809 1313 -
822 1271 934 1330 tamen
954 1270 1094 1344 pertinet
1112 1271 1151 1330 ad
1164 1270 1278 1345 poetae
1290 1266 1471 1341 interpreta-

211 1368 334 1429 tionem
365 1369 563 1431 homericam
587 1385 634 1447 eo,
666 1371 749 1445 quod
772 1371 845 1432 inde
868 1372 1001 1447 apparet
1031 1370 1227 1432 Callimacho
1258 1384 1386 1445 quoque
1415 1368 1473 1426 iam

210 1471 371 1546 placuisse
402 1471 636 1533 derivationem
667 1472 756 1533 verbi
785 1487 805 1533 a
836 1471 1041 1534 substantivo
1064 1470 1167 1552 ἔναρα,
1189 1473 1285 1534 sicuti
1310 1472 1384 1547 post
1407 1483 1474 1530 eum

213 1573 410 1635 Aristarcho.
446 1574 549 1636 Simul
582 1575 650 1635 iam
682 1575 867 1636 observavit
896 1576 1007 1636 noster
1036 1576 1124 1636 idem
1156 1574 1240 1650 quod
1271 1573 1403 1648 saepius
1432 1569 1474 1631 ad·

213 1674 340 1735 notavit
370 1675 586 1749 Aristarchus,
618 1692 862 1750 nonnumquam
890 1677 931 1738 ab
963 1676 1104 1738 Homero
1135 1683 1387 1756 ναααχρηοοιιιύςΙ
1400 1671 1475 1734 adhi-

214 1776 318 1837 bitum
350 1792 422 1838 esse
452 1779 522 1838 tam
554 1778 689 1839 verbum
720 1775 846 1857 ἐναίρειν
878 1793 977 1853 quam
1010 1776 1153 1858 ἐναρίζειν
1183 1779 1234 1850 (ci.
1262 1778 1364 1837 Lehrs
1389 1773 1474 1834 Arist.

214 1893 244 1953 p.
272 1880 335 1939 145
370 1880 403 1939 et
435 1878 531 1941 Hom.
567 1881 602 1938 Φ.
631 1875 707 1948 485)
741 1880 775 1940 in
806 1894 870 1955 qua
900 1895 935 1940 re
963 1881 1038 1941 ante
1070 1882 1219 1942 nostrum
1248 1879 1424 1953 Lycophro‚
1447 1875 1476 1934 ut

216 1980 297 2041 alios
320 1996 383 2041 nou
406 1981 583 2057 nominem,
607 1983 740 2043 secutus
763 1983 834 2042 erat
857 1981 1047 2058 Homerum,
1072 1983 1112 2043 cf.
1139 1982 1225 2042 Alea.
1251 1980 1328 2040 486.
1354 1972 1378 2048 ²)

260 2080 396 2143 Difficile
429 2084 480 2143 est
513 2084 665 2157 indagare
698 2099 781 2158 quae
811 2098 911 2145 causa
941 2085 1081 2146 moverit
1112 2086 1243 2160 poetam
1273 2084 1312 2143 ut
1342 2096 1392 2141 vs.
1420 2076 1472 2139 101

217 2184 400 2245 homericae
441 2185 572 2246 dictioni
604 2219 644 2229 —
675 2200 751 2246 nam
798 2182 921 2263 „dubo
956 2180 1113 2246 ὀιονὸν”
1148 2201 1275 2261 quoque
1310 2200 1353 2246 ex
1386 2180 1474 2243 Iliade

218 2287 400 2360 desumpsit
424 2321 461 2331 -
485 2287 598 2350 aoristi
620 2287 760 2347 formam
784 2287 979 2349 admisceret
1001 2287 1041 2349 ab
1065 2288 1153 2349 omni
1176 2287 1309 2360 antiquo
1336 2295 1474 2346 sermone

218 2390 379 2449 remotam
410 2385 615 2467 ἐπηύεησε.
646 2389 697 2449 An
728 2389 875 2450 consulto
898 2389 958 2451 hoc
981 2390 1115 2450 novavit
1137 2389 1246 2449 sonitu
1270 2388 1359 2449 verbi
1382 2385 1474 2446 imita·

219 2491 274 2550 tus
304 2491 462 2551 aorlstum
493 2491 694 2551 homericum
726 2487 943 2568 ἐπεοφήμηοε1
973 2490 1115 2552 Noverat
1145 2505 1224 2551 sane
1256 2488 1392 2550 verbum
1422 2480 1474 2544 αύα

219 2593 253 2653 et
288 2592 421 2654 Homeri
454 2607 552 2653 usum
587 2594 719 2653 secutus
753 2592 942 2653 adhibuerat
976 2592 1033 2652 111.
1066 2593 1108 2653 56
1132 2607 1197 2664 sqq.
1229 2592 1280 2661 (ci.
1312 2605 1384 2665 pag.
1416 2588 1473 2658 62);

219 2694 371 2768 aequales
401 2695 513 2755 autem
544 2695 657 2770 poetae
688 2696 757 2755 tam
782 2695 814 2755 in
837 2694 977 2769 simplici
1002 2694 1097 2755 verbo
1121 2708 1219 2767 quam
1242 2693 1276 2753 in
1300 2687 1475 2766 compositis

221 2797 343 2858 iustam
373 2797 512 2857 formam
544 2797 656 2857 acrisii
686 2792 777 2855 ἀῦσαι
808 2797 958 2857 adbibere
989 2796 1095 2857 solent
1126 2794 1176 2866 (cf.
1200 2795 1333 2856 Theocr.
1358 2793 1411 2854 IV.
1434 2789 1475 2860 36,

221 2899 367 2974 Apollon.
404 2898 504 2960 Rhod.
539 2898 593 2960 IV.
627 2900 688 2968 75).
714 2932 754 2941 —
782 2898 871 2975 Quod
905 2901 1016 2960 autem
1052 2897 1169 2958 attinet
1201 2897 1242 2957 ad
1271 2896 1381 2970 ipsum
1410 2886 1476 2953 illud

220 2997 367 3077 ἐφύμνιον
390 3001 485 3061 —de
509 3000 601 3061 cuius
623 3000 744 3074 origine
768 2999 930 3061 aliudfert
949 3001 1059 3061 noster
1077 2999 1233 3060 iudicium
1254 3013 1355 3071 quam
1367 2993 1476 3071 Apollo·

222 3104 296 3163 nius
315 3103 380 3179 ille,
400 3106 513 3177 gratus
532 3102 609 3163 olim
626 3103 802 3177 discipulus
822 3104 929 3176 atquo
942 3104 1087 3176 tempore
1100 3103 1180 3161 haec
1192 3100 1308 3175 hymni
1321 3115 1396 3174 pars
1407 3109 1477 3159 conr·

222 3206 328 3280 posita
355 3207 415 3281 est,
446 3205 644 3280 praeceptori
666 3204 900 3264 infestissimus
914 3237 954 3247 —
968 3203 1132 3264 observari
1156 3202 1232 3262 licet
1254 3217 1360 3274 neque
1385 3201 1479 3275 ipsun

222 3308 282 3368 hoc
312 3322 414 3381 genus
446 3305 659 3380 etymologiae
690 3320 845 3381 uuquam,
876 3304 949 3365 inde
980 3305 1020 3365 ab
1044 3303 1178 3364 Homeri
1201 3303 1320 3378 aetate,
1348 3302 1480 3363 alienum

224 3409 326 3470 fuisse
348 3425 368 3470 a
390 3408 585 3470 Graecorum
608 3408 708 3484 poesi,
732 3423 835 3481 neque
863 3407 985 3482 hymno
1008 3405 1171 3465 homerico
1193 3404 1228 3463 tu
1251 3402 1427 3479 Apollinem
1450 3428 1481 3443 a

226 3511 317 3571 cuius
347 3511 540 3571 memoriam
570 3526 611 3572 ne
641 3526 727 3571 nunc
753 3509 883 3582 quidem
908 3507 1038 3583 deponit
1061 3506 1172 3567 noster
1197 3538 1237 3548 -
1262 3505 1358 3580 plane
1382 3504 1484 3565 deesse

226 3613 335 3673 lusum
366 3613 469 3674 illum.
501 3613 621 3674 Verum
653 3627 757 3688 neque
788 3625 908 3672 nomen
938 3606 1056 3685 παιήων
1089 3607 1235 3668 derivare
1266 3606 1393 3668 studuit
1415 3601 1484 3664 anti·

225 3733 309 3790 quus
339 3717 443 3791 poeta,
471 3731 574 3790 neque
598 3714 748 3776 convenit
771 3728 846 3773 cum
870 3712 940 3772 eius
963 3710 1106 3771 carmine
1129 3708 1349 3770 recentiorum
1373 3710 1485 3780 etymo·

227 3819 320 3896 logia,
352 3834 429 3879 nam
453 3817 571 3878 diserte
596 3819 721 3894 Κρηνύον
744 3811 886 3891 παιήονες
912 3814 1133 3872 memorantur
1157 3825 1204 3870 vs.
1227 3808 1302 3869 518.
1324 3806 1486 3870 Homerico

226 3923 339 3997 poetae
381 3921 576 3995 Delphorum
618 3932 735 3978 nomen
778 3915 947 3989 antiquum
984 3913 1145 3987 explicare
1179 3911 1301 3986 placuit
1335 3916 1395 3981 (vs.
1431 3907 1485 3969 363

228 4021 374 4083 ἐνταυθοῖ
399 4031 457 4082 νῦν
476 4021 599 4096 πύθευ),
627 4019 821 4081 recentiores
848 4021 917 4076 tam
942 4017 1054 4090 poetae
1079 4029 1178 4089 quam
1202 4013 1301 4074 ceteri
1325 4012 1487 4086 scriptores

261 4242 281 4309 ¹)
302 4246 395 4306 Semel,
413 4246 438 4292 in
455 4246 585 4292 homerico
602 4244 697 4302 hymno
714 4241 740 4288 ιἰι
759 4239 833 4287 Mero.
853 4239 884 4285 91
902 4238 1014 4285 occurrit
1035 4237 1061 4283 in
1079 4236 1168 4283 eadem
1187 4248 1277 4283 versus
1295 4235 1356 4283 aede
1375 4233 1488 4290 ,ύαιμοιὶρ

229 4325 298 4381 ιύξ“’;
317 4339 405 4372 versus
422 4329 508 4371 autom
533 4325 624 4371 merito
648 4322 778 4382 plerisque
796 4319 938 4367 editoribus
955 4320 1092 4377 suspectus
1110 4319 1156 4363 est.
1175 4340 1208 4350 -
1225 4316 1273 4362 Vix
1290 4316 1424 4375 qnisquam
1443 4309 1488 4358 oul-

229 4418 277 4464 pse
300 4405 377 4451 ducat
401 4408 487 4450 nostro
511 4404 579 4462 quod
603 4402 758 4461 singularem
784 4403 891 4462 ἑκημολύρ
908 4397 1055 4443 adhibuerit
1073 4409 1131 4442 oum
1150 4394 1218 4455 apud
1235 4395 1377 4441 Homerum
1393 4389 1490 4452 pluralis

230 4487 327 4528 tantuin
348 4485 420 4540 isque
438 4483 517 4528 semel
536 4483 673 4541 legeretur,
689 4486 714 4528 Ε.
728 4470 774 4526 54.

265 4561 284 4626 ²)
304 4569 435 4625 ι’,ῑιιαρζιιν
460 4561 492 4607 de
516 4561 604 4607 eodem
629 4561 738 4607 dracone
763 4559 862 4605 dixerat
884 4556 1033 4616 Apollonius
1055 4554 1171 4602 Rhodius
1194 4565 1253 4599 cnm
1271 4551 1306 4598 Il.
1326 4552 1373 4598 ila
1390 4553 1492 4610 ἐφύμνιον

233 4641 298 4689 illud
315 4644 423 4701 ἰηπαιύοι
440 4640 587 4700 explicaret.
