3104 5296
58 448 108 510 lv.
133 448 268 511 58-60
662 450 723 511 125

54 641 195 702 formam
215 637 385 719 φιλαίνερον
400 640 434 701 in
454 640 544 715 epica
560 640 698 701 dictione
710 655 773 700 non
785 656 952 718 respuens,
965 657 1047 717 quae
1060 642 1136 703 licet
1148 642 1326 704 Ptolemaei

53 746 162 804 aetate
180 742 315 817 vulgata
333 742 440 818 ruerit,
453 743 564 802 tamen
580 757 621 803 ne
632 742 666 801 in
679 743 788 803 Attica
800 743 930 816 quidem
942 744 1079 805 dialecto
1092 745 1278 806 occurrebat
1294 738 1325 815 ¹).

117 946 174 1006 VS.
201 946 254 1006 59.
300 954 340 1028 τῷ
363 942 401 1024 ῥα
424 941 474 1004 καὶ
497 941 572 1021 αύτη
596 940 650 1023 μὲν
672 943 799 1022 σκοπιὴν
822 943 885 1025 ἔχεν
908 944 1030 1024 αἰθέρος
1053 946 1132 1026 εἴσω,

304 1043 486 1126 σπερχομένη
509 1043 583 1126 μέγα
606 1046 692 1124 δήτι
715 1045 765 1107 καὶ
788 1046 824 1108 ού
847 1047 951 1124 φατόν.
974 1041 1050 1128 εἶργε
1074 1045 1106 1109 δὲ
1128 1047 1219 1127 Λητὼ

303 1145 473 1228 τειρομένην
497 1144 590 1208 ὠδῖσι·
614 1147 677 1209 δύω
701 1146 734 1209 δέ
757 1148 789 1209 οἱ
808 1149 887 1210 εἴατο
910 1147 1039 1230 φρουροὶ

299 1254 388 1329 γαῖαν
411 1248 632 1327 ἐποπτεύοντες,
654 1245 671 1310 ὃ
695 1246 748 1328 μὲν
772 1248 864 1311 πέδον
888 1248 1021 1331 ἠπείροιο

299 1351 407 1429 ἥμενος
430 1350 550 1430 ὑψηλῆς
575 1360 711 1430 κορυφῆς
735 1351 784 1412 ἐπι
809 1352 937 1432 Θρήικος
961 1352 1061 1430 Αἴμου

299 1457 414 1533 θοῦρος
431 1451 521 1531 ’Ἁρης
545 1451 692 1530 ἐφύλασσε
715 1453 772 1514 σὺν
796 1452 897 1531 ἔντεσι,
920 1452 959 1515 τὼ
983 1452 1015 1515 δέ
1037 1453 1070 1516 ού
1090 1454 1177 1516 ἵπποι

200 1557 242 1616 65
299 1552 467 1635 ἐπτύμοχον
493 1553 605 1637 Βορέαο
629 1554 711 1637 παρὰ
733 1555 822 1629 σπέος
846 1556 1009 1635 ηὐλίζοντο·

300 1652 320 1734 b
344 1651 374 1716 δ’
400 1654 448 1717 ἐπὶ
471 1657 592 1735 νησύοον
615 1655 697 1737 ἕτέρη
721 1657 832 1731 σκοπὸς
852 1657 994 1737 εὐρειάων

303 1750 374 1836 ἧστο
397 1757 471 1839 κόρη
497 1761 673 1838 Θαύμαντος
696 1759 840 1834 ἐπαΐξασα
865 1761 1009 1837 Μίμαντι.

54 1862 312 1924 Celeberrimum
336 1861 446 1922 Iliadis
468 1862 576 1923 locum
600 1864 639 1922 N.
667 1864 707 1922 10
727 1878 793 1937 sqq.
815 1862 1012 1924 Callimacho
1031 1863 1128 1924 hosce
1148 1866 1181 1924 et
1196 1880 1327 1938 sequen·

53 1968 106 2027 tes
131 1980 249 2026 versus
272 1964 485 2025 conscribenti
507 1964 717 2025 obversatum
738 1980 811 2025 esse
834 1965 933 2025 simul
953 1980 1027 2025 curn
1048 1965 1212 2038 Odysseae
1231 1981 1328 2027 versu

54 2073 89 2126 θ.
114 2068 179 2128 302
212 2066 265 2126 cui
294 2067 444 2126 accurate
475 2066 603 2126 numeri
635 2081 749 2127 versus
774 2067 815 2127 59
840 2065 1043 2143 respondent,
1067 2068 1174 2140 quivis
1197 2069 1326 2130 videbit.

56 2170 182 2245 Operae
213 2171 326 2229 tamen
356 2167 496 2241 pretium
523 2182 608 2227 nnnc
637 2168 677 2228 ad
704 2167 736 2227 id
764 2168 940 2243 attendere,
969 2169 1122 2242 quoniam
1145 2171 1228 2248 inde,
1253 2185 1328 2233 cum

54 2270 251 2347 praesertim
275 2269 514 2344 comparaveris
536 2269 638 2329 nostri
662 2270 777 2343 hymni
801 2285 932 2331 versum
959 2272 1031 2347 126,
1055 2271 1141 2333 haud
1160 2272 1329 2333 levissima

55 2375 204 2435 nascitur
226 2371 366 2447 suspicio
389 2371 456 2430 iarn
476 2369 711 2431 Callimachum
736 2373 774 2430 N.
791 2373 831 2431 10
854 2387 918 2433 non
945 2369 1187 2451 „utcoouontev”
1210 2375 1330 2449 legisse

56 2477 114 2536 sed
142 2471 253 2551 ,ἀλαὸς
276 2470 435 2549 canuerint
460 2471 610 2533 Oeternm
632 2474 981 2546 quamvisHomerum
1002 2476 1241 2553 respiciebam
1262 2493 1328 2538 ver·

56 2591 115 2638 sus
145 2574 212 2636 flne
243 2574 283 2635 ah
307 2573 439 2634 Homeri
465 2573 589 2633 ratione
613 2573 739 2635 dicendi
763 2575 901 2651 aberrat,
926 2578 959 2637 et
982 2576 1021 2636 ad
1045 2577 1240 2650 tragicorum
1265 2593 1328 2639 ser·

56 2693 189 2740 monem
226 2676 377 2752 deflectit,
401 2690 479 2735 nam
503 2673 571 2734 εἴσω
594 2676 706 2736 scribit
729 2691 766 2737 eo
790 2692 888 2738 sensu
912 2692 973 2751 quo
997 2677 1160 2738 Homerus
1183 2681 1328 2741 constan·

56 2784 107 2842 ter
126 2777 218 2839 ἔνδον
240 2779 310 2839 sive
330 2773 422 2852 ἐντός,
440 2776 540 2836 simili
559 2791 665 2838 errore
685 2778 872 2852 implicatus
892 2779 979 2854 quali
992 2779 1173 2841 zenodotus
1184 2782 1331 2856 peccavit

56 2884 111 2956 qni
134 2885 218 2941 κεῖθι
241 2882 275 2942 et
296 2883 373 2939 κεῖσε
396 2878 525 2953 saepius
548 2878 690 2939 confudit
723 2880 773 2949 (cf.
798 2880 934 2941 Duentz.
958 2881 1099 2943 Zenodot.
1123 2898 1153 2957 p.
1179 2884 1242 2955 81).
1266 2884 1330 2944 Mu·

56 2985 171 3045 tarnnt
205 2983 321 3042 horum
355 2980 581 3041 adverbiorum
612 2996 709 3041 usum
742 2982 857 3056 tragici
887 2998 904 3044 e
937 2982 1053 3056 quihus
1076 2984 1159 3045 satis
1181 2986 1242 3045 erit
1265 2985 1329 3046 lau·

56 3085 153 3148 desse
178 3083 318 3145 Eteoclis
340 3081 463 3143 dictum
487 3082 527 3141 ad
551 3081 685 3142 chorum
707 3083 882 3144 mulierum
903 3084 1128 3145 Thebanorum
1149 3085 1242 3161 (Sept.
1256 3088 1330 3158 232)

305 3181 359 3242 σὸν
384 3177 410 3241 δ’
438 3172 477 3241 αύ
500 3180 533 3242 τὸ
557 3191 643 3261 σιγᾶν
666 3181 718 3244 καὶ
741 3182 841 3262 μένειν
865 3183 921 3246 ἐστι
946 3183 1057 3262 δόμων.
1082 3180 1105 3257 ²)

57 3291 170 3366 Neque
194 3303 271 3350 vero
294 3285 362 3346 εἴσω
385 3300 460 3347 cum
483 3285 633 3359 genetivo
657 3286 790 3361 iungere
813 3287 984 3365 dubitavit,
1008 3289 1129 3350 rariora
1153 3292 1188 3351 ut
1210 3291 1333 3353 assolet

56 3405 261 3467 praeponens
281 3389 386 3462 magis
406 3386 553 3461 cognitis.
575 3387 737 3449 Homerus
757 3389 854 3466 enim,
875 3390 930 3464 qui
949 3390 1000 3450 bis
1019 3392 1110 3452 terve
1130 3393 1163 3453 in
1187 3392 1332 3467 Odyssea

58 3493 196 3572 σώματος
218 3489 286 3551 εἴσω
309 3495 348 3566 (η.
376 3489 455 3563 135;
480 3491 512 3546 θ.
537 3488 613 3559 290)
635 3490 727 3567 dixit,
751 3492 944 3565 saepissime
967 3493 1192 3554 accusativum
1216 3495 1332 3556 addere

57 3597 143 3658 solet
179 3590 329 3672 ,ούρανύν
361 3589 450 3650 εἴσα”
483 3592 517 3650 et
546 3590 678 3668 similia,
710 3592 743 3651 in
774 3593 913 3654 dictione
944 3588 1112 3653 κατελθόνύ
1139 3591 1240 3666 Ἄιδος
1263 3594 1331 3655 εἴσω

57 3697 258 3760 subaudiens
288 3693 512 3755 accusativum
542 3691 645 3769 δόμον.
671 3693 856 3755 —Eodem
892 3694 1050 3756 rariorum
1082 3710 1192 3756 amore
1216 3697 1333 3758 ductus

58 3794 309 3878 σπερχομένη
344 3797 378 3856 et
412 3794 464 3854 hic
494 3795 528 3854 et
559 3809 607 3854 vs.
635 3796 697 3855 158
731 3811 769 3857 ea
801 3795 1035 3870 significatione
1065 3797 1211 3857 adhibuit
1233 3812 1332 3871 quarn

58 3901 163 3964 semel
198 3899 282 3974 apud
316 3897 496 3956 Homerum
530 3895 674 3956 obtinere
707 3896 891 3958 videbatur:
929 3896 969 3955 a.
1002 3898 1066 3957 248
1105 3896 1332 3977 ςσπερχομένοιο

58 4001 228 4082 νέροντος”.
263 3999 358 4060 Hunc
391 4012 489 4058 usum
524 3998 695 4071 tamquam
730 4000 815 4073 apud
850 3999 1030 4060 Homerum
1064 4015 1127 4060 non
1162 3999 1331 4074 vulgatum

58 4105 194 4168 notabat
225 4100 410 4175 scholiasta,
442 4098 496 4172 qni
519 4113 582 4158 non
605 4113 884 4174 supervacaneum
908 4101 1001 4160 duxit
1023 4100 1156 4162 addere:
1184 4100 1278 4182 „nobe
1299 4101 1332 4162 τὸ

58 4204 232 4284 mnatre&
268 4201 502 4263 Callimachum
537 4215 663 4275 quoque
694 4202 733 4262 de
769 4203 820 4263 his
852 4203 932 4278 ipsis
964 4203 1098 4264 Homeri
1122 4204 1229 4265 verbis
1251 4205 1332 4279 cogi·

63 4366 280 4378 ----

92 4471 112 4539 ¹)
128 4475 263 4523 Praeterat
279 4474 432 4534 praeceptor
448 4471 564 4519 Philetas
581 4471 607 4518 in
626 4476 742 4530 παιγνίοις
758 4472 828 4520 Stob.
846 4471 899 4532 fior.
920 4474 977 4520 124.
993 4475 1032 4521 11.

91 4549 113 4618 ²)
129 4555 198 4602 hdov
217 4555 244 4600 et
260 4554 322 4607 οἴσω,
339 4556 402 4599 κοῖαι
420 4554 446 4598 et
462 4559 522 4598 νιεοο
547 4548 580 4596 ab
599 4550 711 4598 Homero
728 4565 778 4598 non
797 4553 950 4600 commutari
966 4553 1071 4612 saepius
1096 4553 1196 4602 monuit
1221 4554 1334 4602 Aristar-

60 4632 121 4681 chus
137 4631 184 4697 (oi.
202 4631 294 4679 Lehrs.
311 4645 336 4691 p.
357 4627 425 4695 184.)
