3104 5286
820 440 882 500 154

214 627 299 700 quid.
324 621 344 697 ¹)
376 627 511 702 saepius
541 629 653 688 autem
684 627 829 702 turpiora
859 626 985 687 omittit
1016 624 1251 703 Callimachus,
1281 627 1336 702 qui
1358 628 1492 702 qualem

213 728 294 788 inire
317 730 479 790 rationem
502 730 650 803 oporteat
672 728 706 788 in
733 729 774 787 iis
796 727 915 788 fabulis
939 728 1056 802 quibus
1080 728 1215 789 deorum
1238 729 1382 804 dignitas
1402 730 1491 790 dam·

214 845 293 890 num
323 832 468 906 accipere
498 831 616 905 possit,
647 829 828 891 luculenter
856 830 1000 890 ostendit
1023 830 1056 889 in
1080 831 1264 892 narratione
1287 831 1327 892 de
1351 830 1488 906 Tiresia,

213 948 312 1007 quam
342 934 472 1009 saepius
502 933 684 1007 attigimus.
716 932 833 993 Variae
865 931 953 991 enim
977 946 1095 992 caueae
1118 932 1296 992 edebantur
1319 948 1339 992 a
1361 932 1490 1006 mytho·

212 1034 310 1110 logis,
341 1035 458 1109 quibus
489 1035 559 1094 eius
590 1034 732 1094 caecitas
758 1033 1012 1095 adscriberetur:
1045 1033 1167 1093 indicat
1194 1034 1292 1094 hasce
1320 1033 1490 1108 Apollodo-

212 1151 269 1196 rus
300 1135 368 1207 (iil.
393 1137 423 1196 6.
448 1136 494 1205 ll:
529 1132 632 1210 ,ἄλλοι
663 1130 717 1209 μὶν
752 1132 807 1213 γάρ
842 1131 935 1192 αὐτὸν
967 1131 1027 1194 ὑπὸ
1057 1137 1141 1193 θεῶν
1172 1151 1246 1208 φασι
1276 1139 1491 1212 τυφλωθῆναι,

213 1234 257 1295 ὅτι
279 1241 340 1307 τοῖς
363 1233 538 1314 ἀνθρώποις
561 1231 581 1293 δ
600 1236 742 1312 κρύπτειν
761 1231 874 1312 ἤθελον
894 1232 1018 1313 ἐμήνυε,
1041 1235 1212 1312 Φερεκύδης
1233 1232 1266 1295 δὲ
1281 1234 1342 1296 ὑπὸ
1359 1241 1490 1314 Ἀθηνᾶς

215 1335 318 1408 [αὐτὸν
348 1341 559 1414 τυφλωθῆναι]
592 1328 688 1397 οὖσαν
718 1335 775 1416 γὰρ
798 1334 853 1414 την
878 1335 1017 1414 Χαρικλὼ
1041 1341 1193 1415 προσφιλῆ
1216 1347 1251 1421 τῇ
1275 1341 1391 1421 Ἀθηνᾷ
1403 1384 1489 1396 .....

212 1436 330 1518 γυμνὴν
353 1436 402 1498 ἐπὶ
424 1439 522 1499 πάντα
546 1439 635 1515 ἰδεῖν,
657 1436 712 1516 την
742 1434 774 1497 δὲ
797 1442 859 1510 ταῖς
882 1436 962 1517 χερσί
985 1439 1054 1511 τοὺς
1079 1435 1259 1516 ὀφθαλμοὺς
1283 1439 1377 1500 αὐτοῦ
1401 1462 1490 1499 κοιτα-

210 1537 382 1619 λαβομένην
411 1538 510 1620 πηρδν
537 1548 675 1618 ποιῆσαι,
706 1543 875 1616 Χαρικλοῦς
906 1536 939 1599 δὲ
963 1538 1106 1618 δεομένης
1130 1538 1374 1619 ἀποκαταστῆσαι
1398 1541 1489 1601 πάλιν

211 1639 263 1714 τὰς
282 1637 412 1720 δράσεις,
432 1640 472 1720 μὴ
493 1639 666 1719 δυναμένην
684 1649 771 1701 τοῦτο
792 1649 929 1718 ποιῆσαι,
952 1640 1004 1714 τδις
1024 1638 1117 1714 δικοὰς
1138 1641 1369 1720 διακαθάρασαν
1387 1651 1489 1701 πᾶσαν

212 1739 346 1820 ὀρνίθων
368 1741 476 1821 φωνὴν
499 1750 623 1821 ποιησαι
643 1746 778 1803 συνεῖναι
799 1740 849 1802 καλ
868 1751 1019 1821 σκῆπτρον
1040 1742 1119 1827 αὐτῷ
1140 1743 1337 1822 δωρήσασθαι
1349 1744 1489 1820 κράνειον

212 1840 228 1904 ὃ
258 1842 359 1923 φίριον
391 1841 500 1922 ὁμοίοις
530 1848 591 1916 τοῖς
622 1840 784 1923 βλέπουσιν
815 1841 979 1922 iplagam·
1005 1845 1123 1905 Ordine
1146 1860 1256 1905 rerum
1280 1845 1489 1921 Pherecyden

211 1947 358 2021 sequitur
378 1945 611 2022 Callimachus,
633 1947 674 2006 iis
690 1948 802 2006 tamen
815 1961 898 2020 quae
910 1962 985 2007 cum
998 1948 1132 2007 deorum
1144 1946 1303 2022 dignitate
1315 1948 1373 2007 aut
1386 1947 1489 2022 ipsius

212 2048 361 2107 Athenae
400 2048 575 2108 clementia
608 2049 772 2108 certarent
806 2047 906 2108 tacite
941 2048 1137 2108 immutatis.
1174 2049 1364 2123 Peccatum,
1400 2049 1488 2123 igno·

212 2149 320 2209 rantia
354 2150 584 2225 commissum,
617 2149 718 2209 castis
749 2148 858 2208 verbis
890 2149 1012 2209 indicat
1042 2153 1102 2219 (vs.
1131 2150 1197 2225 78),
1230 2165 1368 2225 puerum
1397 2151 1489 2225 tangi

213 2250 253 2310 ab
277 2251 350 2325 ipsa
371 2251 432 2310 dea
454 2253 542 2311 recte
565 2250 703 2325 omittit,
731 2264 771 2308 ne
795 2264 871 2309 cum
894 2248 1080 2324 Pherecyde
1103 2252 1238 2325 cogatur
1257 2250 1372 2311 deinde
1392 2266 1488 2326 expo·

212 2366 301 2426 nere,
331 2351 454 2412 trustra
476 2352 571 2412 deam
596 2350 802 2411 contendisse
825 2352 863 2411 ut
885 2350 1043 2410 iniectum
1070 2350 1219 2411 redderet
1242 2352 1401 2412 damnum
1425 2368 1488 2426 quo

180 2498 182 2501 ,
212 2453 335 2512 temere
359 2453 444 2513 irata
466 2453 614 2513 Tiresian
637 2450 816 2525 affecisset;
841 2450 971 2525 qualem
996 2455 1164 2527 conatum,
1194 2467 1268 2512 cum
1291 2455 1486 2528 praesertim

211 2554 333 2614 frustra
363 2551 467 2630 fieret,
500 2570 575 2614 cum
606 2567 758 2613 summac
788 2553 867 2613 deae
898 2553 1057 2627 dignitate
1080 2569 1195 2628 parum
1220 2555 1393 2615 convenire
1417 2571 1487 2616 sen·

210 2655 322 2717 tiebat.
362 2658 447 2731 Apte
489 2655 589 2730 igitur
627 2654 798 2714 Saturniae
836 2653 940 2729 leges,
976 2655 1016 2715 de
1047 2655 1164 2729 quibus
1195 2670 1294 2730 supra
1327 2657 1487 2733 vidimus,

211 2759 397 2833 interponit.
430 2756 514 2817 Tum
545 2757 744 2831 expurgatas
775 2770 885 2831 aures,
918 2756 1038 2816 miram
1069 2756 1176 2816 baculi
1201 2757 1286 2832 vim,
1316 2759 1488 2832 tamquam

210 2858 462 2934 simplicioribus
486 2871 584 2932 quam
609 2871 688 2916 suae
712 2857 832 2916 aetatis
856 2856 1043 2917 bominibus
1066 2859 1197 2918 tantum
1221 2859 1486 2935 accommodata,

211 2960 346 3022 omittit.
370 2953 391 3030 ²)

254 3063 316 3122 Sed
335 3062 430 3137 longe
449 3060 514 3120 alia
533 3075 593 3120 nec
611 3060 756 3120 recentia
779 3059 835 3120 alii
854 3060 1087 3136 mythographi
1107 3061 1146 3120 dc
1166 3062 1324 3122 caecitate
1343 3061 1489 3123 Tiresiae

210 3164 340 3238 cognita
363 3162 535 3222 habebant.
560 3162 670 3236 Pergit
693 3161 926 3237 Apollodorus:
958 3156 1112 3237 ,Ἡσίοδος
1136 3159 1169 3221 δέ
1192 3180 1286 3240 φησιν
1310 3160 1354 3222 ὅτι
1372 3147 1490 3223 ’θεασά-

210 3286 299 3342 μενος
328 3260 395 3342 περλ
427 3260 589 3339 Κυλλήνην
620 3259 704 3338 ὄφεις
734 3263 986 3335 συνουσιάζοντας
1014 3261 1064 3323 καί
1088 3263 1212 3336 τούτους
1235 3263 1349 3342 τρώσας
1373 3262 1489 3344 ἐγένετο

210 3365 240 3440 ἐξ
262 3364 373 3446 ἀνδρὸς
395 3362 488 3445 γυνη,
511 3362 600 3423 πάλιν
624 3361 657 3424 δὲ
675 3364 745 3437 τοὺς
765 3363 875 3437 αὐτοὺς
896 3362 980 3441 δφεις
1000 3364 1212 3445 παρατηρήσας
1235 3366 1489 3439 συνουσιάζοντας

210 3465 322 3547 ἐγένετο
346 3465 431 3546 ἀνήρ.
463 3465 566 3544 διόπερ
577 3463 658 3547 Ἥρα
677 3464 728 3526 καί
749 3466 825 3539 Ζεὺς
845 3464 1103 3547 ἀμφισβητοῦντες
1123 3466 1250 3547 πότερον
1269 3466 1321 3540 τὰς
1340 3474 1489 3548 γυναῖκας

210 3567 229 3649 ἢ
259 3568 329 3643 τοὺς
363 3567 476 3648 ἄνδρας
512 3567 641 3646 ἥδεσθαι
671 3573 783 3647 μᾶλλον
812 3566 844 3627 ἐν
874 3574 938 3642 ταῖς
969 3570 1143 3641 συνουσίαις
1174 3568 1350 3649 συμβαίνοι,
1380 3578 1489 3632 τοῦτον

244 3874 262 3939 ¹)
279 3877 431 3937 Apolloniae
452 3878 494 3925 Π.
519 3880 566 3926 984
590 3880 631 3926 hie
654 3881 737 3927 utitm
759 3879 858 3940 verbis,
876 3880 967 3927 eedem
985 3878 1017 3927 de
1032 3878 1154 3926 Sobel-iae
1169 3878 1275 3939 antiqno
1292 3878 1396 3926 nomine
1415 3893 1488 3926 enar·

209 3958 323 4010 ratnrue,
341 3968 407 4015 quae
431 3955 604 4004 Oellimaohae
621 3959 711 4006 reiecit
727 3959 758 4006 ir.
778 3959 839 4016 172,
862 3958 938 4005 aliam
960 3958 992 4005 ab
1016 3958 1074 4018 ipso
1092 3958 1227 4018 Apollonio
1250 3969 1354 4016 quoque
1372 3957 1488 4006 additam

209 4034 286 4081 haine
309 4033 419 4082 nominis
441 4035 639 4096 explicationem
656 4037 767 4086 afferam
784 4034 828 4098 (ci.
846 4037 989 4085 Schneider
1005 4037 1039 4084 IL
1059 4037 1125 4095 482).
1146 4063 1176 4072 -
1196 4036 1315 4084 Oeterum
1338 4041 1488 4085 constanter

208 4112 374 4160 Alexandrini
395 4116 488 4173 poetae
502 4113 571 4162 τίιιο
584 4118 724 4175 quaerunt,
739 4129 791 4176 qna
804 4116 923 4177 antiquae
938 4117 1040 4165 tabulae
1054 4116 1171 4165 mambae
1179 4115 1304 4176 adaptent
1312 4128 1376 4163 auae
1385 4119 1486 4165 aetatis.

209 4192 249 4239 Ita
266 4192 430 4253 Apolloniae,
449 4193 522 4254 qnasi
539 4193 685 4242 offendatur
698 4194 832 4243 ferocitate
848 4196 948 4256 prieoae
963 4195 1080 4252 fabulae,
1094 4208 1160 4254 qnae
1176 4195 1315 4242 Saturnum
1330 4194 1392 4255 equi
1405 4196 1487 4244 forma

208 4284 285 4319 usum
301 4286 359 4319 eaeo
376 4272 508 4332 tradebat,
526 4286 584 4320 oum
602 4274 722 4334 Philyrae
736 4287 823 4322 amore
838 4274 975 4335 imeretur,
993 4278 1048 4323 lum
1064 4274 1170 4322 demum
1185 4286 1244 4321 enm
1259 4276 1485 4334 oorpneeqninnm

207 4351 322 4399 induisse
337 4353 411 4412 fingit
428 4367 486 4400 cum
504 4353 575 4400 Rhea
593 4357 617 4399 δν
633 4353 734 4418 λέκτροις
751 4367 796 4401 eos
813 4352 928 4402 ridieeet
946 4355 1026 4417 Tum,
1046 4352 1079 4417 ,δ
1093 4354 1107 4400 δ
1111 4353 1118 4372 ’
1138 4351 1162 4406 tt
1176 4354 1241 4411 ιδνης
1255 4354 1386 4415 ἀνορούσας
1403 4356 1486 4402 locuto

207 4436 325 4492 χαιιηιηι
348 4432 408 4495 φυὴν
430 4437 555 4491 ἐναλίγκιος
580 4433 669 4495 turp?
706 4433 748 4480 flio
775 4432 866 4481 rudem
893 4433 1008 4481 tabulam
1032 4433 1160 4494 elegantia
1183 4432 1353 4480 Alexandrina
1376 4434 1486 4481 correxit

209 4507 310 4571 (Argon.
329 4511 363 4568 11,
383 4508 467 4574 1286).
491 4511 530 4558 (lt.
548 4523 627 4570 snpra
644 4524 669 4571 p.
689 4512 728 4557 aa.

243 4583 338 4649 ²)Pag.
358 4591 419 4645 1493
437 4590 469 4637 ot.
489 4602 592 4650 quoque
610 4603 635 4650 p.
655 4591 687 4637 49
706 4592 732 4638 et
751 4591 807 4637 lia.
