3308 5436
695 547 736 608 81

83 750 168 813 sam,
200 751 276 798 cum
300 733 466 798 101111οτ1
490 733 613 806 ἰλυῶδες
635 731 687 793 καὶ
708 731 837 812 θολερὸν
859 731 932 811 μετὰ
952 740 1005 810 τῆς
1027 741 1087 794 τῶν
1110 729 1211 815 ὑγρῶν
1234 732 1353 815 συγκρί-

83 857 154 910 αεος
187 853 252 899 uno
285 839 356 899 loco
387 837 569 898 consideret
598 838 729 911 propter
759 835 970 912 gravitatem,
1003 836 1105 896 donec
1135 852 1177 898 ex
1207 837 1352 900 humidis

83 954 185 1015 mare,
209 954 253 1000 ex
274 937 480 1000 solidioribus
503 936 700 998 1011010010
723 938 843 998 essent.

124 1041 202 1102 liius
232 1042 343 1102 autem
375 1039 603 1114 cosmogoniae
632 1038 810 1113 imaginem
842 1038 1020 1113 perfectam
1052 1039 1087 1099 10
1116 1041 1353 1118 Aegyptiorum

82 1141 235 1216 religione
275 1141 415 1202 inveniri
457 1141 549 1200 ratus
582 1139 686 1214 viam,
722 1154 821 1213 quam
855 1139 922 1200 iam
956 1139 1140 1201 Herodotus
1173 1141 1351 1219 praeierat,

82 1243 259 1317 ingreditur
281 1242 483 1315 Hecataeus;
507 1239 714 1314 antiquitatis
733 1241 821 1300 enim
840 1239 987 1314 palmam
1005 1241 1186 1318 Aegyptiae
1206 1242 1354 1318 religioni

81 1344 276 1418 protendens
299 1343 398 1406 simul
421 1342 573 1417 quidquid
596 1343 649 1402 001
671 1341 868 1402 Graecorum
890 1341 1063 1402 numinum
1083 1357 1204 1404 nomen
1222 1344 1353 1418 quidem

82 1447 229 1506 mutasse
248 1444 282 1505 10
301 1443 449 1520 Graecia,
469 1446 505 1505 at
523 1443 682 1518 originem
702 1443 821 1504 habere
839 1443 1038 1518 Aegyptiam
1057 1442 1203 1519 pluribus
1222 1445 1351 1508 demon·

81 1547 173 1608 01101.
205 1546 384 1623 Aegyptios
415 1547 527 1607 censet
556 1545 681 1620 primos
703 1542 866 1622 ὑπολαβεῖν
888 1536 966 1604 εἶναι
989 1542 1045 1604 δύο
1067 1543 1161 1616 θεοὺς
1184 1541 1301 1620 ἀιδίους
1324 1566 1354 1606 τε

82 1643 130 1705 καὶ
159 1647 311 1726 πρώτους,
340 1646 391 1710 τόν
417 1668 447 1708 τε
469 1645 556 1725 ἥλιον
578 1644 629 1705 nul
651 1643 706 1724 τήν
729 1644 873 1723 σελήνην,
895 1635 938 1704 ὧν
960 1642 1013 1704 τὸν
1035 1639 1090 1722 μὲν
1105 1641 1220 1724 Ὄσιριν
1242 1644 1297 1724 τὴν
1321 1642 1354 1708 δὲ

76 1735 147 1807 Ἶσιν
178 1743 339 1826 ὀνομάσαι,
369 1747 505 1812 Osiridis
537 1749 648 1810 autem
678 1748 833 1808 naturam
864 1747 932 1806 iam
954 1747 1087 1808 nomine
1109 1748 1179 1822 ipso
1202 1741 1351 1826 indicari,

82 1863 156 1910 nam
188 1849 372 1925 significare
401 1847 641 1926 πολυόφθαλμον
666 1863 728 1922 quo
756 1848 879 1924 optime
904 1848 1077 1911 conveniat
1100 1863 1176 1908 cum
1198 1849 1253 1910 illo
1276 1850 1351 1927 deo,

82 1951 134 2023 qui
155 1952 337 2020 secundum
367 1952 547 2012 Homerum
574 1944 676 2026 ,πάντ’
703 1947 797 2032 ἐφορρ
820 1942 976 2010 101011νέ
1002 1946 1175 2010 irenaceo‘rffl⁸
1200 1950 1352 2012 Oeterum

81 2052 165 2113 haud
197 2053 329 2128 ignarus
359 2068 379 2114 a
409 2052 574 2114 nonnullis
605 2051 713 2112 Osirin
736 2065 812 2112 cum
835 2050 979 2126 Dionyso
1005 2051 1202 2112 Graecorum
1224 2067 1351 2130 compo·

80 2154 182 2216 situm
212 2171 298 2232 esse,
336 2155 538 2230 synoreticoe
568 2168 709 2240 quoque·
728 2153 842 2228 poetas
873 2155 907 2212 et
937 2152 1094 2228 Orphicos
1116 2154 1267 2230 arcessit,
1292 2169 1353 2215 nec

80 2254 174 2331 longe
197 2272 217 2317 a
239 2271 316 2320 vero
338 2256 507 2318 aberrasse
526 2271 583 2318 eos
601 2257 728 2332 monet,
752 2255 869 2329 quibus
889 2255 993 2314 Osiris
1012 2257 1070 2314 aut
1087 2254 1354 2330 Dionysosvisus
1410 2319 1414 2329 ,

81 2359 168 2418 esset
197 2360 256 2419 aut
286 2353 303 2418 ὁ
333 2356 467 2435 Σείριος,
496 2358 649 2432 quoniam
684 2356 828 2432 proiecto
863 2355 963 2416 simul
993 2357 1045 2416 est
1068 2357 1213 2430 uterque.
1238 2356 1351 2418 Nonne

82 2457 258 2534 Eumolpus
281 2455 314 2518 lv
335 2462 396 2530 τοῖς
423 2459 577 2537 Βακχικοῖς
601 2460 809 2519 cantaverat:

307 2556 480 2638 ,ἀστροφαῆ
507 2559 660 2620 Διόνυσον
682 2557 715 2620 ἐν
738 2555 886 2619 ἀκτίνεσσι
908 2557 1087 2638 πνρωπόν”,

83 2675 187 2721 00000
213 2660 360 2760 Orpheus

306 2757 452 2837 ,roderet
473 2784 526 2840 μιν
547 2758 687 2824 καλέουσι
712 2759 837 2837 Φάνητά
858 2782 888 2821 τε
910 2757 960 2820 καὶ
984 2758 1179 2821 Διόνυσον”1
1203 2756 1222 2832 1]

123 2864 215 2924 Haec
255 2864 375 2939 raptim
416 2865 547 2924 tantum
588 2867 752 2940 excerpsit
787 2863 957 2938 Diodorus,
994 2861 1100 2922 frusta
1132 2864 1230 2924 modo
1264 2864 1351 2924 altae

81 2965 262 3040 theologiae
282 2965 473 3040 ostendens;
494 2965 625 3026 uberius
645 2981 721 3026 vero
740 2968 902 3027 tractasse
921 2964 1085 3040 putandus
1101 2966 1153 3024 001
1163 2964 1234 3040 ipse
1250 2966 1351 3026 Heca-

81 3067 174 3126 taeus
197 3069 302 3127 totam
325 3066 416 3127 illam
441 3081 523 3141 quae
546 3066 634 3127 cordi
657 3066 809 3127 omnibus
832 3067 903 3126 erat
925 3064 1165 3142 quaestionem,
1190 3068 1351 3141 quatenus

81 3168 248 3244 utriusque
277 3167 418 3242 regionis
448 3169 585 3229 numina
611 3169 893 3243 consanguinitate
924 3168 1009 3229 10101
1036 3182 1071 3227 se
1094 3168 1206 3227 iuncta
1229 3169 1350 3228 essent.

82 3265 147 3341 Ouo
171 3269 281 3330 auimo
312 3271 423 3329 autem
454 3268 534 3329 talia
564 3269 802 3330 Callimachum
829 3269 994 3345 accepisse
1021 3269 1234 3345 putabimus?
1257 3269 1351 3330 Mitto

82 3370 338 3444 cosmogoniam;
371 3369 428 3430 sed
459 3370 516 3430 illa
546 3371 585 3431 de
614 3372 750 3432 deorum
779 3371 1062 3446 consanguinitate
1084 3370 1205 3445 placita
1222 3384 1288 3431 non
1311 3370 1351 3431 ab

82 3485 117 3530 eo
144 3471 215 3532 solo
237 3471 294 3531 sed
318 3486 338 3531 a
361 3470 580 3546 compluribus
611 3473 840 3533 commendata
862 3471 1006 3548 videbat,
1032 3473 1100 3532 Isin
1123 3475 1220 3546 atque
1244 3471 1351 3532 Osirin

82 3571 166 3633 inter
198 3572 277 3634 deos
311 3573 451 3634 Graecos
481 3573 549 3632 iam
579 3574 783 3648 accipiendos
817 3588 890 3634 esse
928 3573 1207 3634 contendentibus
1247 3572 1351 3633 Simul

82 3674 195 3735 eodem
227 3674 405 3736 tendebant
434 3673 595 3750 historici,
627 3676 742 3749 poetae
772 3675 870 3748 atque
900 3673 1098 3751 philosophi,
1130 3687 1205 3733 oum
1237 3674 1350 3734 eodem

82 3777 227 3850 tempore
254 3774 362 3835 Osirin
389 3789 559 3835 summum
588 3775 687 3836 deum
716 3776 938 3852 praedicasset
968 3775 1152 3835 Hecataeus
1182 3770 1352 3852 ἀστροφαῆ,

84 3876 182 3938 Stoici
216 3878 327 3937 autem
361 3876 495 3937 aethera
525 3876 718 3937 candentem
752 3876 839 3937 Iovis
873 3876 1005 3937 nomine
1035 3875 1229 3952 indicarent,
1266 3877 1350 3952 Ζῆνα

83 3993 157 4038 eum
181 3979 269 4038 recte
290 3978 354 4038 dici
379 3969 464 4056 ,παρ’
491 3974 562 4036 ὅσον
588 3984 641 4037 τοῦ
664 3979 719 4055 ζῆν
749 3976 841 4048 αἴτιός
864 3974 943 4036 ἐστί’
969 3977 1149 4037 1011000100
1169 3969 1206 4053 ²),
1230 3975 1352 4038 Aratus

82 4078 218 4152 denique
249 4077 430 4139 solemnem
461 4078 658 4155 sapientiam
688 4079 770 4140 artis
795 4080 969 4140 venustate
992 4078 1161 4139 illustrans
1183 4079 1217 4138 in
1239 4079 1352 4154 paucis

82 4180 237 4254 prooemii
267 4180 319 4240 eui
349 4179 498 4240 versibus
529 4182 576 4241 110
607 4195 681 4242 cum
705 4182 783 4242 Iove
805 4182 897 4257 patre
920 4180 1086 4240 aetherem
1110 4179 1351 4257 commisceret,

82 4291 117 4342 ut
147 4282 248 4342 simul
278 4281 420 4357 utrique,
449 4283 518 4342 tam
543 4283 725 4344 Stoicorum
749 4282 894 4344 asseclae
917 4296 1016 4356 quam
1038 4279 1205 4355 simplices
1228 4280 1268 4340 de
1289 4281 1352 4356 ple·

82 4383 195 4446 becula
217 4383 332 4446 rustici
353 4384 386 4444 in
411 4385 482 4444 eius
505 4385 604 4446 verba
627 4385 713 4446 irent
735 4385 782 4444 ita
805 4383 1018 4444 exordientis:

113 4575 136 4642 Ι)
153 4578 227 4626 001.
245 4579 296 4627 su.
314 4578 335 4625 1.
354 4581 384 4627 11
403 4579 437 4627 or.
454 4579 585 4627 erueres.
603 4578 633 4628 a
649 4577 712 4628 011.
731 4593 753 4628 ο.
772 4581 811 4628 ro.

113 4654 136 4724 ¹)
153 4657 253 4720 Diagon
276 4659 361 4707 110011
382 4659 439 4707 VH.
458 4659 514 4707 ul.
536 4658 696 4716 Quibuscum
712 4659 1303 4722 000101110001101011101000100111010100.
1323 4659 1354 4707 11

84 4738 233 4873 Ὺ·
1258 4825 1273 4869 r
