3068 5288
804 453 846 511 56

190 640 323 713 antiquo
353 638 524 713 splendore
551 638 711 714 Apollinis
735 636 874 713 cultum,
899 637 965 697 iam
991 651 1055 696 non
1079 633 1213 694 dubium
1237 631 1283 690 sit
1305 621 1341 707 ¹).
1368 624 1474 686 Ptole·

189 739 305 801 maeus
325 741 423 815 igitur
442 740 685 816 amplissimum
706 739 832 800 insulae
852 753 965 799 sacrae
981 735 1200 813 patrocinium
1211 733 1245 793 in
1257 746 1295 792 se
1307 729 1474 803 recepisse

190 842 319 903 videtur
347 843 417 916 ipso
448 858 486 903 eo
517 857 602 903 anno
633 857 696 916 quo
727 843 756 902 ei
783 843 881 902 natus
913 841 964 900 est
991 839 1024 898 in
1055 836 1163 897 insula
1193 833 1237 895 οο
1260 831 1352 892 filius
1377 828 1472 888 dilec-

189 943 350 1004 tissimus.
374 943 504 1004 Dixeris
534 943 601 1004 iere
632 945 783 1004 renatum
814 941 998 1018 Apollinem
1029 939 1198 1000 Deliacum
1233 950 1297 1009 quo
1320 935 1475 1005 tempore

190 1044 332 1118 primum
370 1044 478 1106 lucem
516 1045 654 1106 vidisset
691 1044 932 1119 Philadelphus.
972 1042 1145 1116 Eleganter
1175 1039 1285 1112 itaque
1314 1037 1349 1096 et
1385 1033 1475 1094 felici

190 1145 377 1207 inventione
406 1145 626 1207 Callimachus
652 1147 821 1220 utriusque
844 1144 971 1205 natales
994 1143 1189 1217 coniungere
1212 1139 1275 1199 sibi
1297 1142 1476 1203 videbatur

190 1247 335 1307 carmine
369 1247 493 1308 deliaco
535 1249 582 1308 ita
624 1248 808 1324 Apollinem
847 1246 947 1306 matri
983 1259 1062 1306 suae
1100 1244 1294 1304 suadentem
1329 1243 1473 1319 iaciens,

189 1362 265 1407 curn
300 1348 356 1408 illa
390 1364 473 1409 onus
512 1351 647 1424 gestans
687 1351 779 1410 utero
814 1350 854 1409 ad
885 1347 987 1408 (ioum
1021 1346 1164 1407 insulam
1194 1346 1477 1421 appropinquaret

191 1449 315 1523 (hymn.
339 1451 374 1510 in
398 1449 463 1511 Del.
492 1451 583 1522 mat:

795 1598 809 1629 e
836 1549 856 1629 l
879 1551 917 1612 ee
940 1571 973 1631 οε
992 1558 1082 1629 seve

412 1663 448 1738 τῇ
472 1674 507 1732 με
530 1650 632 1726 τέκοις·
656 1647 716 1714 οὔτ’
742 1644 799 1714 οὖν
822 1649 1026 1732 ἐπιμέμφομαι
1048 1646 1121 1712 οὐδὲ
1143 1650 1273 1731 μεγαίρω

412 1763 522 1834 νῆσον,
543 1751 607 1815 eo
628 1752 739 1833 λιπαρῆ
762 1775 793 1814 τε
816 1751 867 1814 καὶ
889 1751 1028 1833 εὔβοτος,
1049 1751 1080 1813 εἴ
1098 1751 1136 1813 νύ
1159 1774 1203 1825 τις
1228 1749 1312 1831 ἄλλη·

414 1852 488 1916 ἀλλά
510 1854 543 1916 οἱ
563 1852 595 1916 ἐκ
617 1851 746 1934 μοιρέων
768 1875 811 1927 τις
835 1850 1028 1933 ὀφειλόμενος
1049 1851 1122 1926 θεὸς
1145 1849 1233 1926 ἄλλος

412 1952 671 2036 ἒοτ1,οαωτήρων
694 1956 810 2018 ὕπατον
833 1953 928 2037 γένος.

238 2158 365 2235 Quanta
388 2162 499 2221 autem
522 2176 600 2221 cura
622 2160 867 2237 Philadelphus,
893 2160 976 2222 alter
1000 2160 1054 2220 ille
1074 2159 1153 2220 deus
1175 2193 1215 2202 -
1236 2158 1381 2220 alterum
1405 2160 1475 2222 fere

190 2260 375 2336 Apollinem
406 2276 482 2321 eum
511 2261 601 2323 dicas
623 2277 701 2322 nam
724 2261 943 2339 μουσικώτατος
974 2268 1045 2322 erat
1066 2295 1107 2304 —-
1128 2262 1260 2335 quantis
1291 2262 1475 2323 honoribus

191 2361 358 2422 Phoebum
385 2362 553 2423 Deliacum
577 2366 748 2438 tamquam
783 2363 949 2438 religionis
980 2364 1153 2424 universae
1175 2362 1393 2437 cultuumque
1414 2366 1474 2424 im·

191 2462 271 2537 perii
290 2464 341 2523 sui
361 2464 544 2538 praesidem
567 2467 758 2540 prosecutus
781 2466 839 2541 sit,
865 2464 1011 2541 pluribus
1032 2480 1193 2540 exponere
1211 2479 1278 2525 non
1297 2465 1399 2525 huius
1422 2468 1477 2527 est

190 2565 253 2625 ioci
275 2558 306 2635 ²).
340 2565 402 2626 Sed
426 2565 519 2626 nobis
543 2566 833 2628 demonstrandum
858 2569 923 2642 est,
949 2581 1048 2640 quam
1071 2567 1167 2626 enixe
1190 2565 1416 2627 Callimachus
1439 2569 1475 2628 in

190 2667 253 2728 hac
275 2682 310 2728 re
328 2683 460 2744 operam
484 2670 668 2745 navaverit,
693 2670 748 2744 qui
771 2672 842 2730 arte
864 2684 925 2729 sua
943 2668 1096 2745 prodesse
1117 2667 1314 2728 Graecorum
1334 2668 1475 2729 deorum

190 2767 292 2828 cultui
312 2768 442 2831 Deliaco
462 2770 628 2848 studebat,
650 2786 712 2845 quo
733 2771 840 2846 magis
859 2770 910 2830 dis
927 2770 1059 2830 Graecis
1069 2769 1271 2846 principatus
1282 2767 1476 2831 firmaretur

189 2870 222 2929 in
257 2870 454 2944 Lagidarum
490 2872 636 2947 imperio.
675 2873 765 2933 Fecit
800 2872 832 2932 id
867 2872 1060 2946 praesertim
1095 2871 1129 2930 in
1162 2871 1287 2945 hymno
1322 2870 1473 2947 Deliaco,

189 2986 390 3046 quamquam
421 2989 485 3034 non
517 2974 620 3035 unice.
651 2974 770 3035 sedin
795 2989 832 3034 eo
857 2974 1002 3034 carmine
1026 2973 1247 3049 componendo
1270 2989 1378 3048 neque
1402 2990 1474 3036 eru·

188 3072 303 3133 ditioni
334 3088 414 3134 suae
445 3089 549 3149 neque
580 3076 710 3152 ingenio
744 3076 907 3150 (quamvis
930 3090 1010 3136 sane
1034 3074 1179 3135 debiliori
1203 3090 1305 3149 quem
1329 3077 1474 3137 eruditio

225 3337 244 3400 ¹)
262 3342 316 3388 Hoc
339 3342 484 3390 luculenter
509 3344 695 3392 demonstravit
720 3345 740 3392 1.
767 3346 929 3392 Delamarre:
954 3343 1001 3392 Lea
1021 3343 1084 3392 deas
1106 3344 1222 3407 premiere
1243 3343 1379 3394 Paneas
1401 3351 1427 3395 et
1447 3348 1474 3395 la

188 3417 370 3484 confederatioa
394 3421 435 3469 dea
457 3420 570 3485 Cyclades
591 3423 681 3486 (Revue
703 3424 733 3472 de
753 3424 888 3487 pbilolepie
910 3426 990 3472 'l'ome
1007 3425 1051 3473 XX
1069 3438 1094 3486 p.
1115 3426 1163 3472 loe
1182 3437 1239 3485 sqq.
1264 3425 1302 3473 01.
1322 3423 1392 3473 Bau.
1410 3425 1434 3474 d.
1455 3427 1472 3475 1.

192 3496 257 3546 Cere.
274 3497 341 3548 Heli.
360 3499 450 3549 XVII.
472 3518 496 3564 p.
516 3503 584 3562 aot).
608 3505 656 3552 Via
680 3507 767 3551 umen
792 3506 963 3552 concesserim
981 3505 1036 3551 viro
1056 3504 1132 3552 docto
1147 3518 1179 3551 aa
1195 3504 1371 3565 mscrlptionia
1390 3507 1473 3554 versi·

190 3579 240 3626 bus
258 3591 325 3638 quae
343 3593 423 3640 supra
440 3582 543 3629 laudavi
557 3583 596 3630 rel
613 3597 645 3631 ea
660 3597 690 3631 eo
706 3584 776 3644 qnod
793 3598 831 3632 vs.
850 3585 881 3631 40
898 3587 1057 3631 memoretur
1070 3584 1213 3632 Ptolemaei
1225 3600 1283 3645 ara,
1298 3585 1379 3632 atatul
1394 3599 1472 3646 posse

188 3659 238 3705 iam
263 3658 351 3707 statim
378 3660 411 3707 ab
437 3661 512 3708 initio
534 3662 665 3710 insulanos
688 3662 792 3710 dedisse
816 3662 963 3710 Ptolemaeo
985 3661 1081 3710 divisos
1108 3662 1219 3711 honores
1244 3663 1405 3724 titulumque
1429 3672 1473 3712 sco

188 3742 299 3802 Σωτῆρος.
317 3739 428 3787 Ornatur
446 3741 513 3788 enirn
528 3741 555 3787 in
572 3741 739 3802 inscriptions
757 3744 859 3804 nostra,
875 3745 905 3789 nt
921 3755 969 3803 par
986 3744 1038 3803 est,
1058 3742 1133 3790 divus
1149 3756 1194 3790 rex
1209 3743 1242 3790 lis
1258 3743 1356 3801 titulis,
1373 3745 1471 3803 quibus

188 3817 350 3865 salutabatur
367 3831 398 3865 eo
420 3822 537 3880 tempore
554 3832 606 3879 quo
623 3819 721 3868 iactum
741 3822 781 3868 est
798 3820 939 3868 decretum.
958 3821 998 3868 Ita
1016 3834 1137 3881 quoque,
1158 3835 1316 3881 quamquam
1333 3837 1403 3871 anno
1421 3825 1470 3872 808

188 3895 301 3943 nendum
326 3900 434 3958 pecuaris
459 3901 528 3960 erat,
546 3901 633 3946 tamen
660 3912 696 3947 rs.
716 3901 759 3962 10,
783 3899 846 3948 dum
871 3900 941 3948 illlna
964 3902 1024 3948 anni
1047 3901 1180 3961 praeclara
1197 3901 1267 3949 iacta
1283 3906 1469 3960 memorantur,

188 3975 261 4022 audit
284 4011 297 4033 „
303 3979 411 4039 βασιλεὺς
432 3979 471 4024 eei
496 3974 597 4043 eeaip’K
621 3978 744 4026 (laterum
768 3980 790 4026 si
807 3979 913 4040 Rhodii,
939 3966 998 4027 cnm
1016 3993 1083 4027 anno
1102 3981 1150 4028 ³05
1168 3976 1256 4045 (Paua.
1274 3980 1294 4027 1.
1313 3981 1336 4028 0.
1348 3984 1376 4038 0;
1394 3981 1469 4029 Diod

187 4055 240 4103 XX.
260 4056 318 4114 100)
336 4058 473 4105 consilium
500 4062 625 4118 ceperunt
646 4058 696 4106 hoc
714 4066 816 4124 σωτῆρος
833 4060 909 4107 titulo
928 4073 958 4107 ac
972 4060 1114 4107 honoribus
1131 4060 1224 4107 divinis
1242 4073 1331 4120 regem
1346 4061 1468 4120 ornandi,

188 4136 239 4182 iam
262 4139 418 4196 praeeuntes
441 4137 593 4185 habuissent
610 4137 760 4200 Insulanos,
780 4139 952 4200 vi1,opinor,
970 4140 1102 4186 misissent
1119 4139 1152 4186 ad
1170 4139 1303 4187 Ammonis
1320 4140 1467 4197 oraculum,

187 4215 346 4263 sciscitatum
366 4219 407 4273 „al
423 4221 587 4280 συμβουλεύοι,
602 4218 707 4273 Ῥοδίους
725 4223 872 4277 Πτολεμαῖον
890 4221 920 4274 ὡς
936 4219 995 4267 θοὸν
1011 4220 1129 4279 ποιήσαιθ’

219 4288 239 4354 ²)
258 4294 397 4355 Inscriptlo
423 4310 499 4356 quam
522 4297 625 4345 landari
648 4297 781 4345 decretum
806 4299 920 4345 eontinet
944 4311 995 4358 quo
1016 4298 1162 4345 declaratur
1182 4298 1307 4357 probatos
1324 4298 1380 4346 fore
1397 4299 1465 4346 insu·

185 4371 251 4419 lanis
284 4375 349 4421 festa
373 4375 525 4436 isclympica
548 4376 716 4424 Alexandriae
745 4390 829 4437 nuper
855 4391 869 4424 a
893 4378 1042 4426 Ptolemaeo
1068 4378 1215 4425 constituta.
1240 4378 1396 4426 Βοοοίεοίωο
1423 4378 1466 4425 ob·

185 4456 271 4499 serrat
294 4466 317 4500 v.
334 4453 359 4502 d.
382 4455 530 4502 Delamarre
553 4469 678 4516 apparere
701 4470 732 4503 ea
761 4456 811 4503 hoc
834 4456 938 4505 decreto
960 4458 1050 4516 quanti
1074 4458 1259 4504 aestumaverit
1280 4455 1465 4519 Philadelphus

184 4533 267 4592 accipi
289 4534 338 4581 hoc
361 4535 507 4582 institutum
530 4535 740 4597 isolympioorum
764 4536 994 4584 Alexandrinorum
1020 4537 1053 4584 ab
1073 4537 1198 4585 insulanis
1216 4536 1286 4597 quod
1303 4537 1354 4584 nisi
1372 4538 1391 4584 li
1408 4551 1464 4599 pro·

179 4612 288 4660 baseent
305 4626 366 4661 vere
385 4614 514 4662 Graecum
532 4614 597 4662 nulil
615 4614 696 4662 videri
715 4617 812 4675 posset.
