3068 5294
848 461 910 519 166

474 639 542 706 οὐδ’
567 645 614 705 ὅτε
637 645 669 705 οί
688 649 817 723 ληθαῖον
841 643 888 706 ἐπί
911 644 1017 724 πτερὸν
1040 645 1135 718 ὕπνος
1156 644 1261 725 λρείση·

353 747 416 806 235
473 741 530 806 ἀλλ’
557 747 650 808 αὐτοῦ
674 748 811 828 μεγάλοιο
834 745 901 808 nott
923 751 1050 827 γλωχῖνα
1073 746 1198 826 θρόνοιο

470 848 582 909 τυτθὸν
605 846 790 910 ἀποκλίνασα
813 847 946 928 καρήατα
968 846 1079 929 λέχριος
1103 848 1190 909 εὕδει.

472 948 544 1011 οὐδὲ
565 972 635 1012 ποτε
658 950 756 1029 ζώνην
779 948 937 1013 ἀναλύεται
957 948 1028 1012 οὐδὲ
1051 950 1165 1030 ταχείας

471 1050 657 1133 ἐνδρομίδας,
679 1053 720 1131 μή
744 1052 778 1114 οἵ
795 1075 821 1113 τι
844 1051 894 1113 καί
917 1051 1072 1128 αἰφνίδιον
1095 1050 1165 1125 ἔπος
1187 1051 1255 1136 εἴτιχ
1531 999 1532 1068 λ

471 1155 614 1228 δεσπότις.

273 1256 365 1316 Multi
386 1258 439 1319 ¹de
474 1259 562 1320 hisce
596 1259 745 1320 versibus
780 1258 987 1333 disputarunt
1021 1257 1141 1333 multa,
1174 1272 1357 1332 magnaque
1386 1259 1433 1318 est
1451 1255 1480 1314 de
1530 1280 1532 1328 χ

227 1359 297 1418 tota
320 1360 381 1420 hac
404 1363 495 1436 parte
514 1362 681 1423 doctorum
706 1362 849 1422 virorum
873 1359 1042 1421 dissensio.
1067 1360 1250 1420 Plurimum
1263 1358 1480 1420 veroaceteris
1531 1343 1532 1402 ἒ

229 1461 329 1521 distat
352 1462 575 1540 Schneiderue,
600 1464 654 1537 qui
677 1467 790 1525 contra
810 1462 1005 1523 Meinekium
1025 1460 1170 1535 aliosque
1193 1461 1371 1535 praefracte
1390 1461 1479 1534 negat,

231 1562 412 1642 „rapitrapit
448 1581 469 1625 α
509 1580 576 1625 voce
622 1565 704 1625 κύων
744 1566 779 1624 in
820 1564 1060 1625 enuntiationem
1090 1564 1253 1624 retottoom
1292 1578 1354 1623 eoae
1387 1565 1480 1621 retroe-

228 1666 317 1725 tnrn”
362 1667 395 1726 et
436 1668 520 1742 quod
559 1668 644 1729 idem
689 1667 868 1728 Meinekiua
903 1665 1056 1744 ἴχνεσιν
1091 1666 1322 1740 interpretatur
1356 1664 1480 1736 (Dianaet
1531 1669 1532 1674 ’

228 1763 318 1826 ποσίν
352 1768 468 1829 iniuria
502 1769 625 1830 iactum
660 1784 733 1830 ease
767 1770 897 1844 iudicat,
929 1768 1005 1841 quia
1038 1782 1100 1828 non
1132 1767 1295 1828 adiectum
1319 1767 1364 1827 sit
1389 1758 1480 1842 ,Ἀρά

229 1867 315 1945 pudor
338 1869 390 1930 vei
413 1874 485 1946 θεῆς
509 1869 560 1931 vel
581 1870 669 1931 aliud
688 1871 764 1943 quid
784 1870 867 1945 quod
887 1870 957 1930 eius
977 1871 1076 1940 (deae)
1102 1884 1174 1929 cese
1197 1868 1264 1947 ἴχνη
1284 1865 1481 1941 intellegenda

229 1971 381 2042 doceat'’;
405 1972 474 2047 ipse
497 1974 608 2032 autem
633 1973 731 2033 verba
752 1971 933 2051 „taetram
954 1964 1019 2048 παρ’
1040 1969 1170 2049 ἴχνεσιν”
1192 1972 1239 2032 ita
1258 1971 1481 2046 interpretatur,

230 2073 268 2132 ut
298 2073 388 2134 canis
415 2074 600 2136 etiamnunc
633 2075 814 2137 venationis
837 2090 900 2135 non
924 2073 1023 2134 oblita
1046 2073 1180 2133 αιεῖιῖινι
1202 2073 1334 2148 oattpito
1353 2075 1481 2149 (nomn

210 2176 369 2250 putetur.
394 2175 548 2250 Equidem
573 2177 606 2237 in
629 2179 745 2237 neutra
768 2192 802 2237 re
827 2176 895 2236 viro
919 2175 1107 2236 doctissimo
1140 2174 1331 2249 adstipulari
1353 2187 1480 2250 possum,

228 2276 312 2336 Nam
335 2277 477 2351 primum
500 2281 582 2352 quod
607 2279 780 2355 contendit,
805 2278 1033 2339 retractionem
1058 2276 1187 2350 qualem
1211 2277 1262 2338 hic
1286 2278 1401 2338 statuit
1422 2272 1480 2335 Mei·

230 2377 345 2438 nekius
376 2379 525 2454 „admitti
555 2396 618 2441 non
641 2395 736 2455 posse
760 2381 822 2440 nisi
846 2379 1044 2453 transposita
1070 2393 1132 2438 vox
1159 2378 1259 2439 etiam
1286 2372 1483 2439 enuntiationi

229 2478 384 2541 relativae
414 2483 491 2556 apta
520 2483 595 2559 ait”‚
624 2482 754 2543 etiamsi
776 2483 846 2543 iure
868 2481 1073 2556 perhibeatur
1096 2482 1141 2552 (et
1162 2480 1368 2554 aliquatenus
1391 2479 1482 2541 valere

229 2596 324 2641 nemo
366 2583 542 2656 negaverit)
584 2598 789 2657 nequaquam
831 2599 868 2644 eo
907 2581 1055 2658 efficitur,
1095 2583 1132 2642 ut
1177 2581 1394 2644 Callimachus
1430 2588 1482 2640 non

228 2684 316 2743 recte
357 2668 393 2744 ee
427 2684 474 2744 ita
507 2686 612 2746 dicere
650 2701 744 2760 posse
783 2684 946 2760 putaverit
984 2686 1021 2744 ut
1055 2684 1177 2745 dixisse
1211 2700 1286 2745 eum
1321 2683 1482 2745 Meineirius

230 2784 386 2858 opinetur.
424 2785 545 2848 Habuit
579 2788 666 2848 enim
701 2789 777 2848 ante
809 2787 920 2848 oculos
952 2801 1065 2847 versus
1101 2786 1281 2847 homericos
1318 2788 1351 2846 in
1382 2784 1482 2860 quibus

229 2885 315 2946 idem
346 2902 408 2947 usu
442 2888 550 2950 venire
580 2905 643 2950 non
675 2889 746 2950 sine
778 2888 925 2949 veritatis
956 2888 1061 2963 specie
1090 2889 1281 2949 contendere
1305 2891 1420 2964 posset.
1440 2883 1482 2944 Ita

229 2991 257 3048 Ρ.
282 2991 346 3051 640

472 3092 517 3172 εἴη
542 3087 569 3153 δ’
596 3092 674 3164 ὅστις
698 3089 811 3171 ἑταῖρος
835 3088 1017 3172 ἀπαγγείλειε
1040 3090 1166 3170 τάχιστα,

230 3208 294 3254 non
316 3194 458 3256 multum
482 3196 624 3257 distabat
647 3196 687 3253 H.
714 3194 793 3257 186:

473 3291 532 3357 ἀλλ’
566 3297 612 3357 ὅτε
635 3295 673 3374 δὴ
696 3294 747 3356 τὸν
767 3295 850 3355 ἵκανε
869 3291 969 3374 φέρων
989 3289 1032 3353 ἀν’
1060 3292 1162 3372 ὅμιλον
1185 3290 1303 3377 άπάντχ

474 3397 507 3472 ὅς
529 3422 581 3478 μιν
605 3396 772 3479 ἐπιγράψας
794 3394 886 3482 κονίῃ
909 3396 980 3477 βάλε
1002 3394 1145 3474 φαίδιμος
1169 3395 1257 3474 Αἴας,

230 3499 263 3557 et
286 3500 391 3574 magis
415 3501 515 3563 etiam
538 3504 636 3563 notus
658 3503 729 3562 erat
749 3502 773 3559 Ι.
797 3502 857 3560 131
880 3504 953 3573 (quo
972 3499 1042 3560 ioco
1061 3498 1187 3561 codices
1206 3497 1482 3559 Alexandrinorum

116 3671 121 3678 ,
231 3601 408 3672 variabant)

449 3701 500 3775 τδις
524 3701 578 3783 μέν
602 3704 633 3764 οί
654 3702 749 3781 δώσω,
772 3701 842 3780 μετὰ
866 3697 894 3761 δ’
922 3699 1034 3761 ἔσσεται
1056 3697 1095 3778 ἣν
1118 3694 1172 3761 τότ’
1198 3698 1344 3781 ἀπηύρων

450 3805 586 3884 κοάρνχίν)
611 3808 746 3884 Βρισῆος.

273 3906 382 3980 Neque
416 3923 492 3969 vero
526 3908 595 3968 iure
629 3909 727 3982 negat
761 3907 974 3967 Schneiderus
1006 3920 1118 3965 vocem
1158 3902 1312 3982 ἴχνεσιν
1349 3904 1489 3980 genetivo

228 4024 336 4069 carere
360 4024 428 4069 suo.
452 4010 536 4070 Nam
556 4009 635 4070 nihii
655 4009 764 4070 obstat
783 4009 860 4082 quin
881 4007 1069 4081 genetivum
1090 4002 1252 4086 Ἀρτέμιδος
1272 4022 1347 4067 cum
1367 4020 1489 4081 sequen·

228 4111 315 4170 tibus
338 4112 582 4188 coniungamus,
602 4127 705 4185 neque
730 4126 804 4170 cum
828 4109 1020 4170 Schneidero
1041 4109 1081 4168 ad
1102 4108 1346 4169 substantivum
1365 4109 1446 4168 κύων
1464 4108 1491 4166 in

227 4212 473 4286 praecedentem
493 4214 816 4274 veraumtrahamua
839 4210 1089 4287 Ceterumlicet
1111 4211 1385 4284 comparationem
1407 4209 1492 4271 Iridis

228 4329 303 4374 cum
335 4327 413 4374 cane
449 4316 596 4376 venatica
630 4315 745 4376 debeat
775 4316 885 4375 noster
915 4312 1067 4388 Homero,
1100 4312 1152 4373 cui
1175 4311 1326 4384 frequens
1349 4314 1402 4373 est
1424 4311 1493 4371 tulis

232 4415 417 4489 vigilantiae
442 4416 550 4490 imago
573 4418 620 4486 (K.
647 4418 726 4492 183;
753 4417 786 4474 O.
811 4415 893 4491 5793
924 4416 960 4472 X.
987 4413 1067 4490 189;
1091 4413 1376 4490 attrectastis
1404 4426 1493 4473 usum

228 4518 429 4579 homericum
459 4533 523 4578 non
546 4517 684 4579 fideliter
706 4518 867 4579 servavit:
899 4508 985 4595 ,παρ’
1014 4513 1144 4593 ἴχνεσιν”
1169 4529 1349 4587 numquam
1375 4513 1494 4576 dixerat

228 4620 282 4680 ille
313 4620 368 4681 ubi
397 4619 501 4680 voluit
530 4620 671 4681 indicare
702 4618 782 4699 παρὰ
812 4618 909 4679 ποσίν.
933 4619 1139 4692 Tragicorum
1165 4619 1216 4679 est
1238 4618 1336 4693 pedes
1360 4616 1427 4697 ἴχνη
1450 4631 1494 4676 vo·
