3104 5286
860 450 922 510 100

257 631 377 712 οὲοορας
406 632 549 707 ἐναύλους
581 637 627 697 ita
658 637 821 714 conciliat,
853 641 890 700 ut
920 639 959 699 ab
982 641 1188 716 apertissimo
1215 644 1431 718 syncrstismo
1451 643 1500 703 iam

255 739 335 800 nihil
360 740 445 800 absit
467 733 498 809 ¹).

300 842 464 917 Quantum
491 841 572 901 haec
594 840 677 902 ratio
707 842 864 918 placuerit
886 844 1049 906 Hecataeo
1073 846 1139 906 iam
1162 847 1315 907 vidimus.
1342 848 1385 906 At
1407 848 1501 922 impro·

254 943 311 1004 bat
343 943 555 1004 vehementer
585 942 813 1006 Callimachus.
846 945 920 1023 Qui,
952 947 1135 1008 notissimis
1165 948 1273 1009 verbis
1303 948 1370 1008 illis
1398 944 1463 1024 ,fiio
1479 943 1503 1005 il

253 1062 284 1106 οε
315 1047 474 1129 Πορροοίῃ
499 1039 574 1123 Ῥείη
604 1041 707 1105 οέκεν”
739 1047 774 1116 (Ι.
801 1047 852 1117 10)
880 1046 1084 1109 Cretensium
1108 1052 1296 1110 commenta
1317 1063 1501 1126 oppugnans,

253 1149 352 1210 simul
376 1151 535 1223 quantum
555 1163 574 1208 a
594 1148 811 1222 syncretismo
831 1149 917 1210 absit
935 1150 1114 1212 luculenter
1133 1152 1288 1227 ostendit,
1309 1167 1386 1213 cum
1398 1152 1502 1212 Rhean
1543 1173 1545 1208 ε

252 1252 313 1312 hac
337 1266 430 1327 precs
454 1250 541 1312 adire
564 1249 664 1310 iaciat
686 1249 808 1310 lissam
834 1253 893 1319 (vs.
919 1252 970 1321 29)
1544 1243 1546 1280 ³

476 1354 572 1428 „Peior
595 1351 668 1428 φίλη
691 1348 753 1411 τέκε
777 1349 826 1411 καὶ
850 1351 895 1413 σύ·
919 1350 981 1413 τεαὶ
1004 1347 1031 1412 δ’
1058 1349 1162 1426 ὠδῖνες
1186 1350 1343 1432 ἒλαφραί.”

252 1456 334 1531 Quin
369 1456 544 1515 etiamtum
574 1453 725 1515 timuisse
753 1454 881 1515 videtur
911 1470 952 1515 ne
983 1458 1034 1517 cui
1065 1457 1206 1518 nondum
1230 1458 1314 1517 satis
1338 1457 1500 1532 appareret,

251 1557 513 1632 distinguendam
544 1571 617 1616 esse
648 1570 667 1614 a
697 1554 757 1616 dea
779 1556 921 1630 Phrygia
944 1557 1068 1618 Rhearn
1093 1558 1305 1633 Graecorum
1331 1562 1401 1621 tam
1423 1559 1501 1619 anxie

251 1660 369 1720 retinet
393 1657 519 1718 Rheam
543 1659 576 1717 in
603 1657 786 1717 Parrhasia.
819 1658 928 1733 ipsam
956 1661 1096 1720 matrem
1123 1662 1366 1735 transportasse
1384 1661 1500 1722 filiolum
1542 1697 1546 1744 4

249 1763 283 1821 in
311 1759 442 1821 Cretam
465 1758 669 1834 mythologie
691 1759 813 1835 docuit,
838 1761 874 1820 at
897 1759 1116 1822 Callimachus
1138 1762 1244 1822 solum
1270 1763 1342 1823 sine
1365 1767 1500 1824 matres
1542 1745 1546 1824 i

249 1863 338 1923 Neda
372 1862 517 1937 nympha
548 1861 658 1921 lovem
690 1862 978 1936 transportandum
1014 1863 1047 1922 in
1078 1862 1209 1924 Oratam
1246 1868 1350 1926 curat.
1394 1866 1497 1926 Sediu

249 1966 320 2040 ipsa
350 1979 476 2038 quoque
506 1961 614 2023 insula
644 1962 721 2022 dum
752 1964 884 2023 antrum
914 1979 1044 2025 sacrum
1077 1963 1222 2044 (κεοθμὸν
1253 1969 1416 2046 Κρηταῖον)
1442 1982 1498 2029 cun

249 2067 370 2126 Graeco
401 2065 490 2125 cultu
522 2066 555 2124 et
581 2064 738 2124 Arcadiae
761 2065 916 2140 religione
947 2066 1126 2143 coniungit,
1154 2067 1253 2128 tacite
1276 2069 1434 2145 Phrygias
1454 2068 1497 2130 ori·

248 2169 340 2243 gines
370 2166 610 2241 mysticamque
634 2166 696 2226 loci
718 2167 929 2228 sanctitatem
952 2168 1058 2245 reicit,
1086 2184 1164 2230 nam
1188 2168 1436 2247 Corybantibus,
1458 2168 1497 2244 qui

249 2269 365 2329 ceteris
407 2268 665 2330 coniunctissimi
706 2268 899 2331 videbantur
933 2285 1008 2331 cum
1048 2269 1183 2346 cybeles
1218 2272 1321 2348 cultu,
1359 2275 1495 2349 originem
1543 2320 1545 2329 ,

249 2371 389 2432 tribuere
416 2371 593 2445 Phrygiam
624 2369 763 2430 nolebat.
795 2370 865 2430 Non
897 2371 951 2432 ille
981 2372 1112 2445 quidem
1135 2373 1168 2431 in
1196 2373 1358 2435 Messenia
1384 2374 1496 2435 Curetes

247 2473 394 2548 agnoscit
413 2466 434 2542 ²)
463 2474 497 2532 et
524 2486 622 2547 puros
645 2473 742 2544 atque
766 2470 910 2545 integros
934 2487 953 2532 a
975 2473 1115 2547 Phrygio
1140 2473 1266 2533 ululatu
1285 2477 1494 2552 tympanisque

246 2575 470 2649 Berecynthiis
500 2575 633 2648 totoque
664 2571 801 2647 Cybelae
825 2573 913 2633 cultu
937 2574 1115 2635 servandos
1139 2575 1266 2635 censuit
1289 2576 1379 2637 Iovis
1402 2579 1492 2638 educa·
1540 2614 1541 2617 =

246 2683 342 2739 tores.
378 2675 524 2736 Dixerim
554 2675 653 2749 igitur
683 2673 768 2733 hanc
794 2673 895 2734 fuisse
923 2677 1037 2748 poetae
1060 2675 1099 2736 de
1130 2675 1369 2751 Corybantibus
1396 2679 1492 2756 opimo·

245 2795 330 2840 nem.
374 2780 484 2853 Aeque
526 2776 738 2852 Orphicorum
778 2776 1023 2850 mysticismum
1064 2792 1220 2853 respuens
1262 2796 1300 2841 ac
1335 2782 1493 2844 doctrinan

244 2883 439 2957 Stoicorum,
482 2879 610 2954 generis
643 2878 806 2938 humanae
842 2878 1067 2939 educationem
1101 2880 1242 2955 primam
1278 2880 1494 2958 Corybantibus

243 2982 492 3064 vindicantium,
529 2980 722 3056 praesertim
755 2981 866 3039 tamen
902 2980 941 3041 ab
980 2980 1130 3042 Euemeri
1172 2981 1343 3055 impietate
1381 2985 1492 3061 refugit
1539 3020 1540 3023 =

245 3101 321 3146 uam
353 3084 497 3143 divinam
528 3084 680 3142 naturam
711 3080 918 3140 Cretensibus
946 3081 1158 3142 daemonibus
1182 3082 1339 3160 vindicat,
1364 3091 1397 3147 et
1419 3087 1493 3148 caua
1541 3125 1543 3148 2

243 3187 398 3246 insistens
417 3185 531 3258 poetae
550 3183 742 3257 antiquioris
762 3182 911 3257 vestigiis
933 3182 1120 3258 „Meliarum
1134 3184 1355 3259 nympharum
1368 3185 1492 3250 amicos”

244 3288 367 3348 salutat
401 3300 457 3345 eos
491 3286 545 3359 qui
576 3299 596 3344 a
625 3283 817 3344 Phoronidis
850 3287 947 3359 poeta
984 3283 1169 3363 „cdndlapor
1200 3285 1384 3366 θεράποντες
1414 3286 1492 3368 ὀρείας

243 3387 448 3469 hipponia&
472 3385 549 3446 dicti
573 3386 693 3445 essent.
725 3384 888 3460 Quantum
912 3384 993 3446 haec
1017 3386 1127 3446 omnia
1150 3387 1270 3448 absunt
1293 3389 1333 3450 ab
1358 3392 1493 3467 religione

242 3490 299 3551 illa
340 3487 466 3549 occulta
508 3488 604 3560 atque
646 3485 869 3561 sanctissima,
910 3501 1008 3560 quam
1044 3487 1078 3546 in
1112 3488 1286 3549 notissimo
1324 3486 1493 3550 Cretensium

242 3592 424 3667 fragmento
455 3588 621 3663 professus
651 3587 722 3646 erat
751 3585 941 3661 Euripideus
971 3586 1025 3648 ille
1048 3587 1160 3666 μύστης
1184 3587 1256 3660 Διὸς
1277 3584 1389 3651 Ἰδαίου
1411 3586 1493 3651 simul

244 3693 357 3769 Zagrei
380 3690 530 3751 minister
553 3690 587 3748 et
610 3686 722 3765 Βάκχος
747 3686 926 3765 Κουρήτωνῐ
950 3680 972 3758 ³)

276 3985 295 4050 ¹)
316 3983 403 4034 Bacch.
419 3986 474 4031 lio.
492 3981 557 4030 Add.
575 3979 632 4028 Hel.
653 3982 724 4027 1801.
743 3978 832 4027 Phora.
850 3978 907 4027 685.
925 3978 979 4028 Ion.
999 3982 1071 4029 10⁸6.

275 4067 296 4126 ἲ)
313 4066 405 4114 Didert
422 4064 501 4122 igitur
517 4063 543 4109 lu
562 4060 611 4108 hac
626 4073 654 4107 re
671 4073 686 4106 α
702 4061 782 4106 acoris
800 4060 942 4106 Messenius
959 4060 1066 4118 rabulis,
1082 4075 1149 4121 quae
1166 4064 1233 4110 teste
1247 4064 1375 4113 Pausania
1390 4066 1430 4114 Π.
1440 4064 1491 4113 iti

218 4131 378 4208 ¹stridebant
399 4158 414 4190 α
433 4142 555 4202 nymphis
577 4139 649 4189 Neda
668 4144 746 4199 atque
765 4140 866 4186 Ithome
883 4141 909 4186 in
927 4141 1055 4187 Messenia
1071 4144 1206 4202 acceptum
1222 4143 1311 4191 Iovem
1329 4147 1443 4195 azanim
1458 4141 1492 4190 inl
1534 4167 1535 4170 =

186 4207 213 4283 ᾖ
228 4215 287 4291 {iae
304 4229 442 4289 Κουρήτων,
459 4223 533 4269 ouius
549 4221 586 4268 rei
602 4221 752 4267 memoriam
770 4220 866 4266 serrari
884 4220 955 4267 iente
974 4221 1109 4286 Κλεψύδρᾳ.

227 4306 236 4322 ’
274 4301 293 4363 ³1
312 4302 461 4364 Comparari
483 4304 592 4361 possunt
617 4313 676 4347 oum
703 4299 854 4346 callimachi
878 4299 994 4346 doctrina
1020 4299 1052 4347 dc
1074 4301 1255 4360 Corybantium
1279 4304 1380 4364 origine
1398 4306 1493 4361 Grata,

241 4398 307 4444 quas
331 4383 407 4430 docet
427 4382 459 4428 ds
483 4381 598 4438 Dactylis
619 4377 704 4427 Idaeis
727 4380 878 4440 Apollonius
893 4379 1062 4440 (quamquam
1079 4383 1105 4428 in
1123 4384 1178 4442 lpas
1195 4382 1243 4430 dea
1260 4383 1357 4443 Cybele
1374 4400 1389 4432 α
1406 4397 1492 4447 synore·

240 4465 317 4510 tiemo
334 4463 438 4510 mimine
456 4460 618 4518 abhorrens:
640 4462 773 4516 „Adnuite
789 4459 869 4506 Ἰδαῖοι
887 4461 1013 4522 [phaartes
1030 4462 1069 4516 οὓς
1090 4475 1147 4508 ποτα
1164 4465 1241 4525 νύμφη
1263 4467 1377 4526 Ἀγχιάλη
1398 4471 1493 4515 Amator

240 4546 285 4591 ard
314 4543 383 4596 ontoc
408 4540 551 4604 ἆμφοτὸρῃαα
578 4536 709 4603 ὀραξαμᾶαη
730 4542 797 4599 γαίης
821 4536 927 4594 Οἰαξίδος
949 4538 1106 4602 δβλάστησαν”
1127 4535 1160 4600 (I.
1180 4543 1261 4600 nis).
1295 4542 1336 4590 Ita
1358 4545 1494 4606 Apollonius
1537 4555 1538 4559 ’

240 4635 342 4686 quoque
361 4620 393 4668 ad
411 4621 536 4668 Graecam
555 4619 679 4677 originem
697 4621 801 4665 revocat
817 4631 884 4678 quse
901 4620 1004 4679 propris
1023 4624 1096 4667 erant
1112 4621 1246 4681 Phrygias.
