3090 5294
60 467 119 529 III.
146 467 280 530 rto-69
682 469 723 530 65

110 757 164 817 Vs,
190 758 243 817 66.
290 749 347 814 ἀλλ’
374 751 420 814 ὅτε
443 752 581 832 κουράων
604 776 647 826 τις
670 751 797 814 ἀπειθέα
820 751 921 834 μητέρι
944 754 1038 833 τεύχει
1058 750 1078 825 ¹)

288 853 382 934 μήτηρ
406 850 459 933 μὲν
483 855 652 927 Κύκλωπας
676 853 710 941 ἕη
733 852 782 915 ἐπὶ
804 852 890 915 παιδί
914 859 1069 935 καλιστρεῑ,

280 955 392 1037 ’Ἄργην
415 953 435 1036 ἢ
458 955 623 1036 Στερόπην·
647 951 663 1016 δ
687 952 720 1016 δὲ
744 955 878 1035 δώματος
901 953 934 1016 ἐκ
956 956 1098 1036 μνχύτοιο

288 1057 398 1138 ἔρχεται
415 1052 566 1137 Ἑρμείης,
588 1057 697 1142 σποδιη
726 1054 895 1138 κεχριμένας
921 1057 1005 1143 αἰδῇ.

200 1162 242 1221 70
288 1159 393 1221 αύτίκα
416 1156 470 1236 τὴν
493 1158 608 1240 κούρην
632 1159 840 1238 μορμύσσεται,
861 1154 882 1237 δ)
906 1155 939 1219 δὲ
961 1158 1103 1237 τεκούσης

289 1261 372 1323 δύνει
394 1260 451 1322 ἔσω
474 1260 604 1334 κόλπους
627 1259 741 1340 θεμένη
764 1258 813 1321 ἐπὶ
837 1256 925 1337 φύεσι
948 1264 1055 1341 χεῖρας.

109 1365 389 1442 Quotiescumque
418 1363 635 1425 Callimachus
670 1378 691 1423 a
724 1364 844 1424 tradita
873 1363 1075 1438 mythologia
1100 1363 1246 1440 discedit,
1277 1363 1339 1424 dic·

61 1468 163 1528 tionis
197 1480 323 1540 quoque
354 1466 537 1527 homericae
560 1465 671 1526 minus
694 1466 844 1527 accurate
869 1464 958 1538 leges
988 1466 1108 1526 servat.
1134 1465 1222 1541 Quod
1251 1466 1337 1526 idem

62 1567 101 1628 fit
135 1569 170 1628 in
204 1569 266 1629 hac
300 1567 427 1643 fabella,
459 1582 558 1641 quarn
593 1569 705 1628 utrum
737 1567 793 1628 alii
817 1567 933 1628 debeat
956 1582 997 1628 an
1021 1567 1090 1642 ipse
1114 1565 1337 1642 Olympiorum

62 1670 226 1745 gravitate
261 1670 317 1730 vix
351 1670 482 1743 dignam
516 1669 677 1731 invenerit
707 1684 771 1730 non
804 1668 1063 1730 diiudicabimus.
1087 1668 1174 1730 Nulli
1197 1669 1339 1745 profecto

61 1771 123 1832 deo
157 1772 264 1845 magis
297 1786 397 1844 quam
428 1770 593 1848 Mercurio,
630 1771 689 1832 deo
720 1771 761 1831 ab
788 1771 910 1844 origine
936 1786 1064 1846 semper
1088 1771 1205 1849 iocoso,
1228 1774 1339 1847 partes

62 1874 261 1935 conveniunt
296 1887 377 1946 quas
411 1873 525 1934 tribuit
555 1873 584 1933 ei
615 1874 720 1948 poeta,
753 1872 901 1947 exemplo
929 1874 1060 1947 sumpto
1088 1887 1129 1933 ex
1152 1874 1338 1947 aequalium

63 1977 143 2052 vita,
161 1976 216 2049 qui
235 1975 414 2036 minatione
437 1971 569 2054 ,Γορχύη
588 1973 689 2034 δάκνει
709 1973 820 2047 ἴττττος”
841 1975 1020 2036 infantibus
1039 1977 1198 2036 terrorem
1211 1975 1338 2037 inicien-

61 2082 115 2139 tes
139 2077 271 2138 Lamias
293 2077 456 2151 Gorgones
479 2076 640 2152 Empusas
659 2076 826 2152 Ephialtas
845 2076 1019 2151 fingebant.
1048 2078 1130 2139 Rem
1151 2093 1227 2140 vero
1252 2079 1338 2139 haud

59 2196 120 2256 per
142 2195 179 2241 se
202 2179 412 2240 invenustam
434 2193 539 2252 neque
562 2179 632 2240 sine
656 2178 745 2240 omni
768 2178 873 2254 gratia
905 2180 1090 2240 enarratam
1114 2180 1247 2255 exponit
1271 2195 1338 2240 ver·

61 2283 114 2343 bis
134 2297 217 2356 quae
237 2281 367 2356 saepius
379 2281 554 2343 offendunt.
576 2280 661 2341 Nam
681 2277 854 2341 ἀπειθέα
877 2280 1045 2360 τεύχειν,
1060 2281 1143 2355 quod
1157 2280 1257 2342 variis
1269 2296 1339 2342 con·

62 2384 199 2446 iacturis
219 2383 281 2443 viri
304 2382 390 2444 docti
413 2382 535 2444 frustra
554 2384 732 2460 tentarunt,
752 2383 839 2444 haud
858 2399 937 2445 sane
951 2384 1082 2459 elegans
1101 2385 1339 2447 homericorum

62 2488 117 2547 est
147 2485 290 2547 imitatio
321 2480 420 2565 (ύλχεα
447 2484 540 2564 κήδεα
565 2484 692 2544 δαίδαλα
715 2485 827 2564 τεύχειν
850 2486 903 2547 vel
923 2486 1006 2560 quod
1027 2486 1133 2559 magis
1156 2485 1264 2547 simile
1288 2487 1340 2546 est

61 2610 90 2648 τι.
131 2587 193 2647 118
228 2582 305 2665 βοὴν
338 2585 478 2665 τεύχειν);
510 2587 551 2648 ad
585 2603 659 2649 eam
690 2590 802 2649 autem
833 2588 1007 2649 dictionem
1038 2588 1169 2663 propius
1203 2587 1339 2648 forsitan

63 2705 167 2764 quam
190 2688 352 2750 Homerus
376 2690 509 2750 accedat
531 2689 692 2751 Hesiodus
719 2688 793 2765 opp.
820 2692 883 2751 265

291 2784 364 2870 οἴμ’
393 2789 473 2875 αύτῷ
496 2789 575 2851 κακὰ
596 2790 690 2871 τεύχει
712 2788 789 2871 ἀνὴρ
813 2788 890 2877 trra
913 2788 991 2851 κακὰ
1014 2788 1133 2869 τεύχων.

61 2893 254 2968 Insequenti
290 2909 385 2955 versu
416 2895 646 2971 καλιστρεῑν
680 2894 844 2955 novicium
875 2894 1003 2955 videtur
1033 2907 1232 2966 quamquam
1268 2891 1340 2967 ipsa

60 2996 217 3058 formatio
252 3010 327 3056 cum
361 2995 526 3056 homerica
560 2994 698 3056 dictione
732 3010 796 3056 non
830 2997 970 3070 pugnat;
1014 2993 1127 3054 fictum
1163 2993 1249 3054 enim
1289 2995 1340 3054 est

61 3116 105 3160 ex
131 3098 228 3160 verbo
258 3094 412 3174 καλίζομαι
436 3096 550 3158 eadem
576 3097 700 3158 ratione
724 3111 788 3170 qua
810 3097 935 3158 dictum
958 3098 1009 3157 est
1031 3099 1068 3156 Σ.
1098 3098 1162 3156 543
1185 3094 1341 3174 ζεύγεα...

62 3198 278 3278 ἐλάστρεον
302 3199 335 3258 et
365 3221 395 3276 μ.
435 3199 496 3258 124
532 3202 640 3272 (quem
675 3214 808 3260 versum
838 3199 982 3259 noudum
1013 3212 1033 3257 a
1065 3196 1271 3274 Callimacho,
1303 3200 1340 3257 ut

60 3305 180 3379 postea
203 3301 242 3362 ab
266 3299 463 3377 Aristarcho,
488 3302 680 3362 damnatum
703 3300 897 3375 putaverim)

226 3399 318 3480 „diti
343 3401 420 3480 μύλα
443 3401 582 3482 σφοδρῶς
605 3398 705 3479 ἔλύαν,
726 3401 920 3482 βωστρεῖν
944 3396 976 3460 δὲ
999 3398 1177 3480 Κρύταιιν”.

108 3507 194 3567 Tum
236 3506 268 3565 in
307 3503 498 3579 superlativi
532 3503 638 3564 forma
671 3500 805 3580 δώματος
840 3498 872 3561 ἐκ
902 3499 1096 3581 μυχαίτατα
1134 3515 1198 3561 non
1233 3500 1339 3561 tenuit

61 3609 175 3670 locum
198 3606 332 3666 unicum
355 3626 388 3680 φ.
412 3606 474 3666 146
495 3603 550 3664 ubi
570 3602 743 3683 μυχοίτατος
766 3604 806 3664 ab
829 3603 970 3666 Homero
994 3603 1184 3664 adhibitum.
1209 3601 1338 3662 Dubita-

61 3712 141 3772 runt
176 3722 253 3770 vero
287 3707 326 3768 de
360 3708 422 3767 hac
452 3706 557 3767 forma
588 3706 650 3780 ipsi
672 3705 880 3779 grammatici
903 3707 940 3765 ut
962 3705 1104 3765 testatur
1132 3703 1222 3764 varia
1245 3702 1339 3763 lectio

61 3809 241 3891 μυχοίτατος
265 3809 350 3883 quod
373 3809 557 3869 Atticorum
580 3806 682 3868 fuisse
707 3807 852 3880 videtur;
881 3805 1008 3885 μύχατος
1032 3807 1142 3867 autem
1166 3820 1246 3865 num
1263 3806 1339 3865 ante

62 3911 360 3974 Alexandrinorum
394 3912 537 3971 aetatem
572 3909 714 3970 dixerint
747 3908 860 3969 Graeci
895 3908 1041 3983 dubium,
1069 3922 1146 3968 nam
1173 3906 1246 3967 Eur.
1270 3904 1338 3966 Hel.

65 4015 132 4076 189
167 4012 281 4092 μύχατα
314 4010 411 4092 γύαλα
448 4010 576 4072 canteri
612 4011 801 4073 correctioni
832 4011 965 4072 debetur
989 4009 1243 4083 incertissimae;
1267 4008 1341 4082 post

64 4116 303 4178 Callimachum
328 4113 540 4174 Alexandrini
560 4115 749 4188 receperunt
770 4115 808 4174 ut
831 4112 1019 4188 Apollonius
1046 4108 1189 4171 Rhodius
1211 4109 1252 4169 ΙΙ.
1278 4109 1341 4168 398

62 4216 181 4302 μνχάτη
203 4236 256 4276 κεν
278 4213 467 4295 ἐνιχρίμψητε
490 4211 637 4298 θαλάσση.

104 4315 289 4401 Ἑρμείης
312 4318 411 4393 igitur
435 4317 500 4391 (qui
523 4317 709 4378 constanter
729 4316 768 4377 ab
790 4315 931 4377 Homero
954 4316 1088 4376 vocatus
1109 4314 1180 4375 erat
1193 4305 1343 4391 Ἑρμείας)

65 4483 289 4494 .-..--—

100 4574 118 4633 ἰ
136 4575 192 4623 tion
210 4575 355 4623 audiendus
372 4579 412 4624 ost
428 4574 601 4624 Schneiderus
618 4576 663 4635 qui
680 4575 815 4622 lectionem
834 4577 914 4636 τεύχει
933 4572 1095 4620 commendat
1114 4571 1170 4619 ooli.
1184 4570 1233 4618 111.
1245 4571 1284 4631 1'1,
1298 4571 1345 4626 ³0;

63 4670 176 4718 quorum
194 4656 311 4703 locorum
329 4655 379 4703 alia
396 4658 437 4703 est
453 4655 527 4702 ratio.

1225 4737 1239 4780 ὃ
