3104 5286
688 457 750 516 155

77 638 249 719 ἀνέκριναν,
281 639 296 702 ὁ
325 639 358 702 δὲ
392 641 450 720 ἔφη
486 641 557 704 δέκα
590 652 702 724 μοιρῶν
734 640 799 722 περὶ
832 641 884 715 τὰς
915 643 1076 714 συνουσίας
1105 641 1204 704 οὐσῶν
1228 641 1281 721 τὴν
1300 640 1355 721 μὲν

76 742 149 818 μίαν
172 740 284 820 ἄνδρας
308 743 451 823 ἥδεσθαι,
474 743 525 818 τὰς
549 740 582 804 δὲ
605 742 691 805 ἐννέα
710 745 886 824 γυναῖκας.”
915 745 1004 805 Haec
1031 745 1097 804 iam
1121 745 1354 822 Melampodiae

76 845 190 904 auctor
212 843 260 904 ita
283 848 493 906 enarraverat
515 840 552 918 ¹);
571 844 802 921 placueratque
822 843 938 905 multis
954 844 1093 905 historia
1110 845 1230 920 turpis,
1250 861 1355 919 neque

76 944 288 1019 praeterierat
330 962 402 1006 earu
442 948 540 1007 tacite
572 946 755 1022 Lycophro,
796 945 851 1020 qui
890 960 949 1005 suo
985 960 1076 1006 more
1100 946 1260 1020 modoque
1284 962 1353 1007 rem

76 1046 278 1108 indicaverat
301 1062 350 1108 vs.
376 1048 440 1108 683

388 1147 437 1208 aui
460 1146 656 1226 υειιρόμανιιν
680 1145 829 1225 utentior
856 1148 1004 1224 διζήσειαι

388 1246 508 1324 ἀνδρῶν
531 1257 685 1328 γυναικῶν
709 1247 808 1309 εἰδότα
833 1248 1003 1323 ξυνουσίας.

76 1350 224 1410 Profecto
247 1365 311 1409 non
335 1350 498 1425 ignoravit
525 1348 745 1411 Callimachus
772 1366 855 1424 quae
880 1353 929 1411 tot
951 1354 1056 1412 testes
1081 1352 1267 1412 narrabant.
1294 1353 1355 1412 Sed

77 1451 226 1512 consulto
256 1453 431 1513 omittebat
458 1452 538 1513 talia
561 1452 638 1526 quia
661 1452 693 1512 id
716 1452 883 1529 studebat,
915 1455 950 1513 ut
981 1469 1000 1513 a
1023 1453 1117 1513 foeda
1140 1453 1353 1529 turpitudine,

76 1569 141 1627 qua
164 1554 350 1615 abundabat
371 1554 575 1629 mythologia
602 1556 672 1614 tam
703 1555 846 1628 mystica
877 1570 976 1629 quarn
1000 1555 1148 1631 vulgata,
1174 1555 1251 1614 deos
1275 1569 1356 1628 quos

76 1656 194 1730 populo
224 1671 283 1717 suo
316 1655 580 1730 commendabat,
617 1654 787 1731 liberaret;
819 1658 1015 1731 quapropter
1043 1657 1178 1717 consilio
1202 1654 1357 1716 laudabili

77 1757 205 1817 curavit
228 1757 350 1831 hymno
374 1757 502 1832 quinto,
536 1760 572 1818 ut
594 1772 732 1832 puerum
752 1759 902 1818 tenerum
926 1756 1063 1833 fingeret
1084 1758 1257 1832 Tiresiam,
1282 1756 1354 1832 ipsa

77 1859 186 1918 aetate
210 1873 229 1918 a
253 1859 311 1919 tali
330 1859 531 1934 turpitudine
550 1858 681 1933 qualem
703 1860 838 1934 antiqua
856 1860 1016 1920 referebat
1036 1859 1161 1934 fabula,
1180 1861 1354 1919 remotum.

124 1957 211 2033 Quod
242 1959 271 2018 si
300 1973 414 2020 rerum
446 1963 498 2019 est
529 1959 586 2018 vix
618 1959 809 2034 Phlegontis
832 1960 989 2020 Tralliani
1012 1961 1204 2021 testimonio
1228 1961 1356 2035 credas,

78 2059 133 2132 qui
156 2074 279 2134 augens
302 2060 403 2120 etiam
433 2062 466 2120 et
490 2060 652 2120 adornans
679 2060 823 2120 Tiresiae
848 2062 1021 2124 historiam
1045 2063 1130 2122 inter
1154 2063 1258 2121 testes
1280 2075 1358 2120 suos

78 2162 206 2234 praeter
229 2160 409 2221 Hesiodum
434 2161 733 2235 Dicaearchumque
757 2164 790 2222 et
813 2161 1007 2223 clearchum
1031 2166 1147 2237 quarto
1167 2163 1237 2223 loco
1257 2162 1357 2223 etiam

79 2260 315 2323 Callimachum
346 2263 459 2323 laudat
480 2257 512 2334 ²).
543 2262 601 2323 Cui
629 2264 819 2324 testimonio
843 2265 872 2323 si
896 2262 995 2324 fldem
1019 2265 1219 2338 denegamus
1243 2278 1358 2338 parum

80 2363 191 2440 refert,
226 2367 337 2424 utrum
368 2366 594 2440 putaverimus
627 2366 735 2441 ipsum
768 2365 995 2441 Phlegontem,
1030 2368 1198 2426 auctorem
1221 2365 1359 2439 turpiter

80 2465 238 2541 ineptum,
265 2481 284 2525 a
307 2466 439 2527 falsario
463 2468 605 2541 quodam
628 2468 752 2543 imponi
775 2467 838 2527 sibi
861 2483 996 2543 passum
1021 2483 1107 2543 esse,
1137 2482 1179 2527 an
1202 2467 1359 2527 malimus

81 2567 112 2626 in
135 2566 323 2640 Phlegontis
346 2568 531 2643 fragmento
551 2569 753 2644 corruptelae
772 2582 927 2629 accusare
948 2583 1068 2629 nomeu
1089 2567 1295 2642 Callimachi,
1317 2583 1359 2626 an

81 2669 211 2728 tandem
240 2671 482 2730 constituamus
504 2685 619 2753 revera
642 2670 761 2731 alicubi
785 2685 803 2730 a
824 2669 1024 2730 Callimacho
1044 2671 1263 2729 memoratam
1285 2683 1358 2727 esse

84 2769 268 2846 historiam,
301 2773 414 2845 utpote
437 2772 477 2830 ab
501 2772 564 2831 alio
589 2772 754 2831 traditam.
786 2771 822 2830 Id
847 2771 935 2830 enim
959 2771 987 2830 si
1007 2770 1131 2830 iactum
1156 2772 1220 2845 est,
1244 2772 1358 2845 putan-

81 2871 156 2931 dum
188 2874 239 2932 est
269 2872 339 2932 ideo
372 2874 502 2932 tantum
534 2873 707 2932 tradidisse
738 2887 777 2933 ea
808 2871 1047 2933 Callimachum
1072 2905 1111 2914 -
1138 2872 1172 2930 in
1197 2886 1358 2931 commen·

81 2974 187 3048 tariiS,
221 2974 254 3032 ni
285 2972 380 3033 failor
405 3007 445 3016 —
470 2975 507 3034 ut
538 2974 756 3049 impugnaret.
781 2973 865 3034 Nam
889 2973 1020 3048 saepius
1044 2973 1189 3032 vidimus
1216 2972 1359 3032 multum

81 3074 192 3135 abesse
216 3077 293 3149 quin
318 3076 386 3150 ipse
409 3074 596 3150 probaverit
615 3076 739 3152 omnia,
762 3091 844 3149 quae
868 3074 938 3135 sive
962 3076 995 3134 in
1019 3073 1273 3135 Commentariis
1289 3074 1360 3134 sive

80 3175 111 3236 in
134 3176 216 3236 libro
239 3173 305 3254 περὶ
331 3175 514 3252 Θαυμασίων
534 3177 605 3236 sive
625 3176 658 3236 in
683 3177 807 3236 iambis
835 3177 971 3236 rettulit.
1001 3177 1053 3237 An
1081 3177 1196 3251 poetae
1225 3174 1360 3251 probata

80 3278 179 3339 luisse
202 3280 391 3355 putabimus
418 3278 711 3354 mythologumena
734 3279 843 3353 qualia
866 3280 1091 3339 memorantur
1114 3276 1152 3337 ir.
1178 3278 1254 3338 980:
1282 3278 1360 3351 ,Kc-

80 3382 179 3458 ραΐιης
201 3380 290 3452 τόπος
317 3379 455 3457 Μιλήτου
479 3377 539 3439 ἀπὸ
563 3388 616 3439 τοῦ
640 3378 692 3439 τὸν
717 3379 884 3439 Ἀπόλλωνα
904 3376 1011 3453 κέρατα
1029 3386 1082 3437 τοῦ
1106 3374 1230 3457 ἄρρενος
1250 3377 1360 3456 τράγου

79 3479 279 3562 ἀμελγομένου
303 3475 351 3541 ὑπ’
375 3479 468 3542 αὐτοῦ
488 3482 581 3558 πῆξαι
605 3478 708 3541 lust?”
731 3479 866 3541 curiosa
886 3480 1039 3540 narrandi
1062 3479 1198 3555 cupidus
1222 3479 1361 3539 libenter

81 3585 157 3645 talia
189 3584 325 3660 colligit,
358 3585 415 3644 sed
447 3584 533 3644 haud
564 3583 671 3657 magis
700 3598 758 3658 pro
783 3597 859 3642 vero
891 3582 1010 3657 accipit
1042 3595 1140 3655 quam
1164 3581 1262 3656 quod,
1289 3596 1360 3641 con·

80 3687 214 3747 trenam
246 3687 286 3745 iis
318 3701 399 3759 quae
431 3685 551 3745 diserte
583 3685 621 3743 de
653 3684 813 3743 divisione
841 3683 986 3743 universi
1009 3682 1079 3757 ipse
1103 3682 1213 3743 docuit
1236 3682 1360 3756 hymno

79 3789 183 3862 primo
219 3792 277 3858 (vs.
310 3789 350 3847 61
375 3791 454 3860 sqq.)
485 3786 524 3845 de
555 3785 634 3845 urbe
665 3786 802 3859 Sicyone
829 3785 867 3845 fr.
892 3786 953 3845 195
988 3786 1021 3845 et
1043 3784 1108 3844 465
1140 3787 1313 3844 memorat.
1338 3777 1359 3853 ³)

79 3888 189 3962 Neque
220 3888 319 3962 igitur
349 3889 379 3948 si
409 3888 658 3964 spurcissimam
686 3887 831 3948 fabulam
855 3887 894 3946 de
915 3886 1094 3961 Hephaesii
1118 3885 1290 3947 salacitate
1319 3902 1360 3946 ex

79 4005 142 4065 qua
164 3989 394 4051 Erichthonius
418 3991 509 4050 ortus
532 4004 605 4050 esse
629 3988 830 4064 credebatur,
860 3987 1060 4049 Callimacho
1088 4002 1124 4047 se
1144 3987 1261 4048 debere
1284 3988 1363 4049 dicit

113 4295 133 4364 ¹)
151 4300 256 4348 Hesiodi
275 4301 305 4347 ir.
325 4303 372 4349 190
390 4299 478 4348 drach.

111 4375 133 4440 ²)
152 4378 293 4428 Schneider
312 4381 342 4426 ir.
361 4381 418 4427 415.
437 4380 572 4440 Phlegont.
591 4380 622 4426 fr.
641 4381 672 4427 88
691 4380 768 4440 apud.
788 4378 881 4425 Miller
898 4380 925 4426 F.
944 4381 976 4426 H.
994 4379 1024 4427 G.
1042 4377 1090 4426 111.
1109 4379 1157 4426 tls
1180 4377 1224 4437 qni
1244 4378 1365 4439 Κιδαρχις

79 4472 126 4518 pro
145 4461 279 4523 Κιιιαρχος
296 4460 419 4520 reposuit.

112 4533 134 4602 ³)
151 4537 215 4586 Vide
238 4551 317 4599 snpra
334 4552 360 4600 p.
380 4539 427 4585 116
447 4541 474 4585 et
491 4539 522 4586 88
541 4542 567 4585 et
584 4539 617 4586 of.
641 4537 746 4585 Hesiod.
771 4535 856 4598 Pheop.
877 4550 915 4584 vs.
933 4538 981 4584 bet
1000 4538 1037 4583 καὶ
1056 4537 1100 4599 γὰρ
1119 4536 1152 4582 δί
1172 4539 1290 4599 ἐκρίνοντο
1308 4536 1362 4582 duel

79 4623 165 4678 θνητοί
182 4617 201 4663 ί
219 4617 342 4681 ἅνθρωποι
360 4620 472 4679 Μηκώνῃ.
