3104 5296
851 471 913 532 130
1309 474 1362 534 IV.
1386 473 1489 535 80-85

248 656 376 737 ,χλωρὸς
409 655 484 718 dreni
518 657 624 729 δείους·
660 655 700 718 τὼ
735 652 763 716 δ’
800 652 995 735 ἀσθμαίνοντ’
1033 655 1169 737 έκιχήτην
1182 704 1188 717 .
1202 704 1209 717 .
1223 704 1229 717 .
1243 660 1272 718 .”
1317 660 1396 736 Quid
1426 676 1490 722 nunt

244 760 485 821 Callimachus?
507 760 593 821 Num
614 760 696 821 forte
714 761 848 835 putabat
868 754 1131 837 ἀσθμαίνοντ’
1158 776 1215 836 pro
1236 757 1437 839 ἀσθμαίνοντα
1446 762 1487 822 dio

244 864 316 922 tum
335 864 432 923 esse?
451 864 561 937 Ipsam
582 862 700 922 saltem
717 861 897 936 nympham
917 864 1009 922 metu
1028 861 1182 937 pallidam
1199 862 1275 923 iecit
1299 865 1333 924 et
1352 861 1491 940 ἀσθμαί-

243 979 401 1024 νουσαν.
432 963 531 1024 Vides
553 964 600 1023 ita
624 962 722 1024 simul
752 964 923 1024 convenire
948 978 1082 1025 versum
1106 979 1182 1025 cum
1204 980 1302 1025 versu
1327 966 1436 1040 hymni
1454 965 1490 1023 bo·

243 1066 356 1126 morici
378 1066 412 1124 tn
435 1065 533 1140 Apoll.
560 1065 635 1139 359,
660 1080 736 1124 nam
756 1065 800 1125 ibi
823 1064 863 1125 de
883 1065 1020 1127 dracone
1039 1065 1175 1126 dicitur:
1200 1061 1237 1143 „d
1260 1062 1293 1126 δὲ
1313 1061 1373 1146 μέγ’
1387 1063 1491 1143 ἀσθμαί-

243 1170 370 1243 νονσα”,
389 1183 471 1241 quae
490 1167 587 1228 verba
602 1182 758 1227 sonorum
771 1166 984 1228 similitudine
996 1170 1127 1229 revocat
1139 1171 1250 1230 noster
1262 1167 1374 1245 (ἥλικος
1386 1164 1491 1244 ἀσθμαί-

242 1272 359 1339 νουσα).
381 1268 528 1330 Novandi
548 1268 682 1343 cupidus
707 1269 794 1329 aliud
818 1284 943 1343 quoque
968 1270 1164 1331 adiectivum
1189 1285 1245 1344 pro
1268 1268 1381 1348 χλωρὸν
1401 1269 1492 1343 elegit:

240 1369 449 1449 ὑπόχλοος,
492 1370 584 1431 ouius
622 1371 697 1430 novi
737 1371 888 1456 adiectivi
922 1372 1005 1432 ratio
1038 1372 1248 1446 componendi
1279 1373 1389 1433 minus
1418 1370 1493 1432 solita

243 1478 330 1544 (nam
361 1474 510 1533 annotina
539 1488 613 1533 cum
644 1469 705 1531 ὑπὸ
726 1473 873 1547 componi
898 1473 956 1532 tali
980 1472 1215 1546 significatione
1239 1473 1355 1544 solent)
1379 1475 1492 1535 fornsse

244 1591 319 1636 cum
341 1575 529 1636 Theocriteo
559 1572 727 1650 ὑπόδροσος
752 1577 838 1634 16616
862 1575 1111 1649 comparabitur.
1136 1576 1247 1649 Ipsum
1272 1575 1493 1636 substantivum

242 1675 326 1755 ῃ1όος
350 1676 388 1737 de
412 1664 533 1751 pallore
557 1678 732 1750 usurpatur
755 1676 794 1736 ab
819 1675 987 1750 Apollonio
1011 1677 1134 1737 Rhodio
1154 1677 1206 1744 (ll.
1231 1677 1316 1737 1248
1341 1680 1374 1739 et
1396 1676 1477 1743 alibi).

288 1780 457 1839 Postremo
481 1780 593 1839 contra
615 1777 856 1853 Schneiderum,
881 1779 935 1852 qui
959 1778 1103 1838 offensus
1123 1778 1321 1839 obscuritate
1342 1774 1492 1840 versasti

245 1884 400 1951 Ελινῶνος
440 1880 481 1939 ad
522 1880 691 1953 sequentia
732 1880 834 1941 traxit
876 1894 989 1953 parum
1029 1895 1115 1941 nunc
1149 1880 1280 1953 quidem
1320 1881 1493 1955 elegantiam

244 1997 371 2058 curare,
403 1983 601 2042 monendum
634 1982 761 2042 videtur
794 1996 858 2041 non
878 1981 1006 2055 frondea
1033 1982 1269 2042 contremuisse
1293 1984 1431 2056 tantum,
1451 1977 1493 2038 sed

245 2084 398 2145 Helieone
429 2098 503 2144 cum
535 2084 652 2144 ceteris
683 2083 861 2158 refugiente
891 2086 968 2144 16166
990 2099 1070 2158 qnae
1093 2084 1128 2143 in
1150 2088 1253 2144 monte
1279 2089 1369 2144 eram
1391 2083 1494 2144 orbern

245 2201 408 2245 concussae
432 2201 509 2259 eeee;
535 2185 645 2258 itaque
668 2186 847 2260 nympham
872 2185 992 2245 vidisse
1016 2184 1138 2264 „yalrnv
1152 2179 1314 2256 Ἑλικῶνος
1327 2182 1492 2261 σειομένην”Ι

246 2288 290 2347 At
312 2288 409 2360 neget
431 2288 571 2347 fortasse
596 2287 758 2361 quispiam
781 2285 922 2364 χαίτην
957 2288 1098 2348 indicere
1122 2288 1262 2362 arbores,
1288 2303 1363 2348 cum
1386 2285 1493 2348 frondes

244 2390 373 2447 tantum
402 2389 504 2448 comis
535 2389 715 2463 comparari
738 2388 863 2462 possint
886 2404 950 2449 non
977 2391 1066 2449 totae
1091 2389 1231 2449 arbores.
1257 2388 1315 2450 Oui
1338 2386 1492 2465 respondeo

244 2492 355 2550 tamen
379 2493 426 2551 ita
448 2491 553 2551 iacere
581 2490 742 2564 placuisse
763 2488 959 2551 callimacho
982 2505 1057 2551 oum
1077 2491 1134 2551 ΠΙ.
1155 2492 1195 2550 41
1222 2486 1291 2567 ν”ρος
1311 2486 1492 2567 κεκορημένον

243 2591 299 2674 11ῃ
323 2593 512 2662 6166161161.
537 2606 635 2666 supra
658 2592 807 2666 66619).
823 2592 1021 2653 -Tandem
1045 2590 1130 2669 ἥλιξ
1154 2592 1210 2652 illa
1231 2592 1313 2670 δρῦς,
1337 2591 1490 2669 „npnptn
1534 2597 1535 2601 ’

242 2710 351 2754 666666
370 2695 521 2769 6αααιο”
542 2695 644 2771 docet,
667 2694 1025 2768 quomodoaccipienda
1055 2694 1121 2754 sint
1143 2694 1240 2754 verba
1263 2693 1369 2771 „itane
1388 2689 1490 2773 χαίτην”

244 2795 298 2856 IV.
327 2798 400 2870 297,
427 2797 511 2869 quod
538 2810 654 2857 moneo
681 2799 809 2872 propter
837 2796 1022 2857 Schneideri
1051 2796 1299 2870 explicationem
1322 2797 1417 2857 huius
1437 2791 1491 2854 loci.
1538 2779 1542 2835 1

244 2899 280 2957 in
308 2900 457 2958 extrema
481 2912 544 2971 qua
566 2897 599 2956 hi
624 2912 738 2958 versus
761 2897 913 2958 desinunt
937 2897 1125 2971 quaestione
1149 2912 1212 2956 non
1238 2897 1341 2959 habeo
1369 2914 1429 2972 quo
1449 2896 1491 2954 loc·

1538 2843 1542 2889 1

243 3000 331 3058 16168
349 2999 512 3059 detineam
533 2999 595 3058 nisi
616 2999 686 3074 hoc,
698 2999 871 3058 incitatum
884 2999 985 3059 fuisse
999 2997 1234 3059 Callimachum
1247 3003 1284 3060 ut
1296 3000 1379 3061 hanc
1392 3001 1428 3060 de
1441 2997 1490 3056 rite
1536 3004 1538 3008 ·

244 3101 462 3174 nympharum
487 3097 614 3178 ἀπορίαν
639 3101 795 3176 proferret
818 3099 887 3161 loco
908 3101 1022 3174 hymni
1044 3102 1079 3160 in
1110 3101 1254 3161 Venerem
1281 3118 1328 3163 vs.
1354 3104 1416 3163 265

466 3209 532 3284 τῇσι
555 3195 586 3259 δ’
612 3196 659 3277 ἅμ’
685 3198 705 3279 ἢ
728 3199 827 3260 έίοίται
850 3196 885 3279 ἠέ
908 3201 996 3281 δρύες
1019 3198 1203 3282 ὑψικάρηνοι

464 3299 669 3386 γεινομένῃσιν
692 3300 808 3378 ἔφασαν
832 3299 880 3361 ini
902 3300 991 3380 χθονὶ
1014 3303 1199 3387 βωτιανείρῃ,

244 3406 277 3465 61
312 3403 424 3464 eodem
458 3407 603 3479 spectare
638 3405 802 3479 epitheton
835 3402 1046 3482 αὐτόχθων
1078 3420 1141 3479 quo
1171 3405 1302 3466 Meliam
1334 3407 1490 3482 nympham

244 3510 338 3568 ornat
369 3523 416 3567 vs.
449 3507 501 3567 80
533 3506 616 3565 Nam
648 3505 1491 3585 616616166661661168111111116116681111161Ρί6·

243 3612 312 3671 dari
345 3610 450 3671 verbis
481 3613 564 3684 utar,
601 3606 794 3686 ,ἰσοδένδρου
819 3605 926 3686 τέκμαρ
962 3608 1071 3679 αἰῶνος
1102 3611 1255 3687 1αχοῑσαι”
1288 3611 1337 3680 (1.1
1365 3614 1442 3684 lob),
1467 3602 1492 3662 31

243 3716 353 3773 tamen
382 3711 525 3771 seiunxit
556 3712 643 3785 ipsas
675 3710 836 3785 nymphas
860 3710 1097 3784 hamadryades
1123 3710 1163 3769 ab
1187 3711 1363 3772 arboribus
1388 3713 1450 3787 Qua
1468 3706 1490 3763 iss

244 3831 277 3875 re
303 3815 414 3875 sedulo
438 3814 584 3886 sequitur
607 3828 682 3873 eum
707 3812 896 3888 Apollonius
919 3813 1063 3873 Rhodius
1086 3813 1127 3873 Il.
1152 3814 1228 3872 471.

287 4018 341 4078 VS
367 4019 419 4078 86.
466 4022 526 4088 τοῖς
549 4037 602 4093 μεν
626 4011 659 4076 ἴτ’
688 4015 834 4077 Απόλλων
857 4014 1038 4087 ὑποκόλττιος
1061 4013 1133 4075 αι’νδι
1157 4015 1288 4094 χοίωδη,

465 4116 615 4199 φθέγξατο
639 4113 669 4179 δ’
697 4117 753 4179 οὐκ
774 4116 925 4178 ἀτέλεστον
948 4115 1107 4195 ἀπειλήσας
1130 4115 1251 4195 ἔντιΘη

469 4219 576 4299 ,Θήβη
601 4219 678 4279 τίπτε
700 4219 824 4279 ταίαινα
847 4218 899 4278 τὸν
922 4219 1027 4279 αὐτίκα
1050 4216 1217 4295 ττότμονέλ
1219 4217 1327 4298 έγχετς;

465 4341 563 4398 μητιω,
585 4344 626 4399 μη
649 4316 675 4398 μ’
702 4318 827 4380 ἀέκοντα
850 4320 948 4400 βιαζεο
973 4321 1180 4398 μαντεύεσθαι.

365 4424 407 4482 96
464 4420 548 4482 οὔτιοο
572 4445 622 4499 μοι
647 4426 777 4485 Πυθωνι
800 4421 878 4500 μέλει
901 4421 1073 4503 τριτιοδήιος
1098 4419 1179 4503 έδρη,

465 4522 536 4584 οὐδέ
557 4524 586 4584 τί
557 4546 653 4585 ττια
677 4521 861 4602 τέθνηκεν’
845 4546 914 4600 οφις
938 4522 1037 4605 μέγας,
1060 4518 1118 4584 dtt'
1146 4522 1187 4584 ἔτι
1209 4529 1291 4585 κεῖνο

465 4625 575 4704 θηρίον
598 4624 698 4706 αι’νοῃέ
699 4648 780 4686 νειον
803 4623 863 4685 ἀπὸ
888 4628 1040 4687 Πλειστοῖο
1064 4622 1217 4705 τταρίρτιον
