3104 5286
682 470 744 542 113

67 665 125 738 qui
150 666 220 726 iure
245 667 385 741 quodam
416 668 455 727 ab
487 669 645 730 Euemero
676 671 877 731 denominari
911 672 1053 748 soleant,
1087 671 1165 732 licet
1193 673 1261 732 iam
1291 660 1346 731 diu

68 768 148 826 ante
172 767 371 828 Messeniam
394 768 623 845 philosophum
647 771 702 844 qui
726 771 917 832 Callimachi
940 774 1047 833 verbis
1070 773 1173 833 audiit
1196 774 1244 843 (ir.
1269 773 1323 842 861

297 866 392 947 γέρων
415 865 531 942 ἀλάζων
550 868 640 930 ἄδικα
663 872 764 951 βιβλία
787 872 910 953 ψήχων,

69 967 188 1027 multis
206 968 365 1043 placuerit
384 986 423 1030 ea
445 973 528 1032 ratio
551 973 717 1047 religionis
736 975 960 1050 explicandae,
981 991 1045 1049 qua
1064 978 1191 1051 partem
1211 976 1345 1036 deorum

70 1069 112 1128 ad
144 1069 309 1131 elementa
341 1072 449 1132 sidera
478 1074 581 1134 nubes
610 1075 781 1151 referrent,
806 1079 933 1151 partem
962 1077 1002 1136 ad
1034 1077 1215 1137 humanum
1244 1093 1347 1152 genus

69 1170 290 1233 detruderent.
321 1172 405 1235 Nam
433 1174 543 1236 iloruit
569 1176 700 1249 quidem
730 1177 811 1237 haec
836 1177 983 1238 doctrina
1006 1178 1074 1237 iam
1096 1182 1173 1238 ante
1195 1178 1346 1239 Euemeri

70 1270 328 1348 callimachique
370 1278 526 1352 aetatem,
570 1279 627 1338 sed
665 1280 744 1338 tunc
775 1280 871 1339 aucta
909 1279 1034 1340 viribus
1072 1283 1124 1340 est
1157 1294 1200 1339 ex
1233 1279 1348 1340 multis

70 1374 191 1434 causis.
220 1374 262 1435 Et
289 1377 409 1438 eximie
439 1381 516 1454 apta
538 1379 640 1439 videri
663 1380 770 1454 potuit
792 1379 850 1439 tali
873 1380 1017 1457 saeculo,
1042 1381 1127 1455 quod
1149 1380 1189 1440 ad
1213 1380 1347 1441 deorum

69 1474 202 1536 ordines
242 1477 376 1539 educere
410 1480 561 1540 homines
594 1496 659 1541 non
695 1481 872 1555 dubitavit;
908 1496 1012 1556 neque
1047 1483 1199 1542 Euemeri
1229 1481 1349 1557 placita

70 1576 202 1650 ingrata
223 1577 322 1640 luisse
345 1580 507 1641 credimus
527 1582 744 1643 Alexandriae
763 1582 848 1659 urbi,
874 1582 966 1643 cuius
989 1598 1083 1658 reges
1095 1599 1195 1643 avum
1208 1586 1347 1659 patrem·

71 1692 135 1750 que
161 1678 272 1741 divino
295 1681 416 1742 honore
438 1682 629 1759 adorabant,
655 1698 718 1757 quo
742 1686 888 1759 tempore
912 1684 1007 1745 docta
1030 1685 1183 1745 iuventus
1206 1684 1348 1746 Theodo-

71 1794 146 1839 rum
178 1777 231 1839 τὸν
264 1778 359 1841 ἄθεον
390 1784 559 1845 audiverat
587 1787 701 1845 contra
734 1785 847 1845 Graeci
882 1785 990 1846 cultus
1024 1787 1161 1847 numina
1191 1785 1349 1861 singulari

70 1880 155 1941 libro
178 1886 389 1958 pugnantem.

116 1982 283 2044 Reiecisse
304 1983 542 2046 Callimachum
569 1986 722 2060 quidquid
745 1987 931 2047 inventarii
956 1985 1027 2063 Ι,τὸν
1046 1987 1138 2047 πάλαι
1158 1984 1349 2068 Παγχαῖονὸ

70 2084 189 2155 πλάσας
214 2087 331 2161 Ζᾶυα”,
352 2087 384 2147 id
403 2087 546 2163 proiecto
570 2087 794 2149 demonstrare
810 2104 874 2149 non
898 2099 980 2164 opus
999 2090 1070 2151 erit.
1091 2090 1220 2151 Atiinet
1237 2091 1351 2166 paucis

71 2187 270 2260 quibusdam
304 2191 465 2266 exemplis
496 2190 638 2251 indicare
668 2205 766 2265 quam
797 2190 969 2264 diligenter
999 2189 1196 2265 Cyrenaicus
1227 2191 1352 2252 dederit

71 2303 218 2364 operam,
239 2293 276 2350 ut
295 2293 408 2352 contra
427 2292 577 2352 Euemeri
596 2296 694 2366 atque
713 2293 860 2353 eiusdem
879 2290 1008 2366 generis
1028 2292 1200 2353 hominum
1216 2294 1351 2353 inventa

71 2405 206 2465 semper
247 2392 438 2452 testimonia
478 2396 653 2468 opponeret
692 2394 763 2468 ipsa
801 2393 981 2453 eruditione
1019 2392 1159 2454 firmata.
1194 2395 1351 2454 Attamen

72 2507 138 2551 non
163 2491 196 2551 in
220 2493 361 2552 summis
383 2493 582 2570 numinibus,
607 2495 719 2554 Iovem
742 2493 813 2553 dico
836 2493 976 2553 Dianam
995 2493 1194 2570 Apollinem,
1220 2509 1349 2569 quaere·

72 2609 150 2653 mus
182 2593 258 2667 quid
289 2594 329 2654 ab
358 2594 517 2655 Euemero
548 2594 648 2655 distet
675 2593 904 2655 Callimachus.
935 2594 982 2654 Ne
1012 2594 1191 2654 ineundum
1218 2594 1349 2668 quidem

70 2694 235 2770 praelium
257 2696 374 2756 merito
398 2696 561 2757 iud1cabat
580 2698 700 2771 noster,
721 2697 749 2755 si
773 2695 896 2756 summi
915 2695 1037 2756 ordinis
1058 2696 1194 2755 numina
1217 2696 1349 2771 aggredi

71 2800 130 2858 aut
160 2796 339 2857 Euemerus
370 2802 427 2858 aut
456 2799 638 2874 philosophi
662 2797 830 2873 Cyrenaici
854 2796 1033 2870 audebant;
1062 2811 1179 2871 parum
1203 2800 1296 2857 curat
1318 2797 1347 2857 si

70 2898 156 2958 forte
180 2897 254 2958 illos
277 2899 354 2958 deos
377 2898 557 2960 Euemerus
580 2900 672 2960 docet
698 2899 754 2974 ,ob
776 2899 890 2959 merila
911 2898 1032 2958 virtutis
1055 2899 1125 2957 deos
1147 2897 1296 2973 babiioa”,
1320 2898 1349 2957 si

71 3014 188 3059 eorum
208 2999 335 3060 natales
352 3001 476 3075 patrias
496 3000 645 3075 sepulcra
663 3000 849 3061 dinumerat
861 3002 894 3060 61
906 3015 963 3074 per
975 2999 1159 3074 provincias
1171 3001 1349 3059 monstrat:

70 3100 200 3161 Dictaei
228 3101 317 3161 Iovis
349 3101 509 3177 Apollinis
539 3101 685 3176 Delphici
716 3103 749 3161 et
775 3101 913 3161 Phariae
936 3100 1033 3160 Isidis
1055 3100 1089 3160 61
1111 3099 1238 3160 Cereris
1259 3099 1349 3160 Eleu·

71 3202 179 3261 siniae
194 3195 225 3270 ¹).
250 3201 313 3260 Vix
337 3217 357 3262 a
375 3202 495 3263 talibus
518 3201 811 3278 philosophematis
835 3202 936 3262 cultui
956 3201 1077 3263 Graeco
1097 3201 1240 3277 pericula
1257 3203 1350 3263 time·

70 3304 142 3364 bat!
178 3302 260 3378 Quin
291 3297 392 3363 etiam
423 3304 554 3364 doctum
586 3303 815 3378 mythologum
845 3304 885 3363 ad
914 3305 1171 3364 controversiam
1194 3304 1251 3362 vix
1274 3304 1349 3363 inci·

71 3408 165 3465 tasse
195 3404 324 3464 videtur
354 3405 506 3479 quidquid
538 3405 660 3464 mirum
693 3407 726 3464 61
756 3420 775 3464 a
805 3405 926 3464 tradita
957 3405 1147 3479 genealogia
1174 3404 1351 3465 abhorrens

71 3506 112 3566 de
140 3505 273 3566 illorum
304 3506 437 3567 deorum
469 3507 592 3582 nuptiis
622 3506 837 3582 generibusve
863 3508 1000 3581 protulit
1021 3500 1255 3577 Euemerus.²)
1288 3507 1349 3567 Sed

71 3607 257 3668 Volcanum
279 3607 309 3667 si
332 3608 554 3668 Euemeristae
578 3610 635 3668 aut
658 3608 843 3668 Hecataeus
865 3609 950 3667 inter
973 3623 1029 3668 eos
1048 3608 1266 3669 numerabant
1284 3609 1349 3684 qui,

72 3713 111 3770 ut
133 3709 266 3770 Diodori
286 3710 394 3770 verbis
420 3711 494 3769 utar
518 3709 553 3780 (Ι.
581 3711 631 3779 13)
658 3707 862 3786 ,andegavae
885 3705 940 3785 μὲν
958 3706 1082 3786 θνητοὶ,
1104 3706 1154 3768 διὰ
1174 3705 1206 3768 δὲ
1229 3709 1350 3768 σύνεσιν

71 3809 123 3870 καὶ
158 3808 266 3888 κοινὴν
300 3807 474 3888 ἀνθρώπων
513 3807 683 3889 εὐεργεσίαν
713 3807 873 3888 τετευχότες
903 3816 955 3886 τῆς
986 3806 1178 3881 &borestorff
1209 3810 1242 3869 di
1272 3810 1351 3870 facti

71 3915 179 3987 erant,
219 3913 247 3972 si
286 3912 326 3973 ad
367 3928 505 3987 regnum
539 3913 678 3973 mortale
713 3911 928 3972 detrudebant
962 3911 1215 3988 Ignipotentem,
1252 3912 1351 3972 simul

71 4017 224 4090 Aegypto
248 4030 323 4074 eum
349 4015 565 4090 vindicantes,
591 4016 662 4073 tum
689 4049 729 4057 -
754 4028 953 4089 quamquam
978 4014 1010 4072 in
1035 4013 1169 4085 hymnis
1199 4016 1351 4075 nonnisi

76 4166 298 4176 —-———---——

108 4257 187 4325 ι)11ε
210 4261 278 4309 enim
302 4262 354 4310 iam
384 4262 528 4310 liuemerus
550 4263 708 4311 Eleusiniam
733 4263 851 4310 cererem
875 4276 935 4311 sum
955 4262 1025 4310 Iside
1042 4263 1136 4310 Pharis
1152 4263 1292 4313 coniunxit.
1313 4264 1352 4312 Gi.

70 4342 170 4390 niuno.
187 4336 266 4388 rouo.
285 4338 366 4389 Oetae.
385 4355 406 4389 o.
425 4344 455 4388 21
475 4341 546 4402 apud
562 4342 734 4400 Nemeibynm
751 4340 864 4389 Euemeri
878 4341 996 4405 reliquiae
1013 4356 1038 4403 p.
1057 4344 1097 4389 119.
1116 4342 1160 4389 11.

107 4415 129 4482 ²)
147 4420 232 4468 veluti
255 4420 286 4467 ir.
304 4421 371 4468 xxl.
395 4419 460 4468 Nm.
478 4421 626 4468 sordidis
644 4419 807 4479 διαδεξάμενον
824 4420 865 4479 τὴν
881 4424 1003 4483 flavardus
1021 4428 1063 4468 τοῦ
1082 4423 1175 4484 Κρόνου
1190 4428 1262 4479 γῆμαι
1275 4420 1353 4485 Ἥραν

69 4502 113 4550 καὶ
123 4503 238 4565 Δήμητρα
255 4503 294 4548 sal
314 4502 387 4560 Θίμεε
403 4499 427 4555 A}
446 4497 478 4546 <br
495 4501 580 4556 παῖδας
596 4505 743 4559 ποιήσασθαι
760 4502 883 4562 Κούρητας
900 4501 943 4558 pbr
958 4500 1006 4546 ἀπὸ
1026 4505 1066 4559 τῆς
1082 4504 1184 4563 πρώτης,
1204 4500 1353 4564 Περσεφόνην

68 4583 98 4629 db
124 4583 150 4628 διε
177 4587 218 4638 τῆς
238 4579 358 4643 δευτέρας,
382 4583 487 4640 Ἀθηνᾶν
509 4579 535 4626 di
551 4580 598 4626 ἀπὸ
614 4588 653 4639 τῆς
670 4584 758 4642 voltur,
775 4579 816 4625 vcl
835 4579 866 4625 fr.
883 4579 925 4625 vl.
947 4578 1016 4637 quod
1037 4581 1123 4625 haunt
1139 4579 1224 4626 urano
1241 4578 1352 4636 γεεὸσθαε

66 4661 121 4709 unt
139 4659 248 4719 γυναικὸς
260 4659 354 4715 ‘Rosiae
381 4664 468 4707 Titan
485 4661 524 4707 sal
544 4662 639 4722 Κρόνον
655 4666 703 4705 eto.

126 4745 160 4792 11.
1257 4744 1273 4788 8
