3068 5288
648 459 686 517 11

40 639 101 698 lura
135 639 246 699 colunt
282 643 485 717 concordiae,
522 644 618 702 sicuti
654 643 720 702 iam
755 659 775 702 a
808 646 904 716 poeta
938 644 1094 703 homerici
1126 643 1242 716 hymni
1274 643 1306 700 in

39 739 190 799 Venerem
214 741 403 801 dicebantur
427 744 513 802 cordi
537 759 609 802 esse
633 744 754 803 Dianae
779 747 837 813 (vs.
864 745 934 813 20);

299 842 388 901 ἄλσεά
412 865 440 902 σε
464 844 599 901 σκιόεντα
624 846 748 902 δικαίων
772 866 800 902 σε
823 845 923 915 πτόλις
948 843 1075 923 ἀνδρῶν.

36 943 184 1016 Sequitur
213 942 311 1018 longa
337 945 439 1005 series
463 947 592 1005 urbium
617 947 854 1021 terrarumque,
880 961 963 1019 qnae
987 947 1087 1007 variis
1111 947 1307 1021 cognomini-

35 1043 89 1103 bus
121 1045 218 1104 deam
249 1046 373 1121 colunt,
406 1049 475 1108 sive
503 1049 663 1108 Eunomia
690 1051 755 1122 est,
787 1048 857 1107 sive
881 1049 1038 1124 Nestoris,
1063 1051 1133 1109 sive
1157 1049 1308 1123 Taurica,

33 1145 69 1205 de
92 1146 211 1219 quibus
235 1148 400 1224 omnibus,
422 1165 486 1223 qua
508 1151 633 1210 ratione
653 1151 769 1210 ductus
789 1150 919 1224 singula
937 1151 1179 1210 enumeraverit
1197 1153 1307 1225 poeta,

33 1248 114 1307 infra
139 1263 272 1323 operam
296 1251 447 1311 dabimus
470 1254 508 1312 ut
532 1253 779 1326 investigemus.

74 1349 210 1409 Praeter
233 1351 314 1412 haec
337 1354 401 1412 tria
424 1355 561 1413 numina
580 1354 773 1428 saepissime
793 1354 923 1427 quidem
945 1357 1070 1414 ceteros
1091 1354 1168 1413 deos
1188 1368 1308 1412 memo-

31 1451 118 1510 ravit
145 1454 255 1526 poeta,
289 1453 328 1512 ad
353 1469 434 1527 quos
463 1455 610 1515 diversae
636 1469 753 1514 causae
777 1454 809 1512 in
833 1454 931 1514 huius
953 1455 1190 1529 disquisitionis
1214 1470 1310 1515 cursu

30 1566 90 1611 uos
114 1552 274 1628 deferent,
300 1555 357 1614 sed
380 1570 483 1630 pauca
509 1558 639 1616 tantum
663 1558 741 1614 suut
763 1555 935 1616 indicanda
958 1557 997 1616 de
1021 1572 1134 1616 eorum
1158 1557 1312 1616 universa

30 1656 159 1712 natura.
193 1654 302 1715 Primo
334 1657 421 1715 enim
449 1657 565 1717 obtutu
597 1672 672 1717 cnm
703 1657 837 1730 vulgata
867 1658 1075 1731 antiquorum
1109 1658 1312 1732 mythologie

31 1756 207 1814 convenire
230 1771 343 1816 eornm
366 1773 523 1832 personas
548 1759 681 1818 videbis.

77 1856 129 1915 lta
167 1856 326 1918 lunonem
371 1860 472 1919 habes
511 1875 647 1919 uxorem
690 1860 819 1933 coniugi
858 1861 1069 1935 invidiosum,
1110 1861 1311 1933 memorique

30 1974 163 2032 semper
193 1960 242 2019 ira
271 1965 472 2022 commotam
504 1963 536 2021 in
568 1978 683 2022 omnes
714 1963 882 2037 mulieres,
914 1977 996 2037 quas
1026 1962 1170 2037 Iuppiter
1201 1977 1312 2021 amore

31 2061 188 2134 dignatus
219 2064 305 2136 erat;
338 2065 493 2124 infestam
527 2064 659 2123 Herculi
684 2064 761 2123 dnm
784 2064 869 2122 vixit
893 2065 978 2124 inter
1002 2065 1173 2138 mortaleS,
1199 2066 1313 2138 postea

31 2163 122 2222 lovis
147 2163 239 2222 iussu
263 2167 414 2238 quamvis
438 2167 540 2226 invito
565 2166 674 2225 animo
695 2166 863 2225 cedentem
890 2166 928 2225 de
952 2167 1001 2225 ira
1017 2159 1047 2234 ¹).
1073 2165 1141 2240 Qua
1162 2166 1314 2224 convenit

31 2264 193 2337 dignitate
225 2269 319 2326 ornat
345 2267 433 2327 Iovis
464 2282 610 2326 uxorem.
639 2268 684 2327 Ut
707 2265 855 2326 solebant
877 2267 944 2327 iere
969 2267 1182 2327 Alexandrini
1206 2269 1314 2342 magis

32 2367 137 2425 etiam
157 2381 256 2439 quam
275 2369 474 2441 antiquiores
494 2372 607 2443 poetae
628 2383 892 2441 unumquemque
917 2369 1051 2429 deorum
1068 2372 1158 2428 certa
1173 2369 1313 2442 quadam

34 2468 157 2526 virtute
181 2470 239 2526 ent
262 2469 419 2542 dignitate
443 2485 571 2543 ornare,
597 2474 633 2529 ut
656 2470 803 2543 singulas
822 2485 949 2543 qnoque
970 2471 1072 2529 animi
1092 2471 1228 2530 humani
1248 2472 1314 2530 iras

32 2583 72 2628 ac
104 2569 244 2627 virtutes
275 2570 412 2644 singulis
443 2571 510 2630 iere
542 2572 689 2631 addicere
717 2570 865 2631 solebant
896 2572 1099 2645 numinibus,
1129 2574 1163 2630 et
1186 2572 1251 2630 iam
1276 2586 1314 2630 eo

32 2672 172 2730 ventum
204 2673 275 2730 erat
307 2674 343 2730 nt
371 2672 444 2746 ipsa
474 2673 611 2732 castitas
636 2672 739 2731 Diana
766 2687 839 2732 esse
867 2672 1039 2747 videretur,
1069 2672 1140 2747 ipsa
1163 2672 1314 2746 voluptas

32 2770 229 2846 Aphrodite,
251 2772 297 2831 ita
320 2772 387 2831 vim
413 2771 578 2833 efficacem
599 2773 783 2848 tragoediae
803 2773 993 2847 Euripideae
1016 2774 1105 2832 subit
1124 2774 1157 2832 in
1180 2773 1314 2833 Iunonis

32 2888 161 2947 quoqne
202 2889 341 2947 persona
379 2875 486 2950 poesis
525 2874 756 2935 Alexandrina.
794 2874 920 2933 Invidia
955 2874 1042 2933 enim
1077 2874 1144 2933 iere
1180 2874 1314 2933 Iunonis

32 2975 167 3035 nomine
200 2975 369 3035 indicatur.
399 2976 508 3049 Neque
539 2979 651 3036 tamen
686 2977 849 3035 omittitur
880 2975 969 3050 regia
999 2975 1150 3049 dignitas.
1188 2976 1316 3036 Salutat

31 3077 124 3136 enim
147 3076 317 3136 dominam
341 3078 402 3136 Iris
426 3078 459 3137 in
483 3078 607 3152 hymno
628 3077 681 3136 IV.
707 3092 754 3136 vs.
782 3078 845 3136 218

251 3173 331 3256 Ἥρη
355 3178 506 3256 τιμήεσσα,
528 3178 605 3238 πολὺ
629 3175 802 3257 προῦχουσα
826 3177 939 3255 θεάων,

260 3278 297 3358 σὴ
321 3277 375 3358 μὲν
399 3279 466 3361 ἐγὼ,
488 3279 526 3341 σὰ
550 3277 583 3340 δὲ
605 3280 711 3340 πάντα·
735 3279 772 3340 σὺ
797 3276 830 3339 δὲ
853 3279 994 3358 κρείουσα
1017 3277 1151 3357 κάθησαι

259 3381 367 3460 γνησίη
396 3381 580 3460 Οὐλύμποιο.

32 3484 155 3559 Simul,
185 3485 222 3542 ut
251 3484 360 3543 ierunt
390 3484 631 3543 Alexandrinae
662 3482 843 3557 elegantiae
874 3483 977 3558 leges,
1013 3482 1128 3543 recidit
1162 3483 1196 3541 in
1230 3482 1317 3542 Deae

33 3585 182 3659 imagine
213 3600 296 3658 qnae
327 3586 426 3645 nimis
459 3586 589 3645 horrida
615 3584 783 3658 videntur;
812 3585 932 3658 premit
955 3584 1086 3643 silentio
1110 3583 1254 3642 fabulam
1278 3584 1317 3642 de

32 3688 191 3762 Typhoeo
223 3688 359 3747 exsule
383 3688 505 3747 Iunone
529 3687 708 3746 secundnm
733 3686 935 3759 quorundam
961 3685 1164 3744 narrationes
1188 3687 1265 3743 neto
1280 3678 1317 3757 ²);
1395 3670 1397 3675 ’

31 3804 133 3865 porro
152 3792 224 3847 tam
244 3789 356 3848 sedulo
376 3791 471 3848 cavet
490 3804 531 3847 ne
551 3788 691 3847 Lucinae
712 3801 832 3846 munus
852 3786 1012 3846 tribuatur
1033 3785 1148 3844 Iunoni
1163 3778 1198 3859 3),
1224 3786 1261 3843 ut
1285 3785 1317 3844 in

71 3982 92 4041 ¹)
108 3984 150 4031 IV.
171 3987 234 4045 100,
252 3986 313 4043 124,
331 3987 386 4031 203.
406 3984 510 4030 Herculi
528 3984 622 4030 infesta
641 3984 671 4029 ir.
692 3986 747 4030 108.
764 3983 870 4029 Callisto
889 3984 920 4028 fr.
939 3984 995 4028 0811.

71 4061 94 4125 ⁷)
115 4067 231 4122 Anguem
249 4064 405 4123 Delphicum
423 4062 546 4122 Typhoea
563 4062 666 4108 nomine
684 4075 698 4107 e
713 4062 768 4107 eolo
783 4061 881 4107 Iunone
897 4063 984 4106 natum
1000 4060 1162 4106 Stesichorus
1177 4058 1319 4104 tradiderat

33 4142 134 4208 (Etym.
150 4156 235 4202 magn.
252 4143 308 4189 772.
324 4143 355 4189 50
372 4142 470 4204 Τυφωέα
485 4140 696 4204 γει-σαλαγιῖἭρης
710 4143 782 4198 μόνης
796 4141 856 4185 κατὰ
870 4143 1025 4198 μνησικακίαν
1039 4139 1096 4191 Διὸς
1108 4142 1218 4197 τεκούσης
1226 4133 1320 4200 αὐτόν),

33 4236 106 4284 quoe
134 4222 285 4281 genealogia
311 4221 398 4267 addito
424 4224 465 4268 est
490 4221 522 4266 ab
548 4221 629 4266 altero
655 4233 733 4265 mann
761 4219 856 4277 hymno
881 4218 1010 4264 homerico
1036 4217 1062 4263 ιἰι
1087 4215 1170 4278 Apoll.
1199 4218 1247 4263 005
1270 4232 1319 4279 sqq.

33 4302 176 4362 Apollonio
203 4300 303 4347 Rhodio
329 4300 538 4358 callimachoque
563 4311 645 4357 aeque
668 4312 761 4344 nomen
784 4313 813 4343 ac
835 4297 985 4355 genealogia
1009 4295 1137 4352 displicet.
1163 4296 1263 4342 Dicitur
1287 4296 1319 4341 nb

33 4383 70 4429 iie
95 4380 251 4440 Delphicum
275 4382 418 4425 monstrum
441 4377 579 4437 Delphyne
600 4372 701 4440 (Argon.
726 4376 759 4422 11.
784 4379 831 4423 'lod
854 4375 917 4422 Osll.
936 4375 966 4420 ir.
985 4374 1055 4430 864),
1074 4374 1177 4420 silentio
1194 4377 1321 4433 premitur

34 4461 128 4509 sabulo
143 4459 176 4506 de
194 4463 253 4505 ortu
271 4472 302 4505 ex
319 4458 424 4505 Iunone.
443 4458 537 4514 Hymn.
556 4456 584 4503 V.
602 4458 633 4503 00
652 4456 704 4516 ὄφις
720 4459 803 4513 μέγας,
821 4454 855 4500 11.
876 4456 921 4501 101
941 4454 1004 4507 αἰνὸς
1021 4454 1072 4513 ὄφις
1089 4452 1196 4508 diuitum
1215 4453 1267 4499 sed.
1289 4456 1319 4498 ir.

35 4544 88 4588 061
107 4543 197 4600 aperte
216 4539 367 4586 femininum
384 4551 467 4597 genus
483 4536 618 4583 indicatur.

71 4616 94 4676 'J
110 4620 205 4678 Hymn.
224 4617 250 4664 ιἰι
267 4615 322 4664 Del.
341 4617 473 4665 105-100
491 4629 551 4663 cnm
568 4616 654 4674 hymn.
672 4615 740 4660 hom.
759 4612 784 4660 in
803 4612 885 4674 Apoll.
904 4615 936 4660 00
954 4616 980 4659 et
997 4612 1071 4657 Hom.
1094 4615 1119 4657 Τ.
1139 4613 1195 4657 119.
