3068 5288
689 456 729 516 41

67 644 148 719 quia
171 642 356 719 complures
381 641 561 723 ,horisono
584 642 614 717 ἐς
636 643 707 716 τοὺς
730 641 931 723 Παρωρεῆτας
949 640 998 703 καλ
1018 643 1203 722 Καύκωνας,
1220 645 1344 719 τούτους

68 740 104 804 δὲ
127 741 315 817 ἐξελάσαντες
346 742 378 804 ἐκ
407 753 459 824 τῆς
481 744 578 826 χόρης
602 742 695 824 σφέας
718 743 830 817 αὐτοὺς
848 744 882 818 ἓξ
905 743 1010 825 μοίρας
1030 744 1154 823 διεῖλον,
1175 743 1224 806 καλ
1245 744 1344 807 ἔπειτα

68 844 190 906 ἔκτισαν
208 843 314 918 πόλιας
333 845 420 907 τάσδε
439 844 472 907 ἔν
491 845 621 924 αὐτοῖσι,
638 843 776 927 Λέπρεον
797 845 956 905 Μάκιστον
971 843 1082 926 Φριξὰς
1096 845 1220 927 Πύργον
1233 844 1343 909 Ἔτιιον

69 946 232 1007 Νοόδιον”
256 941 292 1022 ¹),
317 948 404 1009 haud
434 948 517 1010 levis
545 952 595 1011 est
618 948 760 1024 suspicio
783 964 825 1010 ex
847 948 937 1009 hisce
960 948 1146 1023 Triphyliae
1169 948 1284 1010 incolis
1307 966 1345 1012 ac

70 1049 190 1110 vicinis
213 1049 393 1111 Arcadibus
416 1051 589 1111 nonnullos
613 1049 895 1125 consanguinitate
918 1050 1036 1124 Minyis
1059 1051 1187 1110 iunctos
1206 1053 1346 1126 posteris

68 1149 274 1225 temporibus
308 1150 342 1210 in
376 1150 589 1226 Cyrenaicam
619 1165 692 1212 esse
723 1151 893 1226 proiectos.
926 1151 987 1211 His
1018 1140 1117 1226 igitur
1140 1151 1279 1230 civibus,
1304 1169 1346 1214 ex

69 1252 294 1328 Peloponneso
325 1253 483 1329 oriundis,
513 1254 696 1327 Minyarum
719 1267 761 1313 ex
784 1251 951 1326 Triphylia
974 1254 1007 1312 et
1030 1252 1169 1313 Arcadia
1192 1267 1345 1330 pronepo-

69 1355 161 1415 tibus
180 1369 280 1429 quam
298 1354 445 1417 maxime
463 1356 555 1416 favet
573 1355 681 1431 poeta,
702 1368 816 1414 eorum
834 1352 938 1413 sacris
956 1353 1185 1414 traditionibus
1200 1354 1345 1428 palmam

69 1457 177 1517 defert
206 1457 425 1533 antiquitatis,
459 1472 572 1518 eorum
602 1455 729 1531 mythis
757 1453 856 1515 fldem
887 1454 1070 1515 habendam
1101 1457 1222 1516 censet.
1250 1456 1346 1517 Etsi

69 1558 156 1618 forte
178 1557 383 1632 singularum
406 1559 550 1619 tribuum
574 1558 759 1632 discrepant
781 1571 893 1617 sacrae
911 1556 1054 1634 fabulae,
1075 1558 1105 1617 si
1124 1560 1252 1620 certant
1271 1574 1346 1620 cum

71 1658 284 1720 Cretensibus
316 1659 556 1735 Peloponnesii,
588 1672 650 1732 quo
681 1656 789 1732 magis
818 1657 909 1716 iavet
934 1657 1115 1718 Arcadibus
1137 1671 1175 1718 eo
1198 1658 1347 1720 infestior

70 1759 283 1822 Cretensibus
313 1763 378 1838 est,
411 1761 509 1823 sicuti
539 1761 683 1822 vidimus
705 1773 782 1819 eum
813 1758 1028 1834 gravissimas
1059 1759 1145 1820 inter
1174 1761 1346 1835 utramque

70 1865 206 1938 gentem
236 1862 312 1923 lites
335 1878 400 1923 una
421 1879 501 1925 voce
525 1862 751 1923 dirimentem:
778 1861 912 1938 ,Κρῆτες
935 1856 981 1919 ἀεὶ
1003 1861 1163 1934 ψεῦσται”.
1186 1855 1208 1933 ²)

117 2065 240 2126 Verum
270 2066 300 2125 si
329 2069 416 2127 recte
448 2065 596 2141 suspicor
625 2065 757 2139 poetam
787 2078 825 2123 eo
848 2062 1023 2124 deductum
1047 2079 1120 2125 esse
1143 2065 1348 2139 antiquitatis

70 2167 195 2242 studio,
220 2166 258 2226 ut
280 2166 433 2241 quidquid
449 2168 488 2227 in
513 2166 603 2227 cultu
626 2165 792 2238 sacrisque
811 2163 931 2226 fabulis
950 2180 1027 2226 cum
1046 2166 1231 2243 Minyarum
1250 2171 1347 2243 gente

71 2272 107 2331 et
129 2269 382 2344 Cyrenaicorum
411 2268 542 2344 proavis
573 2267 744 2328 cohaerere
775 2266 939 2326 videretur
966 2267 998 2328 id
1021 2268 1192 2344 praecipue
1214 2270 1346 2334 investi·

71 2372 167 2447 garet
200 2373 298 2446 atque
334 2373 524 2448 exponeret,
560 2384 693 2430 necesse
728 2371 780 2429 est
817 2368 882 2429 alia
920 2367 1014 2443 plura
1051 2370 1122 2430 eius
1152 2372 1348 2447 suspicionis

73 2473 275 2536 adminicula
297 2474 331 2534 in
354 2475 487 2549 hymnis
510 2486 547 2531 se
566 2470 692 2531 offerre.
717 2469 890 2546 Quaerenti
913 2485 978 2530 non
1002 2470 1146 2532 deerunt.

118 2577 203 2636 Sane
226 2576 370 2651 hymnus
394 2575 427 2635 in
447 2576 574 2648 lovem,
595 2574 670 2647 post
689 2572 874 2646 expositam
898 2571 949 2631 dei
972 2571 1131 2646 originem
1154 2574 1347 2636 Arcadicam

71 2679 189 2740 statim
220 2678 260 2738 ad
291 2677 361 2738 eius
391 2677 566 2738 facultates
596 2689 634 2735 ac
665 2673 846 2749 potentiam
877 2671 1103 2734 celebrandam
1133 2689 1170 2735 se
1200 2678 1346 2754 vertens,

72 2783 107 2842 in
130 2781 265 2841 numine
291 2780 451 2840 cantando
475 2778 561 2852 quod
582 2776 623 2837 ab
650 2776 803 2837 universa
826 2775 960 2836 Graecia
985 2775 1053 2835 iam
1084 2777 1198 2837 eadem
1230 2777 1348 2852 ubique

71 2884 199 2945 ratione
223 2881 381 2943 coleretur
404 2881 564 2956 Minyeias
588 2879 795 2952 antiquitatis
817 2878 927 2939 studia
949 2892 1014 2938 non
1034 2878 1154 2953 prodit;
1179 2880 1236 2940 sed
1256 2879 1347 2955 hym-

71 3000 136 3045 nus
163 2984 199 3043 io
226 2982 400 3059 Apollinem
428 2997 504 3042 oum
532 2980 647 3042 Carnei
671 2979 854 3055 Spartiatae
884 2979 1006 3041 honore
1029 2979 1076 3040 ita
1098 2980 1253 3042 Nomium
1277 2997 1347 3043 con-

71 3086 193 3162 iungit,
225 3087 263 3146 ut
293 3086 332 3146 de
359 3083 561 3160 Cyrenarum
585 3082 675 3143 cultu
696 3079 845 3141 Phoebeo
867 3080 966 3142 simul
983 3081 1143 3142 disertum
1167 3082 1251 3144 ierat
1269 3084 1347 3144 iudi·

72 3189 162 3250 cium
186 3189 283 3262 poeta
306 3186 358 3258 (Π.
382 3188 437 3256 47)
535 3224 536 3227 =

300 3289 415 3367 Φοῖβον
437 3283 486 3347 καλ
511 3284 630 3363 Νόμιον
653 3280 850 3367 κικλήσκομεν
873 3281 945 3356 ἔξετι
968 3283 1085 3362 κείναν,

297 3385 366 3463 ἐξότ’
392 3383 434 3450 ἐπ’
460 3393 635 3471 Ἀμφρνσσῷ
658 3385 822 3466 ζτνγίτιδας
846 3384 966 3466 ἔτρεφεν
990 3386 1115 3465 ἴττιιους,

297 3487 405 3568 laotos
428 3484 478 3551 ὑπ’
504 3487 589 3567 ἕροοτι
612 3483 795 3565 κεκαυμένος
818 3486 981 3565 Ἀδμήτοιο.

72 3593 245 3669 Cyrenaici
275 3594 363 3654 enim
394 3608 461 3653 non
491 3593 600 3654 solum
623 3590 808 3666 Apollinem
832 3589 992 3652 Carneum
1016 3593 1073 3653 sed
1097 3592 1251 3653 Nomium
1274 3609 1348 3669 quo-

72 3711 137 3771 que
160 3695 288 3771 proprio
312 3694 401 3755 cultu
424 3693 628 3755 honorabant
647 3693 790 3766 itemque
810 3691 971 3767 Apollinis
994 3709 1036 3754 ex
1059 3694 1206 3769 nympha
1225 3694 1349 3769 Cyrene

72 3796 180 3858 fflium
211 3796 400 3856 Aristaeum
431 3795 622 3871 cognomine
653 3792 772 3870 Νόμιον
804 3792 993 3855 salutabant
1014 3787 1051 3870 λ),
1083 3795 1140 3856 sed
1165 3796 1350 3858 certabatur

73 3900 114 3961 de
143 3898 347 3974 cognominis
376 3898 409 3957 vi
440 3899 537 3971 atque
569 3895 705 3972 origine,
738 3898 772 3956 et
802 3896 945 3971 prolecto
976 3896 1027 3956 dei
1055 3897 1207 3957 naturam
1231 3899 1349 3959 melius

108 4154 116 4188 ¹
146 4155 375 4205 Herod.1V.148.

108 4153 240 4302 'grimm
265 4234 292 4282 ιἰι
313 4232 367 4283 loo.
385 4247 422 4283 το.
447 4236 471 4282 o.
495 4231 560 4281 Mihi
583 4234 662 4294 igitur
684 4233 825 4281 verisimile
849 4232 951 4280 ridetur
966 4233 1034 4280 inter
1051 4233 1116 4281 duas
1131 4235 1266 4295 opiniones
1282 4249 1349 4296 quae

74 4318 193 4377 vlgmnt
224 4316 251 4363 iu
280 4313 346 4362 urbe
371 4325 418 4362 sua
443 4314 529 4374 ipsum
553 4316 657 4374 poetam
676 4326 706 4360 eo
723 4313 819 4372 hymno
836 4311 1000 4360 diiudicatae.
1019 4312 1138 4361 Ceterum
1156 4328 1205 4362 non
1223 4316 1350 4375 suffragor

76 4388 109 4445 iis
124 4409 193 4457 quae
209 4394 301 4443 scribit
316 4394 409 4442 laus.
428 4392 511 4441 Πακι.
529 4393 596 4442 XXV
610 4407 636 4454 p.
652 4394 700 4440 loa
717 4391 900 4449 ,Kallimache
913 4390 957 4439 λολ
975 4390 1015 4440 de
1034 4391 1169 4442 Κικκλκὲιι
1180 4393 1260 4441 reim
1272 4393 1351 4456 cigen-

76 4475 172 4539 araga
196 4472 354 4536 Ζνκσόσμσιιιίσ
376 4487 422 4521 aas
445 4472 524 4520 seim
547 4471 664 4520 Ηοέοισλλ
686 4470 747 4519 nach
768 4470 945 4529 Alexandreia,
964 4486 1001 4520 ιοο
1022 4486 1048 4520 er
1064 4471 1110 4521 deo
1126 4471 1237 4536 Ημιιαικι
1254 4472 1285 4534 ss
1301 4475 1350 4521 280

73 4555 122 4619 sir
138 4555 179 4603 τιίι
192 4552 334 4617 Symposion
349 4567 395 4600 οοκ
411 4551 627 4615 Pn'oatpmom,
645 4549 767 4599 nometi
784 4549 951 4614 Kyremm,
969 4552 1100 4617 casasola,
1117 4550 1322 4616 attonsum?

110 4629 132 4699 1)
148 4633 222 4683 Pind.
239 4630 314 4696 Pyro.
331 4630 374 4682 IL
392 4635 434 4682 oo.
451 4632 580 4682 Sohirmer
596 4632 623 4678 ln
640 4630 763 4680 Bocchori
777 4631 872 4679 Loxioo
888 4646 909 4679 ι.
925 4646 948 4680 ο.
965 4630 1097 4680 Ατὲιιοίοι.
