3090 5294
828 433 868 492 14
1384 429 1411 490 Ι.
1437 430 1477 490 21

478 617 546 690 τοὺς
570 617 828 701 ὑποταρβήσαντες
852 616 1002 699 ἐχώρησαν
1025 618 1115 679 πάλιν
1138 589 1239 692 αὖτις4

208 720 292 792 quod
326 721 438 781 eodem
469 721 563 782 modo
597 723 707 781 noster
737 719 898 796 expressit
926 721 980 781 IV.
1013 722 1077 781 320
1104 717 1173 797 „nol
1202 718 1238 781 od
1272 720 1363 781 πάλιν
1394 711 1480 792 οὗτος

208 817 341 899 ἔβησον”
365 822 415 892 (cf.
440 821 493 881 IV.
521 823 592 883 141.
616 822 670 883 Vl.
696 824 760 894 69.)

252 923 346 999 Tum,
370 923 398 983 si
420 926 501 983 retro
524 922 653 1000 indicat,
677 926 714 985 ut
736 923 790 985 IV.
817 924 878 984 148
906 920 1055 1001 „Haradu
1080 922 1113 982 d’
1136 921 1192 983 οὐκ
1224 915 1307 996 αὖτις
1331 921 1480 1003 ἐχάζετο,”

207 1025 297 1096 (item
333 1025 370 1086 ir.
406 1023 494 1095 1131)
523 1040 722 1099 quamquam
752 1025 898 1086 nonnulli
928 1026 1090 1100 negabant
1121 1040 1264 1100 unquam
1288 1017 1372 1098 οὗτος
1395 1028 1480 1087 hanc

208 1129 275 1188 vim
309 1128 393 1202 apud
424 1127 603 1188 Homerum
633 1127 787 1203 obtinere,
811 1128 950 1188 habebat
971 1128 1083 1188 umen
1107 1127 1228 1189 multos
1250 1127 1338 1190 locos
1361 1129 1481 1203 quibus

207 1230 267 1290 niti
301 1244 396 1305 posse
428 1228 490 1289 sibi
523 1228 703 1290 videretur:
739 1228 821 1289 satie
855 1229 917 1290 erit
947 1230 1109 1290 notissum
1140 1244 1272 1290 versum
1296 1244 1480 1292 memorare

211 1331 236 1390 Θ
259 1331 320 1391 271
348 1332 386 1391 de
409 1330 531 1391 Teucro

429 1423 523 1511 αὖταρ
547 1429 562 1492 ὁ
586 1424 668 1505 αὖτις
692 1430 756 1510 ἰὼν,
778 1432 848 1505 πάις
871 1429 910 1510 ὣς
933 1430 994 1493 ὑπὸ
1017 1427 1124 1512 μητέρ’,
1145 1431 1250 1493 ἕδνσκε

430 1532 470 1606 εἰς
495 1528 616 1593 Αἴανθ’.

251 1637 373 1697 Verum
404 1637 657 1710 quotiescunque
680 1638 777 1698 metri
808 1636 950 1698 rationes
976 1638 1109 1697 brevem
1133 1636 1285 1698 ultimam
1309 1652 1392 1710 quae
1416 1653 1482 1698 non

206 1739 334 1798 desinat
367 1739 400 1798 in
434 1741 665 1799 consonantem
700 1739 852 1814 postulat,
888 1753 989 1811 aequo
1024 1739 1133 1799 animo
1167 1754 1223 1813 pro
1258 1728 1341 1809 αὖτις
1368 1741 1483 1800 noster

208 1839 332 1913 reponit
374 1828 460 1914 αὖθι,
500 1856 582 1915 quae
625 1856 828 1914 nequaquam
868 1856 945 1901 eum
986 1841 1176 1901 distinxisse
1217 1839 1334 1901 merito
1373 1841 1483 1914 arguit

207 1941 412 2002 Ammonius.
447 1941 488 2001 Et
521 1942 680 2018 plerisque
711 1942 791 2003 locis
825 1939 1058 2016 significatione
1093 1957 1192 2015 quam
1226 1941 1372 2001 maxime
1403 1956 1482 2001 cum

207 2034 291 2114 αὖτις
321 2044 488 2104 convenit:
520 2043 567 2104 ita
588 2044 614 2104 Ι.
640 2044 692 2104 94.
724 2047 805 2121 χαῖρε
832 2042 932 2121 πάτερ,
961 2035 1033 2120 χαῖρ’
1059 2032 1146 2119 αὖθι,
1171 2042 1255 2115 quod
1286 2057 1343 2116 pro
1372 2044 1483 2104 Attico

209 2134 301 2215 αὖθις
339 2144 484 2218 positum
522 2159 595 2205 esse
641 2143 692 2205 vel
726 2144 879 2218 Aeschyli
919 2143 1068 2218 exemplo
1101 2144 1342 2204 demonstratur
1375 2144 1483 2215 (Dum.

212 2241 309 2321 1014)
355 2243 476 2323 χαίρετε,
515 2245 626 2325 χαίρετε
663 2240 689 2304 d’
731 2235 831 2316 αὖθις.
874 2244 945 2305 Non
987 2244 1128 2305 multum
1170 2245 1271 2307 oleat
1311 2245 1369 2309 HL
1407 2247 1484 2308 241.

212 2353 331 2425 „rapiere
370 2341 473 2423 μὲν...
512 2336 588 2406 αὖθι
619 2341 690 2416 rl’‘;
720 2346 774 2407 IV.
802 2347 844 2406 44
882 2344 933 2422 „ol
964 2340 1017 2423 μὲν
1052 2339 1087 2404 ἔτ’
1124 2342 1180 2405 οὐκ
1214 2344 1281 2406 ἴδον
1304 2335 1411 2405 αὖθτ.”
1444 2348 1483 2408 V.

212 2447 273 2531 103
315 2444 366 2523 Ι,τὸ
408 2442 461 2525 μὲν
503 2445 540 2508 οὐ
579 2446 793 2527 παλινάγρετον
835 2438 911 2506 αὖθι
952 2443 1088 2526 χένοιτο”
1130 2446 1170 2507 cf.
1205 2460 1330 2520 quoque
1366 2446 1404 2508 11.
1442 2446 1485 2508 70

213 2546 281 2624 „nol
310 2557 369 2621 κῶς
400 2540 476 2609 αὖθι
507 2547 716 2629 χενησόμεθα”
747 2552 781 2610 et
804 2549 836 2610 id
859 2549 942 2623 quod
966 2549 1006 2609 ab
1030 2548 1204 2608 Ammonio
1227 2547 1248 2609 l.
1272 2548 1293 2608 l.
1314 2548 1486 2611 adducitur

213 2642 307 2727 „obul
338 2645 400 2711 τόδ’
434 2648 598 2729 ἐκδύοτμι.”
628 2650 669 2711 ut
689 2652 722 2711 in
743 2651 927 2711 hocerrore
953 2651 1020 2710 iam
1043 2650 1203 2724 praeierat
1226 2650 1392 2724 Lycophro
1418 2653 1482 2712 732

209 2752 259 2822 (cf.
294 2753 525 2815 Schneiderum
559 2752 600 2813 ad
633 2753 691 2813 111.
728 2754 809 2827 46.);
842 2768 918 2813 cum
958 2767 1032 2812 vero
1065 2751 1154 2812 locos
1184 2751 1376 2827 inspicimus
1407 2768 1483 2825 qua·

207 2854 255 2914 les
290 2855 367 2914 sunt
401 2856 458 2916 III.
494 2855 547 2915 46.
586 2844 680 2930 „udde
715 2850 747 2913 δὲ
781 2853 938 2924 adalanus
973 2850 1148 2929 pesonam
1182 2853 1233 2913 vel
1261 2854 1362 2914 eliam
1390 2854 1414 2913 I.
1440 2855 1482 2915 72

212 2951 303 3030 ,ἀλλὰ
336 2953 371 3015 τὰ
405 2951 460 3033 μὲν
490 2954 669 3034 μακάρεσσιν
701 2950 828 3026 turcae
857 2946 934 3014 αὖθι
956 2955 1125 3033 παρῆκας”,
1154 2955 1258 3015 maior
1280 2956 1392 3030 opinor
1414 2956 1483 3016 iam

208 3056 368 3117 videbitur
391 3057 484 3132 culpa
509 3056 705 3118 Callimachi.
730 3055 812 3117 Cum
836 3057 923 3118 enim
946 3057 998 3116 his
1022 3056 1102 3116 locis
1129 3058 1239 3131 aperte
1262 3047 1338 3116 αὖθι
1364 3057 1482 3133 „illico”

208 3155 377 3235 significet,
412 3161 546 3234 apparet
574 3173 637 3219 non
668 3158 774 3219 solum
806 3161 939 3234 putasse
966 3172 1041 3219 eum
1073 3147 1149 3216 αὖθι
1180 3173 1221 3218 ex
1249 3147 1342 3229 αὖθις
1365 3161 1483 3220 natum

209 3275 281 3320 esse
315 3260 439 3321 abiecto
473 3276 501 3337 o,
536 3261 594 3321 sed
628 3260 728 3321 etiam
762 3261 847 3321 inter
880 3251 982 3336 αὖθις,
1016 3248 1102 3336 οὖσι,
1136 3247 1219 3329 αὖτις
1254 3259 1349 3333 plane
1383 3264 1484 3335 atque

208 3362 338 3422 omnino
362 3362 442 3422 nihil
468 3363 626 3424 interesse
646 3354 677 3433 ¹).

252 3463 308 3524 Vs.
334 3465 385 3525 21.
416 3462 588 3541 τημόσδε
623 3466 656 3525 et
689 3463 795 3525 forma
829 3465 863 3524 et
896 3478 959 3523 usu
993 3463 1033 3524 ab
1067 3462 1230 3523 homerico
1263 3468 1355 3539 τῆμος
1388 3463 1484 3525 valde

209 3565 384 3627 abhorrens
418 3567 569 3639 quanam
603 3565 764 3626 invenerit
798 3564 935 3625 minime
965 3565 1102 3627 constat.
1135 3563 1326 3624 Formarum
1350 3564 1485 3637 quidem

209 3670 261 3727 est
288 3683 330 3728 ex
361 3667 508 3741 analogia
530 3675 583 3727 τοῦ
611 3665 721 3727 ἐνθάδε
753 3668 786 3727 et
808 3665 956 3743 τηνικάδε,
981 3667 1016 3726 at
1041 3666 1117 3727 licet
1139 3663 1224 3739 apud
1246 3665 1485 3728 Alexandrinos

209 3769 341 3829 demum
366 3770 513 3829 occurrat
535 3768 614 3829 nihil
638 3769 755 3844 obstat,
781 3768 858 3841 quin
882 3767 1047 3840 antiquius
1070 3781 1143 3826 esse
1169 3767 1382 3843 suspicemur,
1406 3783 1486 3829 cum

210 3873 276 3931 iam
300 3872 461 3933 Hesiodus
485 3871 572 3947 (Opp.
598 3873 674 3941 576)
697 3877 842 3947 τημοῦτος
866 3869 993 3944 habeat,
1018 3883 1081 3942 quo
1108 3871 1218 3929 noster
1244 3869 1292 3929 111
1318 3870 1379 3929 175
1402 3885 1486 3931 usus

210 3976 269 4033 cst.
294 3973 447 4035 Eiusdem
472 3973 583 4047 stirpis
606 3968 744 4049 ὁποτῆμος
768 3972 819 4031 est
841 3972 925 4045 apud
949 3971 1087 4031 Aratum
1112 3985 1160 4030 vs.
1186 3970 1250 4032 568
1276 3963 1307 4040 ²).
1469 4040 1473 4050 ¹

254 4077 446 4137 accuratius
467 4077 500 4136 in
518 4076 728 4149 sequentibus
740 4089 838 4134 usum
857 4074 1058 4134 homericum
1078 4072 1273 4132 observavit.
1295 4071 1375 4131 Cum
1396 4073 1485 4133 enim

244 4369 263 4433 ¹)
289 4370 362 4419 Idem
392 4374 483 4433 pedon
513 4371 619 4419 Archia
649 4373 675 4419 in
707 4371 782 4418 Anth.
815 4367 869 4416 Pu.
901 4368 944 4416 nt
970 4368 1026 4415 ³48.
1061 4369 1084 4415 4.
1118 4366 1151 4414 ef.
1180 4378 1283 4426 quoqne
1307 4365 1425 4412 Euststh.
1452 4365 1486 4414 Il.

228 4486 234 4499 .
310 4449 333 4495 2.
385 4486 391 4497 .

209 4451 464 4593 ρῗῖῗοεατῦῗοιὶοοο
490 4530 595 4589 dignum
625 4535 665 4578 eet
690 4528 736 4576 Od.
765 4549 784 4589 η.
808 4528 857 4574 318
882 4534 952 4584 τῆμος
973 4528 997 4573 li
1014 4538 1148 4573 occurrere
1166 4525 1235 4584 quod
1254 4540 1269 4572 ε
1286 4524 1415 4572 nonnullis
1433 4539 1488 4573 uno

209 4610 287 4657 verbo
305 4609 400 4658 lectum
419 4623 476 4657 esse
494 4610 579 4669 arguit
596 4611 714 4658 Euatatlr.
733 4611 777 4668 qni
794 4609 979 4665 intorpretatur
997 4605 1231 4664 torpescentem
1250 4606 1283 4651 cs.
1302 4605 1335 4651 od
1352 4605 1393 4651 iv.
1412 4607 1470 4652 106.
