3308 5436
914 557 956 615 68

297 744 378 803 mihi
408 742 540 816 quidem
571 741 712 817 videtur,
742 743 812 802 arte
835 741 947 802 subtili
970 757 1029 803 neo
1052 746 1148 818 poeta
1172 743 1304 820 indigna
1326 759 1386 805 nec
1407 745 1565 820 theologo.

296 845 378 906 Cum
401 843 468 904 lam
488 842 578 904 ineo
598 845 687 903 esset
706 844 743 903 ut
762 845 950 905 nasceretur
966 845 999 904 in
1019 844 1127 904 insula
1145 859 1206 905 sua
1224 844 1336 906 Delius
1355 861 1393 906 ac
1412 845 1566 908 Patareus
1638 893 1639 924 3

296 947 425 1023 Apollo,
450 944 612 1015 ccccliv.
638 945 713 1016 249)

694 1044 800 1106 κύκνοι
823 1041 857 1106 δὲ
879 1045 954 1107 θεὸν
979 1044 1137 1126 μέλποντες
1160 1044 1278 1120 ἀοιδαῖς

518 1146 662 1231 Μῃόνιον
685 1144 851 1207 Πακτωλὸν
874 1145 1077 1210 ἐκυκλώσαντο
1100 1147 1235 1222 λιπόντες

518 1349 677 1412 Μουσάων
700 1347 836 1430 ὄρνιθες,
859 1349 1028 1415 διοιδύτατοι
1050 1363 1209 1432 πετεηνῶν.

291 1545 293 1553 J
338 1457 389 1517 Ita
411 1455 487 1538 lites
510 1454 723 1515 dirimunturl
749 1453 901 1516 Nascitur
924 1456 1055 1531 quidem
1078 1458 1112 1517 in
1135 1456 1242 1518 insula
1264 1457 1336 1533 ipsa
1355 1457 1486 1532 Apollo;
1512 1456 1566 1517 sed

293 1573 356 1632 quo
376 1559 522 1632 tempore
543 1557 688 1616 nascitur
700 1557 898 1617 adeuntium
911 1558 942 1617 in
967 1558 1066 1619 Asiae
1090 1559 1155 1619 oris
1169 1593 1208 1604 -
1222 1559 1293 1619 sive
1312 1559 1449 1633 Lydiam
1471 1558 1566 1634 dicis,

195 1657 196 1660 ’
291 1659 362 1720 sive
396 1655 572 1733 Phrygiam
615 1657 686 1718 sive
716 1657 864 1734 Lyciam,
894 1659 989 1720 docta
1019 1659 1106 1720 enlm
1137 1661 1343 1736 neglegentia
1376 1661 1411 1720 in
1445 1660 1567 1721 talibus

291 1763 423 1838 saeptus
442 1763 616 1845 ⁸tamquam
639 1759 762 1820 inscius
786 1762 873 1821 errat
895 1763 991 1836 poeta
1015 1796 1057 1806 —
1081 1762 1213 1838 adsunt,
1238 1764 1386 1839 inquam,
1410 1764 1445 1822 et
1468 1763 1567 1822 deum

292 1865 500 1925 carissimum
523 1862 591 1942 iam
609 1856 721 1921 'lucem
743 1862 973 1937 adspecturum
997 1863 1145 1924 sentiunt
1166 1879 1245 1924 aves
1267 1863 1444 1940 Apollinei,
1472 1863 1566 1938 quasi

292 1970 429 2041 utraque
452 1965 552 2026 simul
574 1966 664 2024 terra
681 1964 909 2026 advenientem
929 1965 1026 2026 deum
1046 1965 1206 2026 sensisset
1221 1959 1251 2036 ¹).
1273 1964 1365 2026 'lalia
1383 1965 1413 2026 si
1430 1965 1568 2027 inventa

290 2070 458 2145 proterunt
476 2070 591 2144 poetae
610 2051 823 2126 Alexandrini
847 2066 955 2127 solent
973 2067 1040 2127 fere
1063 2066 1179 2127 addere
1199 2068 1394 2141 argumenta
1413 2081 1455 2126 ex
1468 2069 1566 2128 aetio·

290 2170 377 2246 logia
407 2169 522 2245 petita,
553 2168 669 2242 quibus
693 2165 773 2226 lldes
795 2167 924 2227 fabulae
947 2165 1105 2228 firmetur.
1129 2167 1240 2242 Neque
1263 2170 1355 2229 deest
1376 2167 1473 2228 αἴτιον
1498 2185 1566 2229 um·

291 2286 390 2346 quam
415 2269 627 2344 Callimacb03
652 2271 746 2330 docet
768 2269 856 2330 enlm
880 2283 929 2329 vs.
954 2270 1036 2330 253:

514 2369 604 2431 ἔνθεν
628 2367 643 2431 δ
667 2375 738 2443 τεαῖς
760 2369 903 2431 τοσούσδε
925 2371 1000 2454 λύρῃ
1024 2368 1182 2449 ἐνεδύσατο
1205 2367 1314 2451 χορδδις

513 2471 647 2552 ύστερον,
669 2468 773 2532 δσσύκι
796 2471 902 2532 κύκνοι
925 2463 967 2530 bl
993 2467 1149 2532 ὠδίνεσσιν
1172 2467 1284 2531 ύεισαν.

335 2575 492 2635 Videmus
514 2571 547 2634 τὸ
570 2573 678 2649 αἴτιον,
703 2573 788 2634 unde
812 2575 924 2634 autem
946 2572 1065 2633 habeat
1086 2575 1182 2648 poeta
1205 2573 1404 2649 ignoramus.
1428 2573 1568 2635 Temere

290 2678 344 2739 ille
374 2677 496 2753 fingere
526 2691 591 2735 non
622 2675 707 2736 solet
736 2675 817 2735 talia
847 2689 929 2748 quae
965 2690 1040 2735 cum
1075 2674 1244 2734 doctorum
1275 2674 1483 2750 opinionibus
1515 2678 1566 2738 ad·

289 2795 386 2840 versa
419 2779 525 2839 fronte
560 2777 714 2851 pugnant.
751 2776 870 2850 Lyram
903 2791 967 2836 non
999 2775 1114 2836 statim
1144 2778 1272 2851 septem
1303 2775 1433 2837 chordis
1462 2777 1567 2839 fuisse

290 2883 441 2941 ornatam
463 2879 520 2940 sed
544 2877 725 2951 antiquitus
748 2875 939 2955 τετράχορδον
962 2876 1065 2937 fuisse
1088 2877 1185 2953 vulgo
1209 2876 1427 2952 opinabantur
1450 2878 1567 2940 Graeci

290 2982 523 3056 vulgatumque
546 2980 585 3039 de
608 2994 647 3039 ea
669 2994 704 3039 re
728 2979 913 3054 opinionem
937 2979 1058 3055 profert
1082 2978 1196 3039 Strabo
1220 2979 1309 3039 XIII.
1329 2995 1360 3054 p.
1385 2979 1466 3040 618:
1493 2982 1566 3041 Ter-

290 3084 450 3157 pandrum
484 3090 602 3159 πρῶτον
637 3077 703 3140 ἀντὶ
736 3088 787 3158 τῆς
822 3080 1016 3160 τετραχόρδου
1050 3081 1142 3159 λύρας
1176 3077 1346 3166 ἕκταχόρδμ
1376 3081 1568 3160 χρησάμενον

288 3183 427 3262 καθάπερ
450 3179 501 3242 καλ
524 3179 556 3241 ἐν
578 3186 639 3253 τοῖς
663 3178 899 3260 ἀναφερομένοις
915 3178 1023 3241 ’ἔντεσιν
1047 3181 1088 3254 εἰς
1112 3179 1205 3242 αὐτὸν
1228 3180 1348 3261 λέγεται

512 3279 571 3344 zoi
593 3277 621 3343 δ’
649 3277 731 3360 ἡμεῖς
754 3281 934 3364 τετρύγηρυν
957 3278 1185 3362 ἇκοστέρξαντες
1208 3280 1317 3344 ἀοιδδιν

512 3381 660 3468 ἕτετατύνῳ
684 3383 827 3465 φόρμιγγι
848 3380 936 3456 νέους
958 3383 1158 3462 κελαδήσομεν
1182 3384 1306 3462 ὕμνους.

289 3467 411 3563 Quibus
451 3489 564 3548 tamen
613 3486 847 3546 adversabatur
880 3486 1024 3560 hymnus
1058 3487 1243 3548 homericus
1278 3487 1312 3546 in
1346 3487 1567 3550 Mercurium:

243 3625 246 3632 ·
288 3590 408 3664 Lyram
444 3603 486 3649 ex
515 3588 679 3648 testudine
710 3585 884 3648 artiliclose
914 3603 1111 3664 componens
1146 3589 1226 3649 deus
1256 3589 1373 3650 ceteris
1405 3591 1569 3652 confectis

288 3693 439 3752 omnibus
463 3697 522 3761 (VS.
537 3692 589 3762 51)
617 3686 707 3765 „turb
731 3684 763 3748 δὲ
786 3688 968 3765 συμφώνους
991 3685 1062 3751 ὀΐων
1083 3687 1262 3752 ἐτανύσσατο
1278 3691 1419 3770 χορδύς”.
1444 3693 1568 3755 Aucto·

287 3795 421 3854 ritatem
460 3793 559 3868 igitur
596 3807 679 3865 quae
716 3792 746 3851 ei
778 3791 940 3864 antiquior
971 3793 1151 3869 videbatur,
1183 3793 1216 3860 in
1244 3793 1401 3868 temporis
1435 3795 1569 3856 ratione

291 3970 509 3978 ——m

322 4085 342 4152 ¹)
360 4089 509 4148 Oompararl
534 4087 698 4145 aliquatenus
720 4086 769 4133 boo
792 4087 925 4133 inventum
950 4088 1036 4146 potest
1058 4099 1116 4135 curn
1134 4086 1330 4134 Athenienslum
1347 4086 1437 4134 tabula
1456 4091 1521 4152 qui,
1540 4095 1572 4138 ut

288 4167 408 4228 Deliaoaa
437 4167 569 4226 dignItatis
594 4169 695 4227 purtem
720 4166 849 4226 quandam
875 4166 975 4213 Atticae
1001 4168 1163 4226 arrogarent,
1189 4166 1328 4213 narrabant
1351 4171 1570 4227 promunturium

289 4253 404 4312 Ζωστῆρα
425 4246 484 4294 inde
506 4260 599 4294 nomen
617 4245 748 4306 accepisse
766 4244 835 4305 quod
853 4245 890 4292 ibi
907 4245 1006 4292 Latona
1024 4248 1121 4293 λλύοατο
1138 4245 1179 4305 τὴν
1196 4247 1274 4306 cuum,
1291 4259 1321 4293 ao
1340 4246 1400 4294 inda
1417 4250 1515 4307 postea
1534 4252 1569 4298 ab

287 4327 387 4375 Athena
403 4327 518 4374 Pronoea
536 4327 562 4373 in
580 4325 691 4373 insulam
707 4324 788 4372 Delon
807 4323 918 4372 deducta
935 4326 1011 4371 esset.
1029 4324 1067 4372 (li.
1082 4324 1205 4384 Hyperid.
1220 4324 1251 4371 ir.
1261 4325 1292 4372 'lo
1310 4321 1413 4390 (Blaas.)
1428 4331 1455 4374 et
1470 4328 1569 4391 Stepb.

278 4389 347 4467 Lyn.
367 4408 382 4453 i.
401 4419 423 4452 v.
443 4411 548 4471 Ζωοτὴρ.
567 4403 625 4453 δαῖε
646 4407 732 4452 autam
750 4404 865 4451 Athenae
884 4407 1000 4467 Προνοίας
1020 4416 1123 4450 sacrum
1139 4403 1166 4450 in
1180 4402 1266 4450 luanla
1279 4401 1345 4452 Delo
1363 4405 1437 4453 οιιίσε
1454 4419 1569 4458 oausam

286 4500 358 4534 more
371 4499 419 4533 auo
436 4486 511 4545 longe
530 4485 688 4533 subtiliorem
707 4483 779 4532 dedit
796 4482 942 4530 Macrobius
959 4482 979 4528 1.
999 4483 1038 4529 l'l.
1055 4482 1098 4530 bl:
1118 4483 1184 4538 „Diu
1200 4483 1339 4531 interrenlt
1354 4483 1420 4532 Iuno
1438 4518 1462 4534 ..
1473 4521 1499 4536 ..
1520 4489 1570 4538 aad

286 4565 387 4614 divinas
405 4565 580 4627 providentiae
596 4560 661 4612 vicit
676 4564 798 4610 instantia
816 4575 881 4621 qnae
897 4561 1010 4609 creditur
1027 4561 1122 4609 inrisae
1140 4564 1251 4622 partum.
1268 4562 1331 4610 Ideo
1348 4564 1374 4610 in
1391 4564 1480 4612 insula
1499 4567 1570 4616 Delo

285 4645 318 4692 ad
336 4644 535 4693 confirmandam
553 4643 631 4691 fldem
650 4633 752 4690 fabulae
770 4641 847 4690 aedes
865 4640 1042 4688 Provldentlae
1058 4654 1136 4701 quam
1151 4642 1207 4688 ταδι
1223 4645 1339 4706 Προνολας
1352 4645 1457 4703 Ἀθηνᾶς
1470 4649 1568 4708 appol·
1638 4639 1639 4696 l

284 4725 339 4772 lant
356 4727 416 4785 apta
433 4723 557 4782 religione
575 4723 746 4770 celebratur.’'

516 1247 678 1329 ἕβδομύκις
700 1247 767 1329 περὶ
790 1253 907 1330 Δῆλον,
929 1248 1072 1330 ἐπήοισύν
1095 1273 1125 1313 τε
1147 1251 1256 1336 λοχείρ,
