3320 5432
117 545 171 604 lv,
199 545 371 606 aua-231
723 551 782 608 167

113 751 200 797 care.
225 736 284 798 Rei
306 737 389 796 satis
411 739 506 798 notae
533 752 635 797 unum
659 736 844 811 exemplum
869 738 1003 798 afferam
1029 740 1127 812 atque
1150 737 1181 798 id
1203 736 1388 798 luculentis·

113 838 251 915 simum,
276 838 474 913 euripideum
498 838 575 899 illud
600 854 641 899 ex
663 837 795 900 Bocctta
817 843 876 910 (vs.
908 840 1004 910 1134)

651 936 735 1019 ἔφερε
760 935 787 1000 δ’
815 936 833 1018 ἢ
857 936 911 1019 μὲν
935 937 1048 1018 ὠλένην

428 1038 447 1120 ἦ
472 1036 499 1102 δ’
526 1041 607 1120 ἴχνος
631 1040 735 1114 αὐταῖς
759 1038 912 1122 ἀρβύλαις.

160 1145 305 1206 Eundem
340 1145 421 1204 satis
455 1144 657 1218 frequentem
689 1159 786 1205 usum
815 1146 1011 1220 tragicorum
1036 1145 1183 1219 sequitur
1205 1158 1331 1217 quoque
1354 1143 1386 1202 in

112 1249 177 1308 hac
211 1247 282 1322 ipsa
314 1261 390 1307 voce
422 1245 640 1306 Callimachus
671 1247 703 1306 in
732 1248 873 1308 secundo
900 1248 1022 1320 hymno
1055 1250 1114 1318 (νε.
1142 1249 1193 1316 12)
1224 1262 1299 1306 cum
1322 1261 1386 1305 mo-

113 1351 173 1410 net
201 1349 382 1424 choreutae,
417 1363 458 1408 ne
491 1363 603 1408 eorum
627 1349 671 1409 sit
707 1345 850 1424 ,deoque
873 1348 986 1428 ἴχνος”,
1010 1349 1065 1423 qui
1088 1365 1168 1410 usus
1191 1349 1388 1410 substantivi

113 1451 237 1526 optime
261 1450 411 1510 convenit
433 1464 507 1510 cum
532 1450 679 1511 eiusdem
703 1450 862 1526 Euripidis
889 1451 982 1513 Crem
1006 1466 1054 1511 νε.
1079 1451 1141 1512 140
1165 1448 1288 1528 ,leuato
1307 1449 1387 1528 ἴχνος

114 1549 250 1631 ἀρβύλης
271 1551 376 1628 τίθετε,
398 1548 439 1628 μὴ
464 1551 628 1613 necarive&
654 1552 913 1628 Quotiescunque
937 1569 1013 1615 vero
1037 1555 1148 1614 noster
1170 1568 1208 1614 eo
1233 1552 1386 1613 vocabulo

114 1669 180 1715 non
199 1654 297 1728 pedes
319 1654 377 1714 aut
394 1653 502 1728 ipsum
521 1654 604 1733 βῆμα
624 1654 765 1715 indicare
791 1655 870 1731 vult,
893 1671 1006 1716 verum
1025 1655 1290 1730 ocatipicpedum,
1304 1654 1388 1716 solet

113 1756 220 1816 dicere
243 1754 338 1832 ἴχνιον
359 1753 448 1832 ἴχνια,
471 1755 509 1815 de
533 1771 598 1829 qua
625 1755 730 1816 forma
753 1771 856 1831 pauca
878 1757 946 1817 dixi
970 1772 1041 1832 pag.
1068 1758 1118 1818 73.

159 1857 215 1916 Vs.
230 1856 293 1917 228
313 1857 446 1917 Iunonis
465 1858 601 1918 thronus
617 1858 723 1919 dictus
747 1859 798 1919 est
824 1863 978 1937 Ι,χρυσεῖον
998 1855 1209 1918 ἐδέθ1ιον”
1227 1873 1310 1932 quae
1323 1871 1386 1919 vox

112 1972 178 2018 non
201 1957 365 2018 homerica
382 1959 443 2034 est,
463 1959 521 2019 sed
540 1961 651 2020 tamen
671 1959 710 2020 ad
731 1959 968 2021 homericorum
990 1961 1219 2022 vocabulorum
1236 1975 1385 2021 normam

111 2059 262 2119 formata.
296 2057 496 2133 Cognoverat
531 2061 619 2121 enim
652 2061 814 2123 Homerus
850 2057 1019 2138 θέμεθ1ον;
1053 2063 1219 2136 cognitum
1254 2061 1386 2136 tragicis

111 2162 184 2220 erat
207 2156 366 2239 γένεθλονς
396 2161 558 2223 Hesiodus
584 2158 721 2240 „tzitta”
742 2162 878 2239 dixerat,
899 2179 942 2224 ex
962 2179 1025 2237 quo
1048 2161 1207 2226 Nicander
1225 2165 1299 2224 ther.
1320 2163 1385 2223 825

112 2262 212 2323 habet
234 2258 370 2340 ἐχέτλιον,
388 2265 422 2323 01
441 2264 512 2324 0100
533 2264 718 2325 discrimine
738 2265 891 2325 adhibent
910 2267 978 2326 tam
992 2266 1102 2326 noster
1114 2281 1212 2340 quam
1234 2264 1386 2338 aequales

112 2365 289 2437 utramque
312 2364 452 2426 formam
476 2363 602 2426 ἔδεθλον
626 2368 658 2426 01
682 2363 826 2427 idicirco.
850 2366 1089 2441 Significatione
1116 2367 1196 2428 nihil
1219 2366 1386 2427 distenta

112 2466 253 2541 simplici
287 2467 393 2528 forma
429 2463 495 2538 13ος
522 2461 553 2544 ¹),
583 2470 619 2528 at
647 2468 777 2543 placent
809 2468 1038 2531 Alexandrinis
1069 2470 1192 2531 formae
1215 2469 1384 2543 pleniores.

111 2569 163 2628 Ita
196 2565 322 2629 ἔδεθλον
352 2569 453 2630 habes
483 2570 524 2630 11.
551 2572 602 2646 72,
631 2570 785 2645 Lycophr.
811 2570 886 2647 887,
919 2571 1065 2647 Apollon.
1098 2572 1199 2632 Rhod.
1223 2569 1277 2631 IV.
1302 2571 1383 2644 330;

111 2667 249 2730 ἕδέθλιον
274 2672 372 2732 —in
405 2686 468 2744 quo
499 2672 654 2734 vocabulo
685 2673 887 2734 deminutiva
918 2673 1024 2734 forma
1046 2687 1179 2733 omnem
1202 2671 1271 2731 vim
1294 2671 1384 2746 depo·

111 2773 180 2833 suit
194 2806 234 2816 —
248 2775 358 2834 nostro
381 2773 451 2834 loco
474 2774 507 2834 01
529 2774 570 2835 Il.
596 2775 648 2850 62,
672 2775 827 2848 Lycophr.
849 2774 923 2850 800,
947 2774 1092 2849 Apollon.
1113 2774 1214 2834 Rhod.
1235 2772 1289 2852 lV.
1309 2775 1383 2834 631.

155 2871 211 2934 Vs.
237 2875 300 2936 229
334 2874 440 2936 lucide
474 2874 676 2936 demonstrat
708 2876 793 2949 quod
825 2876 921 2937 verbo
952 2877 1017 2936 iarn
1047 2875 1159 2937 notavi
1189 2890 1261 2950 pag.
1286 2875 1327 2936 68
1352 2878 1385 2937 01

111 2976 165 3051 99,
197 2975 379 3046 (011159
411 2973 615 3055 ἀγρώσσουσα)
647 2992 710 3038 non
742 2977 932 3038 distinxisse
962 2980 1110 3039 nostrum
1135 2975 1384 3056 101010οθήρη

109 3075 248 3154 θηρητής
266 3077 388 3155 {inperite
412 3078 445 3138 01
465 3073 540 3157 ἄγρη
564 3074 709 3158 ἆγρευτηρ
732 3075 856 3158 &ypolite
880 3079 1029 3153 Neglexlt
1049 3079 1148 3153 igitur
1166 3093 1241 3139 cum
1254 3078 1384 3152 scripto-

110 3179 200 3240 ribus
231 3179 350 3240 Atticis
378 3179 411 3241 id
441 3181 524 3253 quod
556 3181 640 3255 apud
672 3180 853 3242 Homerum
876 3184 1025 3243 constare
1049 3181 1176 3242 videtur
1199 3179 1384 3241 discrimen.

110 3280 173 3341 Hie
202 3281 291 3342 enim
321 3297 396 3342 cum
427 3304 455 3358 ρ.
487 3283 552 3343 330
583 3278 698 3362 »ἄγρην
730 3279 914 3358 ἐφέπεσκον”
947 3283 1094 3359 dixisset,
1128 3281 1244 3342 adiecit
1279 3280 1386 3359 »ἰχθῦς

111 3377 238 3458 ὄρνιθάς
260 3383 328 3461 τε”;
353 3383 554 3460 111101010οο,
578 3407 602 3462 χ.
627 3386 691 3446 306
719 3383 873 3462 ηχαίρουσι
896 3380 929 3443 δέ
953 3378 973 3442 τ’
992 3379 1093 3460 ἀνέρες
1113 3378 1210 3467 tte-pff
1235 3397 1299 3444 non
1322 3384 1387 3444 nisl

111 3483 151 3543 de
163 3483 272 3544 001000
292 3483 465 3556 (falconum
478 3486 610 3557 auxilio)
624 3486 720 3561 captis
733 3486 833 3560 accipi
845 3481 922 3565 ἄγρη
934 3485 1051 3560 potest.
1065 3484 1173 3545 Etiam
1185 3506 1206 3544 ε.
1220 3487 1261 3546 53
1278 3484 1385 3562 ,ἰχθῦς

110 3582 294 3663 &pactast
328 3586 540 3664 demonstrat,
572 3589 701 3663 poetam
734 3603 753 3647 a
785 3588 881 3649 verbo
908 3583 1009 3666 ἀγρεῖν
1032 3586 1064 3646 id
1096 3586 1258 3662 derivare;
1282 3601 1386 3660 neque

110 3702 255 3760 unquam
290 3687 341 3748 liis
372 3687 479 3749 verbis
510 3704 590 3749 usus
614 3691 675 3766 est,
700 3704 775 3750 cum
800 3690 957 3763 cogitaret
981 3689 1020 3749 de
1044 3703 1082 3749 ea
1106 3688 1277 3749 venatione
1302 3701 1385 3760 quae

112 3789 145 3848 vi
164 3787 222 3850 liat
245 3791 279 3848 01
304 3789 415 3850 armis.
441 3788 659 3851 Callimachus
682 3805 759 3850 vero
783 3792 816 3851 et
840 3790 892 3851 hic
916 3791 954 3851 de
978 3790 1099 3851 Dianae
1124 3785 1200 3872 ἄγρη
1223 3787 1322 3848 simul
1346 3803 1384 3848 ac

109 3889 149 3951 de
183 3905 264 3951 cane
297 3891 460 3974 θηρητείρᾳ
492 3892 559 3966 aglt
589 3895 622 3953 et
645 3893 685 3954 ΙΙ.
711 3892 753 3953 59
777 3892 884 3967 ipsam
908 3893 1004 3953 deam
1028 3891 1234 3952 Venatricem
1259 3889 1383 3950 inducit

112 3987 336 4070 ἄγρώσσουσαν.

154 4093 280 4155 Dicitur
291 4096 402 4155 autem
415 4098 474 4165 (vs.
489 4094 563 4165 231)
576 4095 666 4156 canis
678 4094 813 4156 arrectis
826 4094 957 4155 auribus
969 4093 1115 4154 adsidere
1127 4108 1257 4168 semper
1268 4095 1382 4168 parata

109 4199 204 4272 θεῆς
236 4192 462 4274 ὑποδέχθαι
497 4191 683 4273 ὁμοκλήν.
706 4196 750 4255 In·
779 4194 896 4268 quibus
920 4196 979 4255 hoc
1006 4195 1149 4270 primum
1172 4196 1382 4272 monendum,

109 4313 184 4358 eam
220 4297 288 4357 vim
321 4312 420 4371 quam
455 4312 540 4358 nunc
575 4297 672 4357 verbo
707 4293 907 4374 ὑποδέχεσθαι
942 4297 1056 4357 tribuit
1091 4295 1318 4374 Callimachus,
1351 4297 1383 4357 in

108 4400 243 4474 antiqua
275 4397 414 4460 dictione
445 4399 535 4474 epioe
565 4397 597 4458 id
629 4399 764 4458 verbum
791 4412 855 4457 non
879 4397 1033 4458 obtinere.
1068 4396 1178 4470 Neque
1202 4399 1288 4459 recte
1313 4412 1383 4459 con·

108 4501 185 4562 ierri
205 4500 326 4575 poterit
344 4499 476 4562 Hesiodi
503 4498 651 4575 ltcopoa.
673 4500 737 4560 419
761 4499 817 4560 ubi
840 4499 915 4558 deus
940 4498 1057 4560 dicitur
1080 4499 1249 4560 hominum
1275 4497 1384 4576 ,cdxliv

144 4717 166 4786 ¹)
184 4721 225 4770 ol.
243 4723 330 4770 tamen
347 4719 380 4768 ad
396 4719 431 4768 11.
450 4720 490 4770 01.
