3104 5286
682 459 742 520 141

71 646 145 722 quis
176 645 287 707 credat
316 649 448 721 poetam
481 649 574 707 caute
603 649 634 706 et
659 647 756 707 anxie
780 648 935 722 cuiusque
958 647 1020 708 loci
1044 647 1168 708 cultum
1192 647 1346 720 antiquis·

72 751 196 809 simum
231 747 471 822 explorantem,
498 763 536 807 33
565 749 760 821 praesertim
791 749 825 807 in
856 749 981 823 patriae
1011 750 1126 808 sancta
1153 748 1348 820 antiquitate

73 852 222 926 piissime
256 864 387 924 semper
421 851 605 922 versatum,
642 864 728 908 nunc
762 865 882 910 novam
914 851 1094 910 obtrusisse
1125 849 1250 909 civibus
1279 850 1349 908 suis

73 951 219 1011 fabulam
250 966 313 1023 qua
340 949 568 1009 inclaresceret
602 964 677 1010 cum
707 951 1027 1025 Apolline-Euergete
1058 964 1143 1009 nova
1170 951 1228 1010 illa
1256 950 1348 1010 Bere·

75 1052 294 1126 nice-Cyrene.
324 1053 368 1111 At
399 1053 469 1111 esto
476 1070 484 1124 ;
516 1051 675 1111 indicetur
706 1050 848 1126 Cyrenes
880 1053 1012 1112 nomine
1042 1052 1134 1125 virgo
1165 1051 1221 1111 illa
1250 1065 1349 1124 quarn

75 1156 171 1228 poeta
198 1156 395 1228 cognoverat
428 1170 468 1227 ,c
493 1169 598 1228 parvo
626 1154 746 1228 virgine
781 1156 1059 1230 magnanimum,”
1092 1156 1162 1214 esto
1194 1151 1267 1212 λέων
1295 1153 1350 1214 ille

76 1257 157 1332 βοῶν
188 1255 264 1326 σίνος
296 1254 490 1332 Εὐρυπύλοιο
520 1255 707 1315 Demetrius
731 1251 746 1313 ὁ
770 1254 859 1326 καλὸς
880 1257 951 1316 3111.
977 1256 1090 1315 Nonne
1110 1255 1233 1314 insulse
1252 1255 1350 1315 homo

77 1358 222 1417 incestus
241 1357 359 1416 dicitur
376 1356 458 1434 βοῶν
482 1354 581 1426 sivae?
605 1356 772 1430 Quaenam
794 1373 894 1417 vacca
918 1357 1139 1431 intellegitur?
1166 1357 1206 1416 Et
1229 1356 1258 1415 si
1276 1356 1352 1428 quid

78 1457 210 1517 valeant
243 1457 323 1517 haec
357 1458 492 1517 inventa
525 1472 632 1516 nonne
667 1459 794 1532 oportet
828 1459 963 1518 indicari
999 1459 1071 1530 quis
1106 1457 1166 1517 sub
1197 1456 1352 1530 Eurypyli

77 1574 216 1632 persona
233 1559 359 1619 lateat?
380 1559 540 1633 Oedipode
559 1559 744 1632 sagaciores
764 1559 953 1620 Callimachi
983 1560 1147 1619 auditores
1174 1558 1235 1618 sibi
1259 1557 1353 1632 lingit

77 1661 133 1732 qui
155 1659 235 1719 talia
257 1660 415 1720 inveniat.
436 1659 513 1718 Mihi
533 1659 664 1732 quidem
682 1660 778 1734 longe
800 1661 927 1720 videtur
946 1660 1088 1720 similius
1108 1675 1198 1734 vero,
1218 1660 1352 1719 iamdiu

78 1763 155 1820 ante
178 1760 261 1835 apud
286 1761 480 1834 Cyrenaicos
504 1761 662 1821 creditum
686 1762 787 1821 fuisse
818 1761 965 1836 Cyrenen
995 1762 1175 1836 nympham
1207 1762 1353 1821 eiusdem

78 1861 289 1935 fortitudinis,
318 1876 381 1935 qua
403 1862 482 1921 olim
506 1863 548 1927 in,
562 1860 733 1921 Thessalia
755 1861 976 1936 inclaruisset,
998 1863 1117 1932 iterum
1138 1862 1265 1922 dedisse
1284 1878 1353 1937 spe·

80 1964 188 2022 cimen
223 1977 298 2022 curn
336 1963 375 2022 ab
410 1962 559 2037 Apolline
594 1962 691 2021 ducta
719 1966 808 2022 esset
838 1964 871 2024 in
900 1979 974 2024 earn
1005 1963 1170 2037 regionem
1201 1979 1283 2036 quae
1318 1965 1355 2023 ut

80 2065 213 2125 leonum
237 2064 327 2123 arida
349 2064 462 2123 nutrix
485 2062 660 2122 aPindaro
685 2079 810 2137 quoque
833 2066 1045 2139 memoratur,
1074 2064 1160 2124 baud
1184 2065 1357 2125 dissimilia

82 2165 229 2225 narranti
252 2165 291 2224 de
314 2164 435 2239 Libyae
458 2165 606 2224 leonibus
629 2164 718 2224 Batti
742 2180 820 2225 voce
844 2165 1030 2225 conterritis
1052 2164 1141 2241 Phys.
1165 2166 1202 2226 V.
1217 2168 1258 2226 76

573 2265 673 2325 κεῖνόν
694 2287 727 2346 γε
748 2264 799 2326 καὶ
821 2268 1011 2346 βαρύκομποι

306 2363 421 2438 λέοντες
443 2363 511 2444 περί
534 2364 648 2444 δείματι
671 2368 788 2447 φύγον,

306 2470 442 2546 γλῶσσαν
465 2464 531 2526 ἐπεί
551 2485 624 2544 σφιν
647 2466 802 2530 ἀπένεικεν
825 2467 1041 2548 ὑπερποντίαν,

310 2564 325 2627 ὁ
350 2562 378 2627 δ’
404 2565 564 2647 ἀρχαγέτας
588 2567 671 2629 ἔδωκ’
699 2569 845 2631 Ἀπόλλων

307 2674 407 2747 θῆρας
431 2668 506 2752 αίνῷ
530 2669 625 2754 φόβῳ.

85 2775 207 2834 Eodem
238 2771 337 2846 igitur
367 2772 464 2831 modo
488 2787 550 2846 quo
575 2773 758 2847 Minyarum
781 2777 916 2849 nepotes
940 2774 1134 2835 Thessalum
1158 2774 1360 2850 Eurypylum

85 2876 148 2935 sibi
170 2875 238 2933 iam
262 2872 316 2931 diu
339 2874 415 2932 ante
439 2871 629 2934 Callimachi
649 2877 797 2950 tempora
816 2876 1023 2951 adrogarent,
1054 2874 1198 2949 Cyrenae
1217 2892 1360 2952 pugnam

87 2978 126 3037 ab
157 2977 198 3035 iis
229 2975 263 3034 in
290 2988 408 3033 novam
434 2974 597 3049 nymphae
625 2977 766 3050 patriam
789 2979 1047 3052 transportatam
1070 2991 1143 3036 3333
1166 2979 1360 3052 putaverim.

88 3079 177 3155 Quod
199 3078 286 3137 idem
309 3076 445 3149 suadere
470 3076 598 3135 videtur
616 3078 795 3152 Apollonus
814 3079 959 3138 Rhodius
978 3079 1033 3152 qui
1054 3078 1250 3152 11500333.
1271 3079 1361 3139 brevi

88 3195 254 3255 exponens
276 3177 448 3236 historiam
473 3175 614 3250 Cyrenes
637 3180 725 3238 tacet
747 3179 786 3239 de
806 3195 914 3254 pugna
933 3194 1008 3239 curn
1027 3179 1119 3239 leone
1139 3179 1173 3237 in
1193 3178 1363 3240 Thessalia

88 3283 167 3343 olim
191 3282 278 3340 13313
300 3281 335 3338 31
357 3278 454 3338 verbo
478 3276 641 3351 significat
663 3295 716 3338 res
740 3281 772 3339 in
796 3280 899 3354 Libya
922 3282 1033 3355 gestas
1058 3295 1105 3339 vs.
1132 3279 1196 3339 508

311 3377 364 3455 τὴν
388 3374 442 3455 μὲν
464 3376 520 3457 γὰρ
544 3377 678 3455 φιλότητι
701 3380 938 3456 &regnatricem
963 3382 1087 3456 νύμφην

313 3478 407 3540 αὐτοῦ
431 3476 606 3556 μακραίωνα
629 3477 679 3538 καὶ
703 3477 875 3559 ἀγρότιν.

90 3584 272 3645 venatricis
295 3582 394 3656 igitur
416 3581 519 3655 gloria
542 3583 636 3640 ornat
659 3582 800 3642 amicam
825 3583 939 3658 Apollo
955 3585 1123 3656 postquam
1142 3584 1250 3657 rapuit
1268 3585 1365 3657 inque

91 3688 228 3760 Libyam
253 3699 327 3744 eam
350 3682 548 3742 transduxit.

135 3787 236 3848 Multo
278 3785 372 3860 plura
400 3799 438 3843 ac
476 3799 710 3858 saepenumero
742 3785 915 3844 audaciora
946 3798 1047 3857 quam
1077 3783 1170 3859 haec,
1209 3802 1292 3860 quae
1328 3788 1366 3847 de

91 3890 245 3951 Berenice
265 3886 465 3961 excogitavit
484 3885 693 3959 Studniczlra,
720 3884 790 3944 eius
810 3884 960 3960 exemplo
981 3884 1109 3945 incitati
1128 3884 1184 3946 alii
1204 3889 1267 3947 viri
1282 3889 1367 3948 docti

92 3991 335 4064 elucubraruut,
378 3989 415 4046 ut
452 4001 538 4046 nova
579 3986 812 4061 interpretandi
850 3986 976 4046 ratione
1010 3989 1159 4062 tempora
1193 4004 1245 4048 res
1281 3989 1369 4049 13313

92 4092 221 4169 imperii
241 4090 437 4165 Lagidarum
457 4086 668 4147 illustrarent.
690 4085 749 4161 Qui
769 4086 798 4146 si
818 4086 1017 4147 Callimacho
1037 4088 1103 4148 tale
1120 4089 1196 4161 quid
1208 4089 1366 4164 tribuant,

92 4199 182 4257 utin
202 4193 384 4269 principum
405 4190 546 4264 gratiam
564 4189 761 4248 immutasse
781 4189 936 4249 traditam
955 4190 1192 4264 mythologiam
1207 4190 1369 4264 putandus

93 4298 153 4373 sit,
178 4295 328 4370 equidem
344 4306 473 4365 semper
484 4290 679 4364 refragabor,
693 4291 722 4350 si
734 4292 845 4350 autern
859 4289 1095 4351 Callimachum
1116 4293 1284 4365 acceptam
1296 4293 1369 4351 sibi·

94 4415 156 4474 que
175 4397 345 4473 probatam
366 4391 604 4466 mythologiam
624 4391 664 4450 ad
681 4407 795 4465 regum
815 4390 903 4451 facta
923 4392 1072 4466 vitasque
1092 4393 1145 4452 hic
1163 4393 1230 4453 illic
1247 4409 1370 4454 accom-

95 4500 228 4561 modare
252 4496 404 4570 doceant,
430 4507 563 4552 summa
585 4495 697 4552 tamen
721 4493 870 4552 cautione
894 4508 1020 4567 sequor.
1047 4495 1122 4554 Fuit
1142 4495 1230 4554 enirn
1254 4496 1287 4555 in
1311 4497 1372 4556 hoc

95 4604 193 4678 poeta
211 4600 365 4659 accurata
387 4595 563 4654 admodum
587 4593 756 4668 diligentia
774 4594 808 4654 in
827 4593 923 4654 rebus
943 4595 1063 4654 divinis
1083 4596 1276 4674 tractandis,
1290 4612 1373 4671 quae
