3068 5288
688 467 728 535 19

66 680 142 724 cum
162 678 214 723 rs.
236 663 301 722 481
326 663 372 722 ita
394 663 591 738 acciperent,
614 663 651 722 ut
675 662 787 722 lovem
811 661 877 722 iam
902 661 1017 720 natum
1041 661 1185 720 amatre
1205 659 1344 733 Lyctum

67 768 191 842 portari
223 767 366 839 doceret,
399 765 570 825 videbatur
599 764 762 825 Hesiodus
793 765 832 824 de
863 764 932 838 ipso
964 764 1059 838 partu
1081 762 1166 823 ultro
1191 761 1344 822 tacuisse.

68 869 119 928 lta
150 866 342 943 Apollonius
365 866 509 926 Rhodius
533 880 658 939 quoque
680 865 731 925 bis
754 866 924 926 Dictaeum
947 864 1060 924 Iovem
1078 878 1280 939 memorans,
1306 863 1345 922 de

68 970 211 1044 pueritia
241 969 273 1028 in
302 970 394 1028 antro
426 966 572 1027 Cretensi
601 969 732 1042 peracta
762 967 909 1042 pluribus
939 965 1088 1026 versibus
1117 966 1261 1040 disserit,
1294 978 1344 1023 ve·

70 1087 144 1130 rum
169 1072 285 1129 natum
309 1084 434 1143 quoque
457 1082 530 1127 esse
554 1068 650 1127 deum
675 1069 707 1127 in
732 1067 788 1127 illa
810 1067 918 1127 insula
940 1083 1004 1127 non
1028 1065 1180 1127 affirmat.
1202 1068 1222 1136 ¹)

114 1172 154 1231 In
178 1187 214 1230 re
237 1174 308 1230 tarn
331 1170 489 1230 dubia-
510 1183 587 1228 narn
608 1168 671 1228 alio
692 1184 817 1242 quoque
840 1167 1019 1242 vergebant
1041 1168 1222 1229 doctiorum
1245 1168 1346 1227 homi·
1398 1164 1402 1172 '

71 1289 151 1333 num
172 1272 354 1348 opiniones,
372 1270 474 1330 veluti
486 1269 629 1345 Eumeli,
650 1269 770 1343 Lydiae
782 1270 869 1330 bunc
880 1270 1037 1330 bonorem
1049 1269 1245 1329 vindicantis
1259 1263 1291 1344 ²),
1307 1303 1346 1314 —

72 1374 273 1435 Callimacho
307 1373 466 1434 audienda
501 1372 653 1431 videntur
687 1372 758 1447 ipsa
797 1372 942 1433 locorum
980 1371 1180 1432 testimonia.
1211 1372 1350 1432 Arcadia

72 1478 186 1536 autem
209 1475 409 1535 testimoniis
432 1471 626 1547 abundabat,
651 1475 685 1532 et
707 1472 837 1533 valebat
860 1475 937 1533 tunc
957 1488 1083 1547 quoque
1102 1473 1141 1533 de
1161 1489 1200 1533 ea
1219 1474 1349 1548 regione

73 1577 160 1637 idem
180 1575 267 1651 qnod
287 1576 341 1635 diu
360 1580 435 1651 post
453 1576 633 1637 Pausanias
653 1575 847 1636 affirmavit:
872 1575 1004 1652 ,adnue
1021 1572 1075 1654 μὲν
1088 1567 1144 1636 οὖν
1163 1576 1349 1655 καταριθμή-

74 1683 186 1737 σασθαι
209 1674 261 1736 καί
283 1674 514 1755 προθυμηθέντι
537 1673 670 1755 ἄπορον,
693 1673 797 1737 ὁπόσοι
820 1675 943 1738 θέλουσι
964 1674 1105 1756 γενέσθαι
1128 1675 1178 1736 καὶ
1199 1685 1349 1755 τραφῆναι

74 1777 154 1857 παρὰ
177 1777 264 1855 σφίσι
288 1776 367 1836 Δία”
392 1779 456 1848 (IV.
482 1781 534 1840 33.
556 1784 598 1856 1),
624 1780 681 1840 sed
704 1781 738 1838 in
761 1781 832 1855 ipsa
855 1780 995 1840 Arcadia
1016 1781 1209 1855 praesertim
1232 1779 1350 1854 Lycaei

74 1883 197 1943 montis
217 1881 365 1956 regiones
385 1882 469 1942 banc
489 1882 528 1943 ob
549 1897 619 1942 rem
638 1883 786 1942 sacratae
806 1884 908 1942 erant.
930 1882 999 1957 Qua
1011 1883 1122 1941 autem
1143 1884 1193 1941 est
1213 1881 1247 1941 in
1258 1896 1352 1941 sacra

75 1984 271 2059 geographia
302 1983 481 2044 eruditione
511 1986 544 2043 et
575 1984 742 2058 diligentia
772 1986 869 2058 poeta
896 1983 1080 2043 accuratius
1103 1981 1211 2058 paullo
1241 1982 1350 2042 locum

75 2085 181 2160 ipsum
214 2085 349 2159 indicat,
379 2099 440 2144 sua
462 2099 587 2158 quoque
611 2086 719 2144 aetate
743 2083 903 2143 inclutum
927 2084 1011 2158 apud
1034 2084 1190 2158 Arcades,
1216 2098 1264 2142 vs.
1293 2084 1349 2142 10:

300 2182 331 2244 Io
356 2183 388 2244 δέ
411 2203 442 2245 σε
467 2183 625 2268 Παρρασίρ
644 2179 720 2261 Ῥείη
743 2180 838 2261 τέκεν,
863 2175 910 2262 ἧχι
934 2184 1058 2260 μάλιστα

299 2284 383 2346 ἔσκεν
407 2283 475 2364 ὄρος
498 2285 642 2362 θάμνοισι
666 2283 853 2364 περισκεπὲς,

78 2391 192 2462 quibus
225 2389 374 2450 versibus
405 2403 469 2448 non
500 2387 604 2461 ipsam
637 2387 755 2461 Lycaei
787 2388 874 2447 lovis
905 2403 997 2448 aram
1027 2388 1173 2465 respicit,
1210 2389 1249 2448 de
1287 2402 1349 2460 quo

78 2491 145 2552 loco
181 2491 362 2552 Pausanias
393 2489 479 2548 VIII.
513 2489 565 2548 38.
588 2489 605 2547 7
642 2484 725 2563 „forr
755 2483 787 2547 δὲ
818 2485 865 2547 ἐπὶ
896 2498 931 2572 τῇ
961 2485 1038 2571 ίίκρᾳ
1068 2498 1103 2573 τῇ
1134 2486 1273 2549 ἀνωτάτω
1296 2496 1349 2547 τοῦ

79 2588 165 2668 ὄρους
188 2601 245 2672 γῆς
265 2600 361 2671 χῶμα,
382 2589 453 2661 Διὸς
473 2597 526 2649 τοῦ
548 2589 686 2649 Λυκαίου
706 2588 820 2667 βωμὸς,
842 2587 892 2649 καί
911 2586 929 2667 ἡ
951 2590 1182 2669 Πελοπόννησος
1202 2589 1237 2650 τὰ
1255 2590 1349 2651 πολλά

78 2691 154 2753 ἐστιν
190 2689 237 2752 ἀπ’
275 2691 369 2753 αὐτοῦ
403 2692 583 2767 σύνοπτος”,
618 2706 721 2765 neque
756 2692 865 2767 ipsum
895 2689 1022 2769 ἄβατον,
1049 2694 1106 2753 sed
1137 2708 1212 2752 enm
1239 2692 1348 2753 locum

79 2799 169 2857 cuius
188 2796 291 2856 situm
311 2796 397 2855 haud
420 2808 499 2854 sane
523 2794 627 2854 lucide
651 2793 804 2854 describit
826 2794 1006 2854 Pausanias
1029 2795 1142 2854 eodem
1162 2795 1267 2868 capite
1287 2794 1347 2864 §2-

121 2899 262 2959 Omnino
282 2912 347 2957 non
366 2897 500 2969 antiqua
518 2894 708 2955 testimonia
728 2895 780 2954 bic
796 2897 887 2969 sequi
900 2895 1150 2972 Callimachum,
1173 2897 1275 2957 immo
1287 2897 1347 2955 for-

78 3007 167 3062 tasse
187 3002 295 3075 ipsum
313 3000 457 3074 primum
477 2997 635 3057 Arcadiae
655 2997 809 3057 tribuisse
826 2999 948 3057 summi
968 2999 1019 3058 dei
1031 2999 1172 3073 origines
1184 2997 1350 3058 contendit

78 3103 185 3178 magis
205 3116 303 3175 quam
323 3099 560 3160 demonstravit
580 3099 629 3157 vir
648 3099 762 3158 doctus
782 3101 837 3172 qni
849 3100 887 3159 de
900 3099 996 3160 rebus
1009 3100 1166 3161 Arcadiae
1179 3099 1349 3174 diligenter

79 3206 158 3280 egit,
172 3204 224 3264 W,
245 3203 469 3262 Immerwahr.
487 3200 519 3259 Is
537 3201 570 3259 in
582 3200 662 3260 libro
676 3216 774 3274 quem
786 3202 952 3276 inscripsit
966 3202 1033 3276 ,dia
1045 3201 1135 3262 Katte
1147 3203 1214 3262 aad
1226 3201 1349 3277 Myrtea

79 3306 277 3366 Arcadiam
301 3320 331 3378 p.
357 3304 420 3364 216
444 3303 491 3362 ita
508 3302 666 3376 disputat:
693 3302 751 3377 ,ln
771 3303 826 3361 der
843 3318 963 3377 ponzen
984 3303 1165 3378 Erariblcrrp
1183 3304 1235 3363 dea
1254 3302 1349 3363 Kalli-

78 3408 205 3468 maabos
226 3405 311 3481 spielt
334 3405 382 3463 dia
404 3403 575 3478 cipantlicbe
602 3403 790 3478 Zeueyebart
814 3405 879 3464 eine
901 3422 966 3464 aar
988 3405 1231 3466 nebanedcbticbe
1251 3405 1348 3478 Rode,

78 3508 230 3569 webrend
244 3508 303 3566 dea
323 3505 508 3580 Kerapanlrt
528 3507 583 3564 der
604 3504 803 3580 Dorateliunp
819 3507 866 3566 die
880 3506 1069 3582 Entateburrp
1081 3508 1133 3567 dea
1144 3507 1349 3567 artadiscbcn

84 3608 410 3681 Waaaerreicbtbame,
429 3606 546 3682 spaciell
565 3605 612 3664 dic
632 3606 683 3665 dea
703 3606 825 3666 Flcsees
842 3606 932 3667 Neda
943 3607 1092 3682 abpiebt'’.
1106 3608 1203 3682 Tum,
1225 3608 1350 3667 adiecto

78 3711 261 3773 Pausaniae
283 3710 353 3769 loco
377 3709 462 3769 VIII.
488 3709 540 3767 38.
567 3708 667 3781 2-3,
697 3706 823 3767 efficere
846 3709 956 3769 studet
982 3711 1079 3784 ,derso
1101 3710 1166 3769 cirre
1188 3709 1351 3784 alipemein

79 3814 196 3876 ablicba
233 3812 432 3886 Verbindarrp
461 3809 608 3869 zwbcbca
632 3808 732 3883 aare,
761 3809 1028 3885 barabanpswer'sc
1056 3813 1127 3871 dem
1155 3811 1273 3887 Mytbos
1296 3812 1351 3870 der

79 3914 280 3990 Zeaepebart,
312 3914 380 3972 aad
409 3914 465 3973 der
491 3911 580 3970 Neda
603 3910 761 3985 bataad’,
787 3911 896 3985 itaque
919 3928 961 3972 ex
984 3912 1165 3985 antiquiore
1187 3912 1349 3987 Nympha-

80 4034 155 4079 rum
187 4016 276 4076 cultu
304 4014 390 4074 hunc
413 4013 626 4074 recentiorem
650 4012 803 4085 mythum
828 4013 866 4071 de
891 4013 978 4072 lovis
1001 4016 1075 4073 ortu
1098 4014 1254 4074 Arcadico
1278 4029 1350 4073 esse

115 4249 135 4311 ¹)
153 4249 270 4309 Aponon.
290 4247 350 4309 Arq.
367 4248 388 4294 1.
408 4247 535 4303 5095111.
556 4247 695 4293 lta-141.

113 4325 134 4393 2)
153 4328 254 4375 Eumeli
280 4326 311 4372 fr.
338 4327 369 4373 18
393 4321 501 4390 (Kink.):
526 4325 630 4385 Εὔμηλος
655 4328 681 4372 ot
707 4326 719 4371 d
745 4328 870 4387 Κορίνθιος
892 4325 933 4370 τὸν
956 4328 1004 4371 Δία
1028 4328 1051 4371 iv
1076 4331 1103 4388 τῇ
1127 4327 1183 4372 καθ’
1202 4330 1259 4386 ἡμᾶς
1275 4326 1352 4387 Λυδίᾳ

82 4414 198 4469 ταχθῆναι
214 4408 321 4468 βούληαι
339 4406 376 4451 καί
393 4409 481 4463 μᾶλλον
497 4406 606 4464 diptota
624 4401 670 4466 (so.
689 4418 719 4450 ex
737 4403 869 4450 Laurentii
884 4402 950 4461 Lydi
966 4404 1086 4463 opinione
1104 4405 1145 4451 oni
1162 4404 1211 4452 boc
1225 4406 1352 4464 fragmen·

82 4492 137 4535 tum
156 4480 276 4548 debetur)
299 4485 355 4531 ὅσον
374 4488 397 4530 ir
415 4488 512 4547 ἱστορίᾳ·
530 4486 562 4530 Iu
580 4486 624 4547 γὰρ
643 4485 681 4530 καί
699 4491 740 4530 νῦν
756 4483 814 4546 πρὸς
830 4491 863 4545 τῷ
881 4483 965 4546 durana
981 4491 1021 4542 τῆς
1037 4484 1171 4549 Σαρδιανῶν
1189 4488 1274 4537 πόλεως
1291 4484 1354 4547 piper

83 4568 117 4614 ὄπ’
141 4568 269 4628 ἀκρωρείας
290 4569 332 4609 τοῦ
356 4567 452 4621 Τμώλου
475 4565 545 4617 τόπος
568 4564 640 4616 dcclv,
663 4559 688 4615 ὃς
709 4564 781 4608 ndlor
799 4562 841 4618 μίν
860 4562 930 4607 Forat
948 4561 1116 4616 Arbc'l'niov‘,
1135 4570 1175 4608 νῦν
1193 4563 1218 4608 tt
1235 4579 1353 4627 παραιρο-

83 4651 163 4706 πιίσης
179 4653 210 4706 τῷ
227 4645 305 4706 χρόνῳ
321 4640 399 4696 λε’ξιως
416 4646 517 4690 Διναίου
533 4645 735 4705 προσαγορεύεται.
