3104 5296
70 483 126 544 III.
155 483 329 543 103-108
690 487 730 545 75

71 672 236 732 Homerus
269 687 449 746 numquam
484 671 641 747 adhibuit,
669 686 868 745 quamquam
892 671 990 732 habet
1013 670 1221 746 participium
1246 671 1347 730 —ut

71 775 127 834 vix
158 775 280 836 nimiae
304 773 457 834 audaciae
489 773 551 834 erit
579 773 786 849 constituere,
811 773 999 848 exemplum
1024 770 1221 833 Callimacho
1246 772 1347 833 fuisse

69 877 248 938 Pindarum
271 877 364 938 cuius
387 876 546 950 hymnum
572 875 726 950 Pythium
746 875 791 934 iv
814 875 944 951 saepius
967 876 1078 935 noster
1101 873 1242 949 respicit,
1262 889 1347 934 nuno

71 994 148 1040 vero
170 978 329 1040 imitando
360 977 522 1054 expressit
545 992 594 1038 VS.
619 978 661 1037 95
693 974 786 1053 »τάφε
809 970 838 1035 δ’
865 973 1009 1035 αὐτίκα
1031 973 1200 1047 παπτάναις
1222 972 1347 1054 ἀρίγνω-

70 1101 122 1140 τον
141 1076 295 1142 ιιέόιλον”.
310 1081 409 1143 -De
427 1079 626 1156 pronominis
644 1078 820 1155 possessivi
839 1092 902 1139 usu
922 1078 1032 1139 minus
1044 1078 1131 1139 recto
1145 1091 1229 1138 nova
1240 1076 1345 1138 dicere

70 1181 211 1245 difficile.
243 1181 470 1259 Callimachus,
499 1182 532 1243 id
565 1181 648 1256 quod
673 1181 769 1242 verbo
793 1180 861 1241 iam
885 1180 997 1242 monui
1021 1194 1092 1255 pag.
1123 1177 1347 1255 marcuerat

69 1285 165 1359 plane
199 1285 370 1346 convenire
400 1284 547 1357 interque
578 1299 615 1344 se
640 1282 835 1344 commutari
859 1276 894 1341 ὃν
918 1283 950 1342 et
974 1279 1037 1342 σόν.
1066 1279 1147 1342 (ium
1171 1281 1270 1355 igitur
1293 1295 1347 1356 pu·

71 1386 193 1448 taverit
222 1400 324 1460 aequo
354 1386 423 1447 iure
452 1401 490 1447 ao
519 1389 559 1446 A.
585 1386 649 1446 403
674 1385 797 1446 dictum
828 1385 916 1445 esset
950 1378 1102 1462 „operiens
1134 1376 1163 1442 θ’
1197 1376 1241 1463 ἄρ’
1270 1380 1347 1442 όειιιε

70 1486 146 1566 πρὸς
169 1482 206 1547 ὃν
228 1485 411 1567 μεγαλήτορα
432 1485 556 1564 θυμόν”
576 1489 609 1548 et
632 1489 663 1548 P.
680 1487 744 1546 200
769 1484 912 1563 »κινήσας
932 1483 970 1566 dor
990 1483 1067 1563 κάρη
1087 1482 1172 1563 προτὶ
1192 1479 1227 1544 ὃν
1247 1483 1347 1563 μαθή-

70 1606 142 1649 σαια
179 1586 303 1666 θυμόν”
339 1589 400 1650 sibi
434 1589 468 1649 in
498 1588 550 1649 his
583 1587 707 1650 duobus
740 1587 887 1648 versibus
918 1586 1085 1648 imitandis
1116 1586 1220 1648 dicere
1250 1586 1347 1648 licere

71 1690 215 1752 secunda
237 1705 374 1764 persona
396 1683 432 1749 ‘dv
451 1686 518 1749 ιιοιλ
537 1686 640 1767 θυμὸν
660 1686 763 1766 ἔεινιις,
782 1689 812 1749 is
831 1703 957 1763 quoque
975 1688 1009 1750 in
1029 1688 1163 1750 Homeri
1186 1688 1347 1749 codicibus

69 1792 142 1853 suis
174 1791 293 1865 legisse
327 1791 397 1852 sine
432 1790 609 1852 offensione
643 1791 723 1851 talia
753 1790 916 1865 putandus
945 1792 1006 1867 est,
1038 1788 1347 1852 velut1T174ob

71 1889 104 1953 δὲ
138 1890 245 1972 φρεσλν
278 1885 347 1976 ᾗσιν
379 1890 490 1976 ἰανθῇς
522 1893 728 1964 (ο1.α.402
753 1894 786 1954 et
808 1892 999 1967 inprimist.
1026 1893 1067 1952 27
1093 1888 1175 1952 οὔτοι
1200 1881 1347 1972 ἔγωγιῆς

70 1995 159 2077 γαίης
180 1995 312 2073 δύναμαι
332 1993 548 2075 γλυκερώτερον
567 1991 638 2056 ἄλλο
661 1991 860 2066 λδέσθαι.)-
874 1994 911 2055 In
931 1995 1079 2055 extremo
1100 2009 1197 2056 versu
1216 1991 1348 2065 ἔειπες

70 2098 157 2159 dixit
189 2097 224 2157 in
259 2097 357 2172 epicis
391 2097 486 2173 plane
518 2096 607 2158 nullo
639 2097 824 2158 discrimine
861 2098 1032 2170 utramque
1063 2097 1176 2157 acrisii
1208 2097 1348 2158 iormam

70 2199 204 2261 tolerari
234 2200 401 2275 opinatus:
435 2199 572 2260 occurrit
600 2199 688 2259 enim
719 2190 787 2258 ελιτα
819 2199 917 2274 epigr.
943 2201 984 2260 46
1009 2190 1149 2269 ο1ελιιας
1174 2199 1210 2260 V.
1237 2199 1290 2275 98,
1314 2203 1348 2258 in

70 2301 195 2375 hymno
217 2300 330 2362 Dorice
353 2301 544 2377 conscripto,
568 2300 650 2362 item
670 2300 724 2362 IV.
750 2301 813 2362 275
837 2293 941 2376 εἶσαν;
966 2302 1083 2362 ceteris
1105 2301 1186 2363 locis
1208 2300 1349 2376 praefert

69 2402 195 2463 formas
228 2400 353 2478 solitas,
386 2417 451 2464 non
481 2403 720 2477 suffragaturos
749 2402 938 2463 Aristarcho
967 2403 1023 2476 qui
1053 2402 1088 2463 in
1117 2402 1259 2465 secunda
1281 2417 1346 2478 per·

69 2518 154 2565 sona
177 2495 262 2575 ελιιας
286 2505 379 2566 οο1οο
403 2504 554 2580 probavit
578 2504 628 2575 (ad
653 2506 691 2565 A.
720 2505 803 2576 106).

118 2604 174 2666 Vs.
202 2606 263 2666 104
294 2604 547 2686 αρωτόγριον
581 2607 650 2681 ipse
677 2607 841 2668 invenisse
874 2606 1009 2667 videtur.
1042 2605 1184 2667 Oonierri
1212 2607 1349 2681 possunt

67 2708 111 2769 ab
146 2722 211 2769 una
252 2710 343 2782 parte
381 2708 546 2770 homerica
584 2706 711 2787 βοάγρια
750 2705 915 2788 ἀνδράγρια
945 2706 1101 2786 μοιχάγρια
1138 2705 1275 2786 ζωάγρια,
1308 2707 1348 2767 ab

66 2809 174 2871 altera
203 2811 295 2884 parte
325 2808 406 2870 nihil
438 2808 557 2870 melius
588 2810 739 2871 convenit
766 2825 870 2893 quam
902 2808 1120 2884 Lycophronis
1150 2807 1349 2887 ιιραιιαίχμεια

67 2918 131 2984 (vs.
159 2914 246 2988 469),
270 2914 303 2974 et
322 2913 355 2973 ni
375 2912 468 2974 fallor
492 2913 589 2974 huius
613 2913 801 2988 exemplum
824 2913 858 2973 in
882 2929 961 2974 voce
985 2926 1070 2973 nova
1093 2909 1242 2984 fingenda
1260 2924 1348 2970 secu·

68 3017 129 3076 tus
157 3016 218 3076 est.

118 3116 199 3178 (ium
220 3130 296 3177 vero
315 3116 412 3177 deam
423 3131 537 3178 cervas
557 3115 678 3193 νόσφι
698 3116 974 3196 ιιιιναόρομίης
996 3117 1089 3177 vivas
1101 3115 1225 3191 cepisse
1238 3116 1349 3176 narrat

68 3221 167 3295 poeta
194 3219 242 3279 ita
272 3217 362 3293 νόσφι
385 3223 522 3295 usurpat
545 3222 583 3279 ut
608 3234 682 3281 cum
711 3220 874 3281 homerico
898 3234 960 3279 usu
983 3219 1197 3280 recentiorem
1221 3218 1348 3280 coniun-

68 3322 128 3396 gat
161 3322 219 3381 aut
251 3321 359 3395 potius
395 3335 508 3382 vocem
541 3337 616 3382 cum
650 3323 886 3398 praepositione
919 3317 991 3381 όνευ
1024 3322 1215 3382 commutet.
1239 3320 1350 3393 Neque

69 3421 160 3484 enim
191 3421 223 3482 id
253 3422 362 3496 ipsum
392 3422 431 3483 ab
455 3421 599 3484 Homero
627 3423 780 3500 alienum,
805 3426 840 3484 at
861 3423 891 3483 is
915 3438 990 3485 cum
1014 3421 1261 3498 praepositionis
1283 3422 1349 3483 τόκα

69 3525 180 3586 locum
211 3523 335 3586 obtinet
363 3520 395 3583 τὸ
425 3523 517 3600 νόσφι
552 3539 681 3600 semper
712 3541 788 3587 cum
818 3540 974 3600 personae
1009 3525 1140 3586 nomine
1174 3524 1348 3598 coniungit.

69 3627 123 3698 (ci.
156 3628 180 3688 i.
214 3626 295 3700 348;
330 3623 354 3696 ξ.
385 3627 472 3696 451).
510 3624 680 3701 cogitabat
714 3627 853 3689 iortasse
888 3626 1107 3688 callimachus
1141 3626 1180 3687 de
1215 3626 1348 3688 Hesiodi

70 3743 170 3790 versu
215 3727 290 3802 Opp.
323 3727 363 3788 91
400 3725 528 3803 „vicem
563 3724 630 3807 ἄτερ
662 3749 690 3788 τε
721 3737 821 3788 κακῶν
855 3726 905 3788 καλ
947 3725 1015 3808 ἄτερ
1050 3732 1187 3807 χαλεποῖο
1221 3728 1348 3789 πόνοιο”

69 3833 105 3892 et
139 3829 194 3903 qui
225 3830 330 3904 magis
361 3829 462 3890 etiam
491 3830 642 3892 accedere
673 3831 713 3891 ad
746 3847 843 3892 suum
875 3846 972 3891 usum
1004 3830 1172 3892 videbatur
1204 3847 1252 3893 vs.
1287 3833 1349 3892 113

73 3930 205 4009 ,νόσφιν
235 3926 302 4010 ἄτερ
341 3953 370 3991 τε
408 3931 511 3994 πόνων
546 3931 596 3994 καλ
631 3930 759 4006 ὀιζύος.”
792 3968 831 3976 -
869 3935 980 4009 Ipsam
1014 3936 1127 3994 autem
1161 3934 1351 4012 κανοδρο-

68 4032 167 4111 μίαν
202 4032 259 4092 vix
281 4036 395 4107 poetae
431 4030 542 4108 de'bet;
567 4051 609 4095 ex
636 4035 766 4110 scriptis
790 4037 829 4096 de
855 4034 1025 4096 venatione
1049 4035 1249 4097 desumsisse
1280 4052 1349 4097 nos·

68 4138 161 4196 trum
196 4133 408 4209 probabilius:
444 4137 641 4215 ιινναδρομεῑν
678 4137 816 4197 occurrit
846 4136 879 4196 in
910 4135 1134 4211 Xenophontis
1158 4135 1350 4212 cynegetico

75 4237 132 4297 VI.
160 4236 210 4298 17.

117 4334 350 4422 ἐννεσίῃσιν
386 4339 425 4401 de
462 4340 595 4402 Iunonis
630 4339 773 4402 consiliis
805 4340 845 4400 ab
877 4339 1020 4402 Homero
1042 4354 1169 4413 quoque
1193 4356 1256 4401 uno
1280 4342 1350 4403 loco

68 4439 135 4501 dici
169 4441 218 4511 (H.
248 4440 323 4511 894)
357 4456 490 4503 monere
524 4443 607 4502 satis
639 4445 707 4516 est;
741 4457 856 4502 vemm
879 4442 918 4504 de
942 4458 1021 4504 vocs
1044 4438 1214 4503 ἀέθλιον
1237 4444 1348 4519 paucis

69 4542 308 4604 disserendum.
340 4539 464 4604 ἀέθλιον
496 4545 594 4621 enim,
625 4544 746 4606 ut‘hic
769 4545 887 4605 meiius
912 4546 1090 4607 secundum
1122 4560 1220 4606 usum
1243 4545 1350 4606 home·

68 4645 177 4706 ricum
210 4645 249 4706 de
281 4646 470 4708 conaminis
500 4646 603 4723 pretio
636 4662 734 4722 quam
759 4646 799 4707 de
823 4647 892 4722 ipso
916 4650 1093 4710 certamine
1117 4648 1282 4725 accipitur,
1308 4649 1354 4711 ita
