3090 5294
48 484 75 543 Ι.
104 482 238 543 76-80
671 481 713 540 39

142 648 144 656 ⁴
201 671 244 730 80
300 668 463 750 θειότερον,
485 679 523 752 τῷ
547 667 600 729 καί
620 684 674 743 σφι
697 664 766 743 τεὴν
789 664 907 744 ίκρίναο
932 665 1025 743 λάξιν,

301 772 398 843 δῶκας
422 767 454 830 δὲ
477 769 638 848 πτολίεθρα
661 765 856 846 φολασσέμεν·
881 765 938 839 λζεο
963 761 991 825 δ’
1017 764 1107 838 αὐτὸς

301 869 394 957 ἄκρῃς
418 870 450 932 ίν
472 871 633 948 πολίεσσιν,
656 867 781 946 ἐπόψιος
804 869 838 929 οῗ
855 890 885 929 τε
908 868 1007 953 δίκῃσι

302 973 375 1036 λαὸν
397 973 457 1036 ὑπὸ
481 978 610 1058 σκολιῇς,
632 972 666 1033 οῗ
682 967 702 1032 τ’
729 971 854 1050 ἔμπαλιν
879 970 1049 1033 ίθύνονσιν.

101 1080 265 1153 Exscripsi
288 1093 403 1138 versus
422 1078 469 1138 ita
492 1079 529 1137 ut
551 1092 606 1136 eos
629 1076 727 1137 edidit
754 1074 984 1150 SchneideruS,
1008 1072 1065 1134 sed
1088 1075 1262 1145 antequam
1288 1073 1328 1132 ad

55 1182 358 1257 interpretationem
381 1180 520 1256 veniam,
545 1179 657 1254 paucis
675 1177 905 1252 disputandum
926 1178 976 1236 est
996 1176 1035 1237 de
1053 1175 1200 1236 versibus
1219 1171 1329 1252 tesso,

55 1299 140 1358 quos
170 1284 337 1358 corruptos
368 1297 440 1345 esse
464 1281 671 1342 consentiunt
695 1294 818 1340 omnes.
846 1278 941 1340 Oodd.
966 1280 999 1338 et
1022 1279 1149 1338 veteres
1173 1277 1331 1338 editiones

56 1387 195 1447 habent:
235 1381 286 1460 ,ἐκ
320 1378 352 1442 δὲ
387 1380 459 1454 Διὸς
495 1382 643 1460 βασιλῆες,
673 1378 736 1441 treet
768 1379 840 1452 Διὸς
874 1375 964 1440 οὐδὲν
987 1375 1123 1439 ἀνάκτων
1146 1376 1331 1457 θειότερον.”

58 1489 148 1564 Quae
182 1488 221 1546 ut
255 1486 310 1544 vix
341 1498 421 1561 sana
452 1484 601 1544 videntur
631 1484 679 1544 ita
705 1482 876 1557 displicent
900 1483 1007 1542 variae
1030 1480 1232 1543 coniecturae
1255 1476 1334 1538 ὑπαὶ

59 1588 143 1663 Διὸς,
166 1586 222 1666 ἔχει
241 1584 323 1659 Διὸς,
346 1586 469 1646 multae
493 1586 585 1661 aliae,
610 1600 692 1658 quas
715 1584 814 1646 refert
833 1584 1063 1658 Schneiderus;
1089 1582 1236 1642 omnium
1257 1596 1333 1642 vero

58 1690 287 1752 infelicissima
306 1688 433 1749 videtur
453 1688 555 1763 ipsius
573 1687 757 1748 Schneideri
777 1686 1009 1760 interpretatio.
1033 1686 1224 1764 βασιλῆες
1246 1684 1333 1745 enim

58 1793 145 1867 quod
179 1792 314 1851 minime
352 1791 476 1850 moueri
511 1782 662 1865 oportuit,
694 1788 770 1861 quia
794 1787 950 1848 solemnis
974 1787 1132 1848 formulae
1157 1787 1261 1846 instar
1284 1787 1335 1846 est

57 1894 140 1955 illud
178 1889 229 1969 ,ἐκ
263 1888 295 1950 δὲ
325 1890 398 1962 Διὸς
421 1891 580 1969 βασιλῆες”
609 1890 698 1960 (Hes,
734 1889 930 1965 disceptio),
959 1891 993 1950 in
1027 1890 1170 1968 βασιλῆας
1201 1889 1334 1948 mutans

59 1999 95 2057 et
118 1994 375 2068 interpunctione
395 2008 480 2053 nova
500 2007 631 2053 versum
652 1991 854 2065 distinguens
874 1993 920 2051 ita
939 1992 1047 2053 locum
1066 1991 1244 2065 intellegit:
1262 2005 1336 2064 „noe

59 2113 149 2173 repes
171 2095 404 2172 appellatorem
427 2094 494 2154 Iove
513 2098 611 2170 nolae,
632 2094 783 2167 queniam
802 2109 909 2154 revere
927 2094 1007 2154 loeis
1018 2097 1100 2170 eant,
1121 2093 1141 2154 i.
1156 2108 1183 2153 e.
1199 2092 1336 2151 maximi

61 2200 153 2260 Dei.'’
187 2198 274 2274 Quae
305 2198 385 2257 mihi
408 2198 535 2257 videtur
556 2194 729 2274 ταύιολογία
754 2196 809 2255 vix
838 2196 977 2257 ferenda.
1002 2196 1158 2270 Equidem
1182 2195 1215 2255 in
1239 2209 1335 2255 versu

63 2303 106 2363 79
140 2299 220 2359 nihil
251 2303 437 2374 corruptum
462 2300 655 2374 putaverim,
680 2302 715 2359 at
738 2299 956 2372 suspicionem
979 2300 1091 2359 movet
1112 2296 1335 2375 θειότερον.

62 2403 213 2464 Primum
249 2401 336 2461 enim
371 2401 504 2461 offendit
530 2402 609 2461 haec
640 2401 851 2474 comparativi
878 2401 992 2476 forma,
1015 2401 1168 2473 quoniam
1189 2386 1335 2460 Callima·

62 2506 147 2566 chus
177 2503 232 2576 qui
262 2503 295 2562 in
320 2503 433 2562 multis
461 2502 557 2562 rebus
581 2503 692 2577 culpae
716 2504 884 2578 obnoxius,
913 2502 1116 2576 neglegentia
1139 2504 1251 2562 tamen
1272 2515 1336 2560 uon

63 2608 151 2668 solet
175 2619 316 2679 peccare,
340 2604 542 2665 homericum
564 2603 765 2683 θεώτεραι
785 2602 823 2683 (ν.
848 2607 920 2674 111)
941 2607 974 2665 et
993 2605 1128 2665 noverat
1148 2606 1180 2665 et
1192 2603 1339 2665 adhibuit

63 2709 118 2779 (II.
145 2708 204 2780 935
236 2706 293 2766 III.
327 2706 401 2775 249)
432 2706 563 2780 perinde
595 2708 691 2780 atque
721 2708 867 2768 imitator
904 2707 974 2767 eius
1008 2706 1140 2766 sedulus
1165 2706 1338 2779 Dionysius

64 2809 190 2881 Perieg.
232 2823 280 2867 vs.
313 2809 394 2881 257;
438 2807 681 2868 delectabantur
722 2810 809 2869 enim
851 2809 1036 2870 istiusmodi
1077 2808 1191 2869 formis
1224 2810 1338 2883 poetae

65 2911 281 2972 Alexandrini
318 2909 407 2980 (Call.
440 2908 494 2970 IV.
520 2911 583 2969 252
612 2907 793 2986 ἀοιδόιαιος,
823 2913 912 2971 Aret.
944 2911 1006 2971 798
1037 2910 1211 2989 nepotesque).
1244 2911 1339 2971 Acoe-

64 3015 114 3076 dlt
149 3013 262 3072 autem
293 3012 375 3084 quod
408 3011 493 3071 aliud
518 3026 616 3084 quam
641 3013 719 3072 illud
747 3013 868 3089 „mepte
892 3014 1056 3073 dietaum'’
1088 3013 1251 3073 sententia
1272 3027 1340 3087 pos·

64 3110 162 3176 tulat.
188 3113 328 3174 Causam
348 3113 504 3173 adiecisse
524 3115 655 3187 poetam
670 3130 803 3175 necesse
823 3117 873 3175 est
894 3131 958 3188 qua
981 3116 1042 3175 sibi
1061 3116 1130 3176 iure
1158 3113 1343 3174 viderentur

67 3218 175 3290 Reges
198 3229 301 3289 genus
325 3214 364 3274 ab
388 3214 464 3274 Iove
488 3215 613 3275 ducere.
635 3215 745 3289 Neque
765 3216 830 3277 alia
852 3231 951 3276 causa
976 3216 1037 3275 fuit
1061 3217 1123 3276 nisi
1146 3217 1235 3292 haec,
1259 3215 1344 3287 quod

67 3320 155 3379 inter
178 3331 292 3376 omnes
316 3316 464 3375 homines
487 3331 583 3376 nemo
607 3318 713 3392 magis
738 3333 836 3391 quam
858 3318 963 3393 Reges
986 3318 1046 3378 deo
1064 3333 1194 3378 summo
1219 3315 1344 3376 similes

69 3421 164 3481 erant
197 3419 231 3478 et
261 3415 384 3477 aflines.
419 3417 460 3476 lot
490 3418 642 3490 quoniam
676 3419 753 3479 olim
783 3420 823 3479 ab
846 3419 1008 3494 Aeschylo
1032 3418 1063 3479 ολ
1083 3415 1151 3477 θεολ
1174 3415 1346 3498 ἀγχίοααραι

70 3521 147 3581 dicti
172 3520 266 3579 erant
289 3516 417 3594 Ζηνὸς
441 3517 557 3599 ἔγγας
583 3521 676 3592 (Plat.
696 3538 760 3597 rep.
782 3524 840 3584 111.
859 3539 888 3598 p.
903 3525 964 3584 391
980 3525 1040 3597 2.),
1065 3522 1210 3595 suspicor
1231 3519 1345 3579 eodem

71 3621 198 3683 dicendi
221 3621 344 3681 ratione
366 3636 467 3681 usum
493 3621 738 3699 Callimachum,
763 3641 837 3685 cum
863 3624 962 3686 vellet
989 3625 1129 3685 indicare
1149 3621 1227 3681 nihil
1244 3619 1348 3695 mapsa

72 3724 137 3784 Ioci
170 3723 264 3798 ostiae
293 3737 353 3782 esee
383 3727 409 3782 et
435 3723 534 3783 simite
566 3741 663 3798 quem
693 3742 795 3802 repes:
829 3727 909 3787 nihil
936 3724 1005 3803 ,Διλ
1026 3723 1227 3804 ὁμοιότερον”,
1252 3722 1347 3796 scrip·

72 3826 157 3884 sisse
192 3822 386 3896 exquisitius
432 3822 523 3899 ,Διὸς
559 3821 648 3885 οὐδὲν
682 3824 818 3887 ἀνάκτων
853 3825 1091 3904 ἀασότερον,
1132 3825 1215 3899 quod
1255 3823 1348 3884 facile

72 3925 280 3986 librariorum
300 3923 503 3998 neglegentia
522 3927 601 3987 abiit
612 3928 646 3987 in
666 3927 826 4009 θειότερον.
850 3930 1113 4006 comparativum
1134 3929 1245 3988 autem
1261 3923 1349 3984 ἀασό-

72 4049 157 4106 τερον
182 4026 290 4101 opicae
314 4027 451 4088 dialecto
476 4030 636 4104 propriam
662 4031 794 4093 duxisse
820 4032 1053 4093 Callimachum
1078 4030 1186 4105 arguit
1208 4029 1246 4088 ir.
1265 4029 1349 4088 494:

78 4123 282 4205 ,ἐπασσοτὲρω
305 4127 456 4201 καθίσασα
481 4127 541 4209 κὰρ
565 4130 669 4210 κνολ”,
692 4136 747 4195 ubi
770 4135 918 4196 imitatur
942 4135 998 4195 Od.
1023 4155 1050 4211 ρ.
1075 4133 1149 4193 572.

121 4230 214 4291 Nunc
249 4229 278 4288 si
313 4229 352 4289 ad
384 4231 490 4304 ipsum
523 4234 694 4295 verborum
724 4251 822 4296 usum
846 4236 1056 4311 attendimus
1080 4233 1224 4309 primum
1248 4231 1351 4292 obser·
1418 4312 1421 4318 Α

78 4333 221 4393 vandum
246 4332 306 4406 est,
320 4331 379 4391 >hic
402 4331 519 4392 fecisse
543 4336 692 4397 nostrum
715 4339 798 4410 quod
819 4339 923 4399 vitare
942 4337 1035 4413 solet,
1057 4334 1243 4410 exemplum
1264 4333 1351 4393 enim

77 4434 277 4495 adducturus
299 4432 402 4492 utitur
428 4449 505 4494 voce
528 4432 673 4496 αὐτίκα
695 4454 731 4499 eo
752 4455 860 4515 sensu,
885 4456 947 4514 quo
967 4439 1222 4514 postPlatonem
1235 4433 1352 4508 saepis·

79 4535 163 4594 sime
193 4533 251 4593 alii
281 4533 335 4606 qui
367 4534 474 4596 soluta
506 4538 679 4600 utebantur
709 4543 853 4603 oratione
883 4543 915 4603 id
944 4541 1138 4602 vocabulum
1160 4537 1354 4599 adhibebant
1429 4612 1433 4617 A

85 4633 247 4709 (exempla
266 4634 387 4695 indicat
405 4636 573 4700 Ruhnken.
596 4642 635 4701 ad
655 4643 737 4704 Tim.
758 4658 788 4718 p.
811 4646 864 4714 56)
884 4646 918 4705 at
940 4659 1003 4704 non
1023 4643 1136 4717 poetae
1157 4639 1273 4714 quibus
1294 4637 1353 4697 hac
