3104 5286
830 473 892 535 146

225 664 384 742 Apollinis
415 661 575 737 templum
607 661 679 721 lons
710 661 842 735 quidam
867 662 961 723 Melia
984 664 1116 724 nomine
1139 656 1177 738 ¹);
1207 663 1316 737 itaque
1339 664 1504 725 Naiadum

226 783 289 828 una
320 781 384 826 non
416 764 624 837 Hamadryas
654 765 714 822 est.
747 762 843 823 Melia
873 766 998 841 autem,
1024 765 1063 825 de
1087 779 1150 838 qua
1173 763 1395 825 Callimachus
1419 766 1501 845 agit,

224 867 383 946 αὐτόχθων
413 869 464 927 est
496 881 571 925 cum
602 879 722 938 quercu
753 864 783 923 ei
815 865 963 925 dedicata
986 865 1084 926 simul
1112 867 1200 927 nata.
1224 866 1336 941 Neque
1360 883 1437 927 vero
1462 868 1502 927 de

223 971 343 1033 Oceani
373 968 440 1029 fllia
470 969 565 1042 poeta
595 965 696 1026 talem
726 968 878 1040 potuerat
909 966 990 1026 inire
1017 967 1320 1044 investigationem,
1353 968 1500 1044 qualem,

222 1073 335 1135 Melias
366 1072 453 1131 sorte
486 1069 650 1142 enarrata,
683 1081 765 1140 quac
793 1067 921 1142 aufugit
942 1066 1043 1146 ἥλικος
1066 1065 1279 1146 ἀσθμαίνουσα
1303 1067 1371 1146 περὶ
1395 1070 1500 1149 δρυός,

221 1175 344 1237 orditur
367 1173 477 1232 Musas
500 1169 721 1242 interrogans:

446 1261 484 1348 »ἦ
508 1265 530 1348 θ’
558 1266 637 1329 ἐτεὸν
661 1265 796 1348 ἐλ’ένθνῖθ
820 1269 883 1330 τότε
907 1270 994 1349 δρύες
1017 1267 1107 1348 ἡνίκα
1132 1272 1287 1349 νύμφαι;”

265 1376 352 1454 Quae
387 1373 534 1449 quaestio
569 1387 634 1431 non
669 1385 784 1431 omnes
814 1373 978 1448 nymphas
1009 1376 1136 1448 spectat
1167 1375 1223 1434 sed
1255 1375 1498 1450 hamadryadas

218 1481 335 1555 solum,
360 1475 580 1552 nympharum
604 1488 707 1547 genus
730 1474 815 1547 quod
838 1474 995 1549 dignitate
1018 1476 1123 1536 multo
1147 1476 1281 1536 inferius
1300 1479 1398 1552 poeta
1417 1477 1496 1538 iudi·

217 1585 271 1643 cat
300 1594 399 1655 quarn
431 1575 625 1651 Oceaninas,
655 1576 688 1634 et
715 1590 755 1635 no
778 1591 873 1650 pares
896 1577 1027 1650 quidem
1051 1576 1186 1655 Creticis
1210 1577 1328 1653 Mollis,
1354 1578 1497 1640 Deliacis

217 1683 376 1744 ceterisve
400 1677 533 1754 νύμφαις
557 1671 730 1754 ὀρεστέραις.

261 1784 389 1844 Incerta
411 1794 490 1840 sano
513 1778 728 1852 interroganti
751 1780 948 1854 respondent
970 1781 1098 1841 Musae:

438 1881 557 1958 νύμφαι
579 1875 633 1957 μέν
657 1878 811 1958 χαίρουσιν
836 1879 882 1941 ὅτε
906 1881 1000 1961 δρύας
1023 1879 1135 1961 ὄμβρος
1159 1879 1236 1955 ἀέξει

437 1982 555 2059 νύμφαι
579 1976 606 2041 δ’
633 1973 672 2041 αὖ
696 1981 851 2042 κλαίουσιν
875 1981 921 2043 ὅτε
945 1981 1051 2061 δρυσίν
1075 1982 1132 2044 ούκ
1154 1983 1195 2044 ἔτι
1218 1985 1325 2060 φύλλα.

215 2087 386 2150 Sufficiunt
416 2089 527 2146 tamen
560 2084 639 2145 haec
671 2086 707 2144 ut
738 2087 853 2160 poetae
877 2085 1033 2146 iudicium
1056 2087 1095 2147 de
1118 2087 1377 2163 hamadryadum
1402 2091 1492 2149 sorte

213 2191 387 2252 illustrent.
430 2185 560 2246 Infinite
596 2187 684 2246 enim
719 2186 758 2246 do
793 2188 948 2262 nymphis
983 2188 1107 2249 dictum
1141 2192 1212 2250 erat
1246 2190 1278 2249 iu
1313 2189 1492 2264 theogonia

213 2292 375 2353 Hesiodea
398 2306 446 2350 vs.
474 2289 537 2348 129
560 2304 641 2364 sqq,
668 2288 722 2347 ubi
746 2289 785 2348 de
810 2289 897 2350 Gaea
920 2291 1052 2352 docetur

432 2391 548 2470 γείνατο
573 2383 601 2448 ‹l’
628 2386 718 2469 ούρεα
742 2389 855 2469 μακρὰ,
876 2396 959 2452 θεῶν
982 2392 1134 2471 χαρίεντας
1158 2390 1303 2465 ἐναύλους

434 2488 591 2568 Νυμφέων
614 2491 646 2550 αἳ
668 2491 807 2551 ναίουσιν
830 2486 873 2551 ἀν’
902 2490 993 2571 ούρεα
1016 2494 1192 2573 βησσήεντα.

209 2613 347 2672 quorum
368 2609 523 2656 versuum
541 2593 697 2668 alterum,
720 2595 774 2667 qui
794 2594 935 2655 Hesiodo
955 2611 1020 2656 non
1039 2597 1183 2673 debetur,
1196 2599 1309 2657 tamen
1321 2596 1486 2658 adiectum

209 2701 275 2760 iam
310 2698 411 2758 fuisse
446 2697 522 2757 anto
557 2694 748 2755 Callimachi
778 2697 927 2772 tempora
957 2700 1087 2759 constat
1117 2714 1160 2759 ex
1182 2699 1367 2759 imitatione
1390 2698 1486 2775 Apol·

208 2800 287 2862 lonii
308 2793 341 2871 ²).
373 2798 438 2858 Vix
472 2798 593 2857 mirum
629 2798 757 2858 videtur
787 2798 868 2858 haec
906 2813 926 2858 a
961 2799 1076 2860 multis
1107 2800 1151 2860 ita
1180 2802 1313 2874 accepta
1336 2814 1424 2877 esse,
1451 2804 1488 2861 ut

209 2903 370 2964 Oreadum
401 2899 620 2974 nympharum
655 2913 758 2973 genus
792 2899 892 2959 simul
926 2915 1001 2961 oum
1035 2902 1201 2963 montibus
1236 2919 1256 2963 a
1290 2903 1378 2963 Gaea
1412 2920 1487 2965 esse

207 3003 354 3077 genitum
389 3002 555 3077 putarent;
580 3000 628 3060 ita
650 3000 770 3060 saltem
794 3002 918 3076 accepit
944 3002 1135 3077 Apollonius
1162 3019 1237 3064 cum
1261 3004 1427 3079 Orpheum
1453 3006 1486 3066 in

207 3102 417 3176 cosmogonia
439 3105 647 3162 enarrantem
670 3101 749 3162 fecit
772 3102 807 3173 (l.
833 3104 909 3173 501)

428 3198 518 3280 ούρεύ
541 3196 570 3260 θ’
597 3199 637 3275 ὡς
661 3200 802 3280 ἀνέτειλε,
824 3201 874 3263 καί
898 3201 937 3276 ὡς
961 3203 1088 3283 ποταμοί
1112 3207 1284 3279 κελάδοντες

428 3301 534 3387 αὐτῇσι
557 3304 694 3387 νύμφῃσι
717 3301 766 3363 καί
789 3302 894 3382 ἒρτιετά
917 3300 1001 3366 πάντ’
1027 3304 1171 3386 ἐγένοντο.

204 3408 265 3468 Sed
290 3421 383 3481 porro
407 3408 609 3479 processerat
631 3409 706 3482 post
728 3406 908 3467 Hesiodum
929 3409 1078 3482 mythico
1096 3411 1135 3471 de
1153 3410 1308 3486 nymphis
1327 3411 1484 3488 scientia,

204 3524 268 3569 non
300 3506 407 3568 solum
439 3507 478 3566 de
507 3507 757 3585 antiquioribus,
788 3509 949 3570 Naiadum
981 3510 1184 3572 Oreadumve
1211 3511 1399 3588 generibus,
1426 3515 1485 3574 sed

205 3611 306 3670 etiarn
340 3609 379 3669 de
410 3608 704 3682 Hamadryadibus.
744 3610 790 3669 De
822 3610 938 3684 quihus
966 3612 1071 3672 fusius
1103 3628 1203 3688 agens
1233 3616 1328 3689 poeta
1364 3613 1485 3688 hymni

203 3710 359 3771 homerici
389 3711 424 3769 ιἰι
461 3710 606 3770 Venerem
630 3715 689 3781 (vs.
715 3712 778 3772 265
803 3716 862 3786 sq.)
897 3713 1052 3775 docuerat
1075 3715 1174 3775 simul
1198 3730 1272 3776 cum
1296 3715 1363 3775 illis
1387 3731 1483 3790 nym-

201 3815 276 3890 phis
310 3812 434 3873 abietes
468 3826 669 3886 quercusque
700 3813 790 3873 nasci
822 3813 1041 3888 pulcherrima
1071 3816 1183 3876 fronde
1214 3819 1361 3892 ornatas,
1399 3832 1484 3892 quas

201 3912 306 3990 τεμένη
338 3910 500 3972 ἀθανάτων
532 3913 594 3974 dici
625 3929 645 3973 a
677 3915 871 3974 mortalibus
902 3917 1024 3991 solere;
1058 3920 1092 3978 at
1116 3933 1190 3978 cum
1214 3918 1376 3993 Nymphis
1401 3919 1484 3980 hora

200 4016 318 4077 mortis
341 4015 471 4075 adesset
494 4014 704 4089 languescere
723 4016 867 4090 primum
891 4017 1036 4094 arbores,
1065 4035 1145 4080 mox
1168 4019 1269 4079 emori
1295 4023 1355 4089 (vs.
1381 4021 1458 4092 271)

424 4113 560 4188 ἀζάνεται
584 4112 638 4193 μέν
657 4125 775 4192 πρῶτον
800 4115 848 4177 ἐπὶ
870 4116 960 4197 χθονί
984 4117 1107 4200 δένδρεα
1131 4119 1220 4197 καλὰ,

423 4215 527 4293 φλοιὸς
551 4212 579 4277 δ’
606 4215 751 4297 ἀμφιπερλ
775 4220 940 4299 φθινύθει,
962 4221 1103 4284 πίπτουσι
1127 4217 1156 4283 δ’
1181 4217 1228 4282 ἀτί
1255 4218 1333 4300 ὄζοι,

422 4327 481 4379 τῶν
505 4316 538 4379 δέ
560 4313 590 4378 θ’
616 4316 693 4398 ὁμοῦ
716 4319 799 4400 ψυχὴ
822 4321 914 4383 λείπει
937 4323 1016 4399 φάος
1039 4321 1158 4402 ἠελίοιο.

232 4563 252 4627 ¹)
272 4566 393 4614 01111011
412 4565 482 4626 apud
498 4565 591 4613 Boeoh.
609 4565 641 4612 11.
662 4567 736 4614 1618.

230 4641 251 4706 ²)
271 4645 362 4706 Argon.
379 4644 400 4692 Ι.
419 4643 625 4692 6011101101ἰὰ
644 4645 789 4707 Goeltling,
810 4647 855 4707 qui
872 4648 973 4708 primus
989 4663 1092 4698 versum
1111 4651 1207 4709 Theop.
1227 4652 1275 4698 180
1291 4653 1411 4702 ”clusit
