3068 5294
831 432 892 496 192

441 618 526 682 αὐτοὶ
549 628 607 681 νῦν
632 627 770 700 καιοχῆες
794 617 990 680 ἀνακίίνεσθε
1013 618 1146 697 πυλάων,

442 720 529 784 αὐτοὶ
553 718 584 782 δὲ
607 722 732 800 κληῖδος·
757 717 773 781 ὃ
795 719 851 802 γὰρ
874 719 946 792 θεὸς
969 719 1025 781 οὐκ
1048 719 1088 781 ἔτι
1112 722 1237 802 ριοικρήνΙ

442 825 474 885 οἱ
495 820 526 884 δὲ
549 821 612 884 νέοι
633 822 750 902 μολπήν
774 845 802 883 τε
826 822 876 883 καί
900 820 928 895 ἐς
951 822 1040 903 χορὸν
1064 821 1231 885 ἐντύνεσθε.

263 930 406 990 ionicam
438 927 543 989 crasin
563 921 831 997 ἰὠιιόλίονος
855 928 889 987 et
907 926 959 987 hic
981 926 1126 987 adhibuit
1145 929 1178 988 et
1199 944 1246 989 vs.
1272 930 1313 990 69
1338 930 1369 990 in
1393 945 1472 991 voca·

218 1034 286 1094 tivo
321 1029 464 1106 ίίνιοίλον,
496 1029 527 1089 id
557 1027 686 1102 quidem
716 1044 779 1089 non
807 1028 890 1100 quod
921 1028 953 1088 in
984 1028 1043 1088 teli
1072 1044 1215 1090 renunc
1238 1031 1474 1106 longiusquam

220 1137 316 1194 antea
346 1134 384 1193 ab
416 1133 557 1192 Homero
580 1131 743 1191 discedere
767 1128 875 1203 vellet,
899 1145 976 1189 nam
1008 1130 1149 1190 vidimus
1172 1131 1204 1190 in
1227 1134 1331 1207 primo
1354 1135 1475 1210 hymno,

220 1237 273 1296 ubi
303 1234 486 1295 accuratius
516 1233 714 1293 homericam
746 1235 855 1293 servat
889 1232 1074 1306 dictionem,
1105 1248 1162 1306 per
1193 1236 1298 1295 cresin
1322 1253 1398 1297 eum
1422 1229 1476 1296 ὦνα
1529 1264 1530 1279 1

219 1338 358 1398 scribere
378 1337 428 1407 (cf.
441 1350 513 1409 pag.
529 1335 590 1405 18).
612 1334 762 1407 Sequitur
779 1349 817 1395 eo
842 1349 966 1407 quoque
986 1335 1045 1394 hoc
1067 1350 1162 1395 versu
1174 1337 1300 1411 epicam
1312 1339 1477 1400 dictionem

219 1441 303 1514 quod
334 1439 440 1499 media
471 1437 575 1498 forma
606 1452 685 1497 usus
709 1439 759 1497 est
784 1433 797 1495 ί
805 1436 963 1496 σείσατο
987 1438 1037 1506 (ci.
1064 1436 1096 1496 Θ,
1124 1440 1206 1514 1991,
1232 1443 1265 1498 at
1289 1439 1429 1501 deflectit
1449 1442 1477 1501 ni

218 1541 312 1602 fallor
335 1543 374 1601 ab
398 1540 616 1614 antiquiorum
639 1554 701 1599 usu
724 1539 758 1599 in
777 1539 982 1600 substantivo
1002 1537 1132 1617 ὅρισηξ.
1152 1540 1369 1614 Spanhemius
1390 1543 1477 1603 verba

223 1643 388 1719 „ddqvivog
424 1640 538 1720 δρσηξ”
573 1640 700 1701 rettulit
730 1641 770 1701 ad
795 1644 895 1716 posteo
921 1641 1012 1701 ίσιιιο
1034 1645 1167 1717 wauton
1192 1644 1432 1718 assentiturque
1453 1645 1478 1704 ei

219 1746 442 1807 Schneiderus.
466 1744 754 1822 verumenimvero
777 1742 867 1802 nulla
890 1743 1020 1803 omnino
1044 1743 1082 1804 de
1112 1745 1257 1818 postibus
1282 1746 1374 1806 lauro
1397 1761 1476 1807 orna·

218 1849 262 1910 tis
296 1848 328 1908 in
359 1847 568 1920 sequentibus
598 1843 636 1905 fit
663 1845 796 1904 mentio.
830 1845 986 1918 Equidem
1017 1847 1199 1920 putaverim
1230 1847 1476 1923 substantivum,

219 1950 301 2023 quod
325 1948 427 2010 semel
451 1949 484 2008 in
506 1947 616 2022 Iliade,
641 1962 713 2007 raro
736 1948 819 2020 apud
843 1950 967 2008 ceteros
991 1950 1103 2022 poetas
1130 1949 1278 2025 occurrit,
1304 1950 1369 2010 alia
1391 1951 1477 2025 signi·

217 2052 366 2114 ilcatioue
389 2068 409 2112 a
433 2050 628 2111 Callimacho
651 2050 703 2109 hic
723 2064 796 2109 esse
816 2049 1004 2111 adhibitum.
1025 2050 1136 2111 Utitur
1156 2066 1234 2112 voce
1255 2047 1349 2131 ὄρκηξ
1372 2053 1478 2113 Home·

218 2170 274 2214 rus
296 2154 336 2214 de
358 2167 450 2214 ramo
473 2151 574 2213 flexili
593 2147 732 2225 caprifici
758 2151 794 2208 Φ.
822 2152 863 2212 37

863 2246 879 2312 ὃ
904 2246 932 2312 δ’
960 2249 1072 2333 ἐρινεὸν
1096 2248 1155 2326 ὀξέι
1178 2257 1275 2337 χαλκῷ

441 2353 530 2433 τάμνε
553 2350 640 2425 νέους
664 2350 796 2433 ὄρπηκας
819 2347 854 2412 ἵν’
882 2351 1010 2432 ἅρματος
1034 2350 1157 2434 ἄντυγες
1181 2347 1247 2414 εἶεν.

218 2458 303 2518 Item
326 2456 366 2517 de
388 2456 588 2517 tenuioribus
612 2456 746 2529 virgulis
769 2456 895 2531 Sappho
915 2456 1035 2531 tropon.
1066 2456 1123 2516 78:

444 2553 595 2636 „dertonam
615 2553 736 2634 ἀνήτοιο
759 2548 924 2637 συνέρραισ)
947 2553 1088 2615 &adiutor
1110 2552 1240 2636 χέρσιν”.

123 2719 124 2729 ,
218 2662 363 2723 Ulterius
394 2660 640 2736 progrediuntur
667 2659 778 2735 Attici,
809 2673 883 2718 cum
915 2674 979 2718 non
1013 2658 1080 2718 iam
1111 2657 1255 2720 ilexilem
1290 2662 1323 2720 et
1352 2663 1482 2722 tenuem

219 2764 344 2839 virgam
380 2763 436 2823 sed
466 2761 589 2823 boatum
620 2759 737 2840 ὅρπηκα
760 2761 880 2836 dicunt,
905 2762 941 2820 ut
964 2760 1130 2835 Euripides
1153 2760 1278 2837 Happel.
1304 2764 1366 2823 221
1395 2763 1483 2840 „Oeo-

217 2866 308 2926 σαίὸν
343 2864 492 2945 ὄρπηκα”.
528 2865 646 2925 Poetae
677 2865 788 2924 autem
818 2862 1030 2924 Alexandrini
1061 2863 1127 2923 iam
1158 2865 1294 2925 eandem
1319 2866 1394 2926 huic
1417 2867 1483 2926 sub·

217 2969 360 3029 stantivo
385 2966 453 3027 viru
476 2966 693 3026 attribuerunt
716 2980 814 3039 quam
838 2964 961 3026 obtinet
984 2961 1078 3044 ἔρνος,
1102 2965 1133 3025 id
1157 2965 1340 3039 quodcum
1365 2969 1483 3042 etymo·

217 3070 302 3145 logia
337 3070 461 3130 certare
496 3082 559 3127 non
595 3067 723 3127 videtur
749 3059 780 3136 ¹).
812 3067 864 3126 ita
898 3080 1024 3139 quoque
1055 3067 1181 3127 noster:
1207 3067 1404 3130 adventante
1429 3069 1483 3130 deo

216 3188 310 3234 σοονο
328 3172 440 3232 harae
463 3168 577 3246 σείεται,
599 3182 697 3241 quam
721 3165 870 3243 δάφνινον
894 3164 1010 3245 ὅρπηκα
1030 3167 1117 3243 dicit,
1138 3170 1175 3227 ut
1186 3167 1317 3229 laurum
1330 3171 1482 3246 palmam·

216 3290 279 3349 que
299 3273 463 3334 Deliacam
486 3270 641 3347 ,φοίνικος
660 3265 729 3329 νίον
745 3266 851 3349 ἔρνος”
864 3269 1064 3330 auditoribus
1083 3270 1116 3329 in
1129 3272 1321 3332 memoriam
1335 3274 1480 3346 reducat;

216 3379 329 3437 aderat
348 3377 458 3435 autern
478 3373 588 3447 opinor
608 3372 647 3432 ad
668 3370 834 3445 cyrenaici
853 3371 1011 3445 Apollinis
1031 3370 1191 3446 templum
1206 3371 1318 3434 laurus
1331 3375 1483 3436 adinstar

216 3478 382 3553 delphicae
412 3475 535 3536 arboris
565 3474 615 3544 (cf.
639 3473 802 3547 Aristoph.
826 3472 907 3533 Ρίιιί.
933 3474 996 3533 213
1033 3468 1068 3548 „d
1091 3473 1202 3551 Φοῖβος
1228 3472 1317 3548 αὐτὸς
1342 3474 1482 3554 Πυθικὴν

216 3578 314 3650 σείσας
339 3576 470 3654 δάφνην)
494 3579 527 3637 et
549 3576 660 3651 palma
683 3591 723 3636 ex
747 3574 895 3635 Deliacae
919 3576 1048 3649 palmae
1072 3576 1198 3636 semine
1222 3581 1293 3637 orta
1319 3571 1351 3649 ²).

260 3679 365 3741 Versu
398 3678 538 3739 secundo
569 3677 693 3737 duobus
717 3677 882 3737 vocabulis
909 3678 1105 3750 abantiquo
1129 3677 1267 3738 dictione
1290 3681 1383 3755 epica
1405 3697 1481 3743 rece

217 3784 271 3844 dit.
295 3781 341 3842 Ut
363 3781 418 3841 III.
443 3781 507 3840 225
531 3780 728 3841 adiectivum
751 3774 1008 3857 κονίορίλαθρος,
1030 3780 1076 3838 ita
1099 3794 1184 3839 nunc
1208 3779 1315 3854 ipsum
1340 3784 1482 3845 substan·

216 3886 322 3946 tirum
358 3879 561 3961 μέλαθρον
596 3882 712 3956 accipit
750 3881 863 3941 latiore
898 3895 996 3942 sensu
1037 3896 1136 3954 quam
1170 3880 1292 3943 fecerat
1325 3885 1483 3948 Homerus

250 4211 448 4282 1)01.Ηίσινσ1.
478 4213 546 4262 Τίιιν.
569 4215 615 4270 33;
638 4212 723 4273 Apoll.
747 4212 828 4260 Rhod.
851 4213 893 4261 lv.
913 4214 976 4262 148⁶
983 4225 990 4270 ;
1009 4217 1035 4261 et
1051 4214 1110 4261 ride
1127 4213 1157 4262 L.
1175 4214 1263 4273 Meyer
1285 4212 1364 4277 Verpl.
1382 4214 1481 4263 Graan.

216 4299 412 4438 p²?6(4iantstnr
438 4383 497 4423 θεοῦ
520 4372 748 4433 internecare.
770 4373 808 4418 13.
836 4373 954 4419 Ceterum
982 4376 1033 4419 tam
1061 4373 1163 4420 laurum
1186 4374 1264 4430 illam,
1284 4388 1362 4434 quam
1380 4375 1482 4437 ραίκιοκι

216 4454 350 4514 Deliacam,
367 4467 433 4514 quae
450 4453 566 4514 proximo
581 4455 737 4498 memoratur
755 4464 839 4511 versu,
857 4456 960 4498 sanctes
975 4453 1079 4499 arbores
1094 4453 1182 4515 inisse,
1197 4468 1262 4512 quae
1278 4455 1420 4502 aderuntin
1430 4457 1484 4515 ipso

216 4532 412 4590 Cyrenaicorum
438 4531 535 4589 templo
564 4531 666 4577 nomine
692 4534 767 4577 tenue
790 4531 1015 4578 celeberrimarum
1033 4532 1153 4579 arborum
1177 4534 1327 4582 memoriam
1346 4539 1484 4596 servantes,

217 4610 341 4670 exemplis
359 4610 502 4657 docuerunt
519 4610 609 4657 Menos,
632 4608 712 4656 Herm.
730 4610 803 4656 XXV.
821 4624 847 4670 p.
869 4612 917 4657 40³
936 4614 963 4657 et
979 4611 1091 4658 Ehrlioh.
1112 4611 1128 4658 ί.
1148 4611 1163 4658 ί.
1182 4626 1206 4673 p.
1226 4614 1265 4659 61.
