3104 5286
678 429 740 496 lle

293 620 366 701 ,δδς
389 620 423 684 δέ
445 645 495 701 μοι
518 619 661 702 ἑξήκοντα
682 622 891 703 χορδτιδοις
911 617 1147 696 Ὡιιεοινδνοις

288 725 387 797 ’πάσας
410 722 551 801 elverico,
573 722 671 796 πάσας
695 723 736 784 ἔτι
759 724 869 796 παῖδας
892 720 1043 803 ἆμίτρους.

291 825 343 899 δὸς
366 823 399 886 δέ
421 849 472 904 μοι
495 823 752 901 ἀμφιπόλους
777 824 944 902 Ἀμνισίδος
967 824 1060 885 εἴκοσι
1082 825 1219 903 νύμφας,

291 927 328 988 οἵ
345 925 375 988 τέ
397 949 448 1004 μοι
471 925 648 1006 ἐνδρομίδας
671 948 700 987 τε
727 925 791 1004 καὶ,
814 923 924 986 ὁππότε
947 924 1050 1004 μηκέτι
1072 927 1183 1007 λύγκας

290 1024 361 1107 μηδ’
387 1026 518 1105 ἐλάφους
542 1028 694 1106 βάλλοιμι,
717 1027 814 1098 θοοὺς
837 1028 932 1099 κύνας
956 1019 989 1087 εὖ
1013 1025 1180 1105 napinam.

112 1133 255 1207 Apparet
277 1133 376 1206 igitur
399 1131 459 1190 has
483 1131 663 1190 Oceaninas
683 1129 846 1204 nymphas
862 1129 1062 1189 -eiusdem
1083 1132 1196 1205 opinor
1215 1131 1344 1205 generis

66 1236 165 1307 atque
181 1232 257 1292 illae
276 1247 358 1306 quae
378 1231 585 1291 consolantes
606 1231 714 1291 adisse
733 1229 928 1289 Promethea
941 1231 1092 1291 dicuntur
1104 1233 1137 1292 in
1151 1233 1343 1307 cognomine

66 1334 288 1409 tragoedia-
302 1332 417 1407 dignas
440 1331 574 1392 iudicari
597 1346 680 1404 quae
702 1330 841 1390 Dianam
866 1332 1072 1408 comitentur,
1097 1349 1213 1394 verum
1232 1335 1343 1395 Amni-

66 1435 177 1494 siades
210 1434 289 1493 deae
324 1448 396 1492 esse
430 1432 610 1491 ministras.
635 1424 655 1501 ¹)
691 1430 824 1490 Harum
849 1433 960 1490 autem
995 1433 1161 1494 minorum
1195 1436 1343 1510 gentium

67 1535 289 1609 nympharum
313 1533 441 1608 ingens,
466 1534 503 1591 ut
525 1547 584 1606 par
607 1535 673 1607 est,
700 1531 875 1592 multitudo
899 1533 993 1593 adest
1016 1535 1049 1593 in
1070 1534 1261 1596 Callimachi
1279 1552 1343 1596 car·

67 1637 223 1696 minibus.
258 1634 453 1708 Plerumque
488 1649 507 1693 a
537 1633 732 1708 regionibus,
761 1647 843 1706 quas
875 1633 1034 1712 incolunt,
1067 1637 1190 1697 ducunt
1211 1638 1346 1697 nomina

67 1739 139 1798 sive
170 1737 372 1811 Mycalenses
399 1736 551 1795 dicuntur
574 1734 638 1804 (IV.
664 1736 716 1804 50)
733 1735 811 1794 'sive
835 1734 1057 1814 Thessalidas,
1083 1754 1100 1798 e
1124 1739 1229 1799 Peneo
1254 1741 1345 1814 patre

68 1843 167 1899 natae
204 1845 358 1914 „necapoli
392 1833 499 1914 μένος”
525 1835 591 1905 (IV.
629 1836 717 1912 109),
758 1837 829 1897 sive
863 1836 1013 1898 Deliades
1047 1840 1226 1917 nymphae,
1263 1855 1345 1913 quae

68 1939 190 1998 adeunt
211 1939 246 1997 in
269 1938 428 2014 Apollinis
447 1937 611 1997 natalibus
631 1952 761 1998 sacrum
780 1932 951 2016 Ἐλειθοίης
971 1938 1058 2016 μὲιος
1078 1944 1262 2019 cantantes,
1287 1957 1345 2002 eae

69 2052 196 2113 quoque
220 2040 307 2110 (256)
337 2046 473 2115 ποταμοῦ
503 2036 589 2118 γένος
620 2035 768 2116 ἀρχοιοῖο,
798 2055 915 2115 nempe
947 2041 1048 2117 Inopi.
1075 2043 1160 2118 Quas
1187 2060 1344 2104 nonnum·

69 2156 169 2214 quam
193 2157 210 2201 e
233 2140 357 2201 fluviali
379 2141 438 2200 deo
461 2142 558 2200 natas
581 2154 782 2215 memorans
807 2144 899 2202 tenet
917 2144 1157 2216 quodammodo
1177 2147 1346 2220 antiquam

70 2257 114 2301 ex
143 2242 284 2303 Hesiodo
315 2241 567 2317 mythologiam,
597 2242 651 2314 qui
674 2243 807 2304 naiades
831 2245 995 2318 nymphas
1019 2261 1061 2307 ex
1084 2247 1212 2307 Oceano
1237 2248 1344 2323 duxit,

71 2344 227 2418 cuiusque
257 2344 366 2404 verbis
396 2344 463 2403 iam
492 2342 592 2403 latius
623 2359 722 2416 quam
751 2343 830 2404 lacit
862 2343 1082 2406 Callimachus
1117 2349 1165 2408 uti
1196 2349 1346 2410 videmus

73 2445 252 2521 Vergilium
287 2448 422 2507 cunctas
460 2446 624 2520 nymphas
662 2461 704 2505 ex
735 2446 862 2507 Oceano
893 2448 989 2507 natas
1023 2447 1201 2524 fingentem
1235 2448 1345 2525 Ceory.

72 2547 126 2608 IV.
152 2549 216 2608 382

249 2649 478 2722 Oceanumque
501 2649 628 2722 patrem
651 2663 760 2707 rerum
784 2648 1017 2724 Nymphasque
1041 2666 1168 2712 sorores

249 2752 381 2811 centum
405 2765 487 2823 quae
510 2749 626 2823 silvas,
653 2752 786 2809 centum
810 2765 892 2824 quae
916 2751 1053 2812 ilumina
1075 2755 1218 2813 servant.

115 2852 255 2913 Naiades
274 2868 316 2912 ex
335 2851 508 2911 fluviorum
526 2850 576 2909 dis
592 2865 630 2910 ac
649 2851 810 2912 matribus
827 2852 1020 2912 mortalibus
1032 2855 1128 2913 natas
1140 2869 1213 2914 esse
1225 2869 1347 2928 magna
1402 2887 1405 2895 ·

72 2953 296 3029 exemplorum
320 2954 412 3028 copia
427 2951 571 3012 docebat.
593 2950 813 3012 Callimachus
832 2953 919 3014 hand
930 2954 1001 3027 pari
1021 2955 1184 3029 potestate
1196 2970 1234 3015 ac
1246 2956 1345 3030 digni·

72 3056 140 3115 tate
171 3069 286 3116 omnes
317 3069 373 3115 eas
402 3055 510 3128 ornat,
543 3067 647 3126 neque
670 3053 788 3113 desunt
813 3054 874 3114 loci
898 3054 952 3114 ubi
975 3054 1131 3116 lectorem
1155 3057 1194 3117 de
1217 3058 1347 3133 propria

71 3171 184 3217 earum
218 3159 336 3216 natura
369 3154 573 3215 dubitantem
603 3168 718 3228 parum
751 3156 923 3215 certiorem
955 3156 1055 3217 faciat
1084 3160 1182 3233 poeta
1208 3159 1347 3219 diversis

72 3257 258 3318 nominibus
291 3257 423 3317 easdem
458 3257 515 3315 aut
550 3270 614 3314 uno
649 3256 781 3316 nomine
817 3257 963 3317 diversas
995 3259 1072 3319 deas
1103 3260 1261 3320 indicans,
1297 3259 1348 3319 Ita

74 3359 157 3419 inter
182 3359 334 3419 heroinas
362 3360 395 3418 et
414 3357 577 3432 nymphas
601 3357 777 3417 discrimen
796 3359 926 3432 quidem
944 3359 1023 3419 facit
1042 3360 1100 3421 111.
1124 3362 1186 3421 184
1208 3362 1346 3421 Dianam

73 3461 276 3535 interrogans

618 3559 684 3618 τίνα
709 3554 737 3619 δ’
763 3557 847 3638 ἔξοχοι
871 3559 1014 3637 νυμφέων

294 3662 385 3741 φίλοιο
408 3659 458 3721 καὶ
480 3660 569 3733 ποίας
592 3656 723 3740 ἡρωίδας
747 3658 826 3740 ἔσχες
849 3658 982 3741 &aldati

108 3944 212 4009 ¹)de
236 3950 341 4007 poetam
366 3944 486 4005 adduxit,
511 3946 542 3990 ut
562 3943 589 3988 iu
613 3943 712 4001 ingenti
731 3942 908 4002 Nympharum
932 3957 1039 3991 numero
1055 3946 1218 3994 Amnisiades
1242 3948 1350 4007 eligeret

18 4058 25 4066 -
73 4028 106 4074 ad
119 4027 217 4074 Dianae
232 4023 420 4072 ministerium?
438 4022 565 4071 Cohaeret
581 4021 608 4068 id
625 4021 734 4068 fortasse
752 4034 811 4069 cum
830 4034 860 4069 eo
877 4022 947 4081 quod
964 4023 1084 4083 ilithyiae
1102 4038 1205 4073 sacrum
1220 4027 1253 4073 ad
1261 4029 1349 4075 Amni-

73 4118 129 4153 aum
152 4105 233 4152 iciam
249 4106 360 4151 molatur
376 4102 422 4150 Od.
440 4117 460 4148 ο.
479 4103 526 4149 188
546 4100 589 4158 (oi.
607 4100 700 4148 suano
717 4101 747 4147 X.
767 4101 826 4158 lie)

391 4189 461 4240 οτῆσι
478 4180 498 4227 δ’
519 4183 543 4226 δν
559 4183 661 4242 Ἀμνισῷ
679 4181 722 4226 ὅθι
739 4195 763 4225 aa
781 4179 851 4233 σπέος
868 4181 1008 4240 Βδλιιδυδῃς,

74 4264 193 4323 Ilithyiae
210 4263 279 4310 enim
295 4274 402 4309 munera
418 4260 444 4306 in
464 4259 580 4306 Artemin
598 4257 715 4305 conferre
734 4257 922 4304 Callimachum
939 4258 1052 4307 vidimus
1069 4274 1147 4323 supra
1165 4276 1189 4322 p.
1209 4264 1249 4310 δε.

108 4344 252 4391 Discrimen
278 4341 347 4401 quod
372 4341 440 4386 inter
465 4339 606 4386 Oceauinas
632 4350 662 4384 ao
685 4336 846 4383 Amniaiadea
868 4339 894 4383 in
917 4338 1014 4385 Dianae
1032 4340 1175 4389 ministerio
1193 4343 1255 4389 iecit
1273 4343 1349 4391 Calli·

75 4423 196 4484 maohua‚
219 4425 335 4482 spretum
357 4418 456 4466 videbis
476 4418 509 4464 ab
531 4418 667 4478 Apollonio
692 4417 735 4475 qui
757 4416 805 4463 111.
825 4417 872 4463 eil
889 4430 939 4479 sqq.
957 4418 1086 4478 Odysseae
1104 4422 1122 4475 ζ.
1136 4434 1228 4468 versus
1244 4422 1349 4470 nobilis-

75 4505 154 4552 aimoa
179 4505 352 4568 παραγράψαι,
378 4504 405 4545 al
434 4498 511 4546 simul
535 4497 720 4544 Callimachum
745 4496 906 4557 aemulatus,
928 4496 963 4543 ila
987 4496 1050 4545 dicit
1068 4497 1114 4561 (vs.
1135 4501 1195 4560 881)
1215 4506 1243 4564 τῇ
1260 4501 1281 4548 δ’
1301 4503 1350 4559 ἅμα

76 4587 163 4646 ιύμφιιι
181 4585 276 4630 inerrat
292 4580 436 4645 ἀμορβάδες,
453 4581 477 4625 οδ
493 4580 536 4636 μιν
554 4578 589 4624 ln'
609 4580 679 4645 αὐτῆς
695 4576 822 4642 ἀγρδμιιιαι
840 4585 914 4637 πηγῆς
931 4580 1063 4634 Ἀμνισίδος
1079 4585 1157 4627 ami.
