<?xml version="1.0" encoding="UTF-8"?>
<!DOCTYPE html PUBLIC "-//W3C//DTD XHTML 1.0 Transitional//EN"
    "http://www.w3.org/TR/xhtml1/DTD/xhtml1-transitional.dtd">
<html xmlns="http://www.w3.org/1999/xhtml" xml:lang="en" lang="en">
 <head>
  <title>
</title>
<meta http-equiv="Content-Type" content="text/html;charset=utf-8" />
  <meta name='ocr-system' content='tesseract 3.04.00' />
  <meta name='ocr-capabilities' content='ocr_page ocr_carea ocr_par ocr_line ocrx_word'/>
</head>
<body>
  <div class='ocr_page' id='page_1' title='image "./studiacallimach01kuipgoog_0354.png"; bbox 0 0 3104 5286; ppageno 0'>
   <div class='ocr_carea' id='block_1_1' title="bbox 688 448 730 507">
    <p class='ocr_par' dir='ltr' id='par_1_1' title="bbox 688 448 730 507">
     <span class='ocr_line' id='line_1_1' title="bbox 688 448 730 507; baseline 0.024 -1"><span class='ocrx_word' id='word_1_1' title='bbox 688 448 730 507; x_wconf 80' lang='lat'>93</span> 
     </span>
    </p>
   </div>
   <div class='ocr_carea' id='block_1_2' title="bbox 17 632 1349 2430">
    <p class='ocr_par' dir='ltr' id='par_1_2' title="bbox 26 632 1349 1410">
     <span class='ocr_line' id='line_1_2' title="bbox 90 632 1347 715; baseline -0.002 -20"><span class='ocrx_word' id='word_1_2' title='bbox 90 635 196 714; x_wconf 69' lang='grc' dir='ltr'>μίμησιν</span> <span class='ocrx_word' id='word_1_3' title='bbox 215 644 273 696; x_wconf 73' lang='grc' dir='ltr'>τῶν</span> <span class='ocrx_word' id='word_1_4' title='bbox 293 633 447 715; x_wconf 77' lang='grc' dir='ltr'><strong><em>ἀνδρῶν”,</em></strong></span> <span class='ocrx_word' id='word_1_5' title='bbox 468 635 622 710; x_wconf 89' lang='lat' dir='ltr'>quoniam</span> <span class='ocrx_word' id='word_1_6' title='bbox 646 635 810 709; x_wconf 88' lang='lat' dir='ltr'>quondam</span> <span class='ocrx_word' id='word_1_7' title='bbox 832 635 958 710; x_wconf 89' lang='lat' dir='ltr'>Argaeo</span> <span class='ocrx_word' id='word_1_8' title='bbox 982 634 1065 709; x_wconf 90' lang='lat' dir='ltr'>regi,</span> <span class='ocrx_word' id='word_1_9' title='bbox 1081 633 1115 694; x_wconf 89' lang='lat' dir='ltr'>in</span> <span class='ocrx_word' id='word_1_10' title='bbox 1131 632 1215 695; x_wconf 90' lang='lat' dir='ltr'>bello</span> <span class='ocrx_word' id='word_1_11' title='bbox 1234 634 1347 694; x_wconf 91' lang='lat' dir='ltr'>contra</span> 
     </span>
     <span class='ocr_line' id='line_1_3' title="bbox 89 734 1349 814; baseline -0.003 -17"><span class='ocrx_word' id='word_1_12' title='bbox 89 738 214 814; x_wconf 87' lang='lat' dir='ltr'>lllyrios,</span> <span class='ocrx_word' id='word_1_13' title='bbox 250 736 397 798; x_wconf 84' lang='lat' dir='ltr'>Bacchae</span> <span class='ocrx_word' id='word_1_14' title='bbox 431 735 507 796; x_wconf 90' lang='lat' dir='ltr'>illae</span> <span class='ocrx_word' id='word_1_15' title='bbox 541 751 584 797; x_wconf 88' lang='lat' dir='ltr'>ex</span> <span class='ocrx_word' id='word_1_16' title='bbox 618 736 785 797; x_wconf 89' lang='lat' dir='ltr'>montibus</span> <span class='ocrx_word' id='word_1_17' title='bbox 820 736 942 797; x_wconf 83' lang='lat' dir='ltr'>auxilio</span> <span class='ocrx_word' id='word_1_18' title='bbox 979 735 1146 796; x_wconf 90' lang='lat' dir='ltr'>venissent</span> <span class='ocrx_word' id='word_1_19' title='bbox 1180 748 1238 810; x_wconf 93' lang='lat' dir='ltr'>pro</span> <span class='ocrx_word' id='word_1_20' title='bbox 1272 734 1349 794; x_wconf 91' lang='lat' dir='ltr'>telis</span> 
     </span>
     <span class='ocr_line' id='line_1_4' title="bbox 86 830 1349 913; baseline -0.002 -16"><span class='ocrx_word' id='word_1_21' title='bbox 86 840 203 913; x_wconf 78' lang='lat' dir='ltr'>thyrsos</span> <span class='ocrx_word' id='word_1_22' title='bbox 233 840 400 913; x_wconf 89' lang='lat' dir='ltr'>gerentes,</span> <span class='ocrx_word' id='word_1_23' title='bbox 434 837 469 896; x_wconf 87' lang='lat' dir='ltr'>at</span> <span class='ocrx_word' id='word_1_24' title='bbox 494 836 617 896; x_wconf 88' lang='lat' dir='ltr'>virtute</span> <span class='ocrx_word' id='word_1_25' title='bbox 641 837 729 898; x_wconf 90' lang='lat' dir='ltr'>viros</span> <span class='ocrx_word' id='word_1_26' title='bbox 752 837 947 898; x_wconf 78' lang='lat' dir='ltr'><strong>aemulatae.</strong></span> <span class='ocrx_word' id='word_1_27' title='bbox 971 830 991 906; x_wconf 89' lang='lat'>¹)</span> <span class='ocrx_word' id='word_1_28' title='bbox 1014 835 1114 896; x_wconf 83' lang='lat' dir='ltr'>cuius</span> <span class='ocrx_word' id='word_1_29' title='bbox 1136 834 1184 895; x_wconf 91' lang='lat' dir='ltr'>rei</span> <span class='ocrx_word' id='word_1_30' title='bbox 1207 834 1349 909; x_wconf 79' lang='lat' dir='ltr'>origines</span> 
     </span>
     <span class='ocr_line' id='line_1_5' title="bbox 84 936 1348 1013; baseline -0.001 -15"><span class='ocrx_word' id='word_1_31' title='bbox 84 940 294 1000; x_wconf 83' lang='lat' dir='ltr'>Macedonicas</span> <span class='ocrx_word' id='word_1_32' title='bbox 314 954 352 999; x_wconf 92' lang='lat' dir='ltr'>eo</span> <span class='ocrx_word' id='word_1_33' title='bbox 374 937 482 1011; x_wconf 86' lang='lat' dir='ltr'>magis</span> <span class='ocrx_word' id='word_1_34' title='bbox 499 936 639 997; x_wconf 86' lang='lat' dir='ltr'>fortasse</span> <span class='ocrx_word' id='word_1_35' title='bbox 660 939 747 998; x_wconf 91' lang='lat' dir='ltr'>cordi</span> <span class='ocrx_word' id='word_1_36' title='bbox 767 938 908 999; x_wconf 88' lang='lat' dir='ltr'>habebat</span> <span class='ocrx_word' id='word_1_37' title='bbox 926 952 1088 1013; x_wconf 79' lang='lat' dir='ltr'>exponere</span> <span class='ocrx_word' id='word_1_38' title='bbox 1108 936 1192 1010; x_wconf 87' lang='lat' dir='ltr'>quod</span> <span class='ocrx_word' id='word_1_39' title='bbox 1212 939 1348 997; x_wconf 86' lang='lat' dir='ltr'>noverat</span> 
     </span>
     <span class='ocr_line' id='line_1_6' title="bbox 26 1037 1348 1116; baseline -0.002 -16"><span class='ocrx_word' id='word_1_40' title='bbox 26 1063 28 1067; x_wconf 55' lang='grc'>’</span> <span class='ocrx_word' id='word_1_41' title='bbox 81 1041 316 1116; x_wconf 83' lang='lat' dir='ltr'>Lycophronem</span> <span class='ocrx_word' id='word_1_42' title='bbox 348 1038 443 1100; x_wconf 82' lang='lat' dir='ltr'>facile</span> <span class='ocrx_word' id='word_1_43' title='bbox 475 1052 494 1098; x_wconf 89' lang='lat' dir='ltr'>a</span> <span class='ocrx_word' id='word_1_44' title='bbox 526 1053 602 1099; x_wconf 83' lang='lat' dir='ltr'>vero</span> <span class='ocrx_word' id='word_1_45' title='bbox 634 1038 798 1099; x_wconf 81' lang='lat' dir='ltr'>auditores</span> <span class='ocrx_word' id='word_1_46' title='bbox 830 1039 1055 1115; x_wconf 84' lang='lat' dir='ltr'>abducturum,</span> <span class='ocrx_word' id='word_1_47' title='bbox 1088 1054 1108 1099; x_wconf 98' lang='lat' dir='ltr'>a</span> <span class='ocrx_word' id='word_1_48' title='bbox 1138 1053 1201 1112; x_wconf 87' lang='lat' dir='ltr'>quo</span> <span class='ocrx_word' id='word_1_49' title='bbox 1224 1037 1348 1112; x_wconf 86' lang='lat' dir='ltr'><strong>Sibylla</strong></span> 
     </span>
     <span class='ocr_line' id='line_1_7' title="bbox 81 1135 1346 1218; baseline -0.004 -14"><span class='ocrx_word' id='word_1_50' title='bbox 81 1142 269 1218; x_wconf 79' lang='lat' dir='ltr'>colophonia</span> <span class='ocrx_word' id='word_1_51' title='bbox 292 1141 414 1216; x_wconf 68' lang='grc' dir='ltr'><em>Κλήρου</em></span> <span class='ocrx_word' id='word_1_52' title='bbox 439 1135 608 1214; x_wconf 79' lang='grc' dir='ltr'><strong><em>Μιμαλλὼν</em></strong></span> <span class='ocrx_word' id='word_1_53' title='bbox 628 1139 715 1200; x_wconf 89' lang='lat' dir='ltr'>dicta</span> <span class='ocrx_word' id='word_1_54' title='bbox 735 1143 806 1201; x_wconf 88' lang='lat' dir='ltr'>erat</span> <span class='ocrx_word' id='word_1_55' title='bbox 826 1155 874 1200; x_wconf 87' lang='lat' dir='ltr'>vs.</span> <span class='ocrx_word' id='word_1_56' title='bbox 901 1140 1002 1213; x_wconf 80' lang='lat'>1464;</span> <span class='ocrx_word' id='word_1_57' title='bbox 1026 1139 1150 1200; x_wconf 81' lang='lat' dir='ltr'>etenim</span> <span class='ocrx_word' id='word_1_58' title='bbox 1173 1154 1248 1200; x_wconf 90' lang='lat' dir='ltr'>curn</span> <span class='ocrx_word' id='word_1_59' title='bbox 1267 1138 1346 1200; x_wconf 88' lang='lat' dir='ltr'>divi·</span> 
     </span>
     <span class='ocr_line' id='line_1_8' title="bbox 80 1239 1346 1316; baseline -0.004 -11"><span class='ocrx_word' id='word_1_60' title='bbox 80 1246 201 1305; x_wconf 85' lang='lat' dir='ltr'>natione</span> <span class='ocrx_word' id='word_1_61' title='bbox 233 1241 385 1303; x_wconf 89' lang='lat' dir='ltr'>Phoebea</span> <span class='ocrx_word' id='word_1_62' title='bbox 407 1239 486 1300; x_wconf 90' lang='lat' dir='ltr'>illud</span> <span class='ocrx_word' id='word_1_63' title='bbox 510 1254 630 1300; x_wconf 91' lang='lat' dir='ltr'>nomen</span> <span class='ocrx_word' id='word_1_64' title='bbox 651 1240 846 1316; x_wconf 91' lang='lat' dir='ltr'>coniungere</span> <span class='ocrx_word' id='word_1_65' title='bbox 870 1241 1006 1301; x_wconf 91' lang='lat' dir='ltr'>minime</span> <span class='ocrx_word' id='word_1_66' title='bbox 1029 1240 1232 1315; x_wconf 88' lang='lat' dir='ltr'>probandum</span> <span class='ocrx_word' id='word_1_67' title='bbox 1254 1239 1346 1300; x_wconf 78' lang='lat' dir='ltr'>Galli·</span> 
     </span>
     <span class='ocr_line' id='line_1_9' title="bbox 79 1336 436 1410; baseline -0.008 -6"><span class='ocrx_word' id='word_1_68' title='bbox 79 1346 185 1406; x_wconf 87' lang='lat' dir='ltr'>macho</span> <span class='ocrx_word' id='word_1_69' title='bbox 209 1343 385 1404; x_wconf 90' lang='lat' dir='ltr'>videbatur</span> <span class='ocrx_word' id='word_1_70' title='bbox 404 1336 436 1410; x_wconf 83' lang='lat'>²).</span> 
     </span>
    </p>

    <p class='ocr_par' dir='ltr' id='par_1_3' title="bbox 17 1441 1347 2430">
     <span class='ocr_line' id='line_1_10' title="bbox 114 1441 1345 1519; baseline 0 -16"><span class='ocrx_word' id='word_1_71' title='bbox 114 1445 260 1518; x_wconf 88' lang='lat' dir='ltr'>Denique</span> <span class='ocrx_word' id='word_1_72' title='bbox 291 1443 378 1504; x_wconf 89' lang='lat' dir='ltr'>hunc</span> <span class='ocrx_word' id='word_1_73' title='bbox 408 1456 534 1516; x_wconf 89' lang='lat' dir='ltr'>quoque</span> <span class='ocrx_word' id='word_1_74' title='bbox 566 1441 664 1501; x_wconf 91' lang='lat' dir='ltr'>deum</span> <span class='ocrx_word' id='word_1_75' title='bbox 695 1443 811 1503; x_wconf 90' lang='lat' dir='ltr'>natum</span> <span class='ocrx_word' id='word_1_76' title='bbox 841 1443 875 1502; x_wconf 91' lang='lat' dir='ltr'>in</span> <span class='ocrx_word' id='word_1_77' title='bbox 907 1442 1042 1503; x_wconf 82' lang='lat' dir='ltr'>Graecia</span> <span class='ocrx_word' id='word_1_78' title='bbox 1065 1442 1177 1503; x_wconf 86' lang='lat' dir='ltr'>voluit.</span> <span class='ocrx_word' id='word_1_79' title='bbox 1201 1442 1345 1519; x_wconf 79' lang='lat' dir='ltr'>Etenim,</span> 
     </span>
     <span class='ocr_line' id='line_1_11' title="bbox 78 1542 1345 1619; baseline 0 -15"><span class='ocrx_word' id='word_1_80' title='bbox 78 1546 201 1606; x_wconf 88' lang='lat' dir='ltr'>etiamsi</span> <span class='ocrx_word' id='word_1_81' title='bbox 239 1544 362 1619; x_wconf 91' lang='lat' dir='ltr'>ingenii</span> <span class='ocrx_word' id='word_1_82' title='bbox 397 1557 535 1604; x_wconf 83' lang='lat' dir='ltr'>acumen</span> <span class='ocrx_word' id='word_1_83' title='bbox 566 1542 666 1602; x_wconf 88' lang='lat' dir='ltr'>nimis</span> <span class='ocrx_word' id='word_1_84' title='bbox 697 1543 802 1603; x_wconf 88' lang='lat' dir='ltr'>multa</span> <span class='ocrx_word' id='word_1_85' title='bbox 831 1543 971 1604; x_wconf 78' lang='lat' dir='ltr'>fortasse</span> <span class='ocrx_word' id='word_1_86' title='bbox 1002 1542 1197 1604; x_wconf 88' lang='lat' dir='ltr'>Schneidero</span> <span class='ocrx_word' id='word_1_87' title='bbox 1231 1559 1345 1619; x_wconf 89' lang='lat' dir='ltr'>suppe-</span> 
     </span>
     <span class='ocr_line' id='line_1_12' title="bbox 22 1632 1346 1726; baseline -0.002 -20"><span class='ocrx_word' id='word_1_88' title='bbox 22 1632 23 1635; x_wconf 28' lang='lat'>¹</span> <span class='ocrx_word' id='word_1_89' title='bbox 77 1646 187 1707; x_wconf 79' lang='lat' dir='ltr'>ditavit</span> <span class='ocrx_word' id='word_1_90' title='bbox 221 1661 305 1720; x_wconf 86' lang='lat' dir='ltr'>quae</span> <span class='ocrx_word' id='word_1_91' title='bbox 334 1645 368 1704; x_wconf 92' lang='lat' dir='ltr'>in</span> <span class='ocrx_word' id='word_1_92' title='bbox 398 1645 570 1705; x_wconf 82' lang='lat' dir='ltr'>Aetiorum</span> <span class='ocrx_word' id='word_1_93' title='bbox 600 1644 759 1718; x_wconf 81' lang='lat' dir='ltr'>singulari</span> <span class='ocrx_word' id='word_1_94' title='bbox 790 1646 894 1720; x_wconf 90' lang='lat' dir='ltr'>elegia</span> <span class='ocrx_word' id='word_1_95' title='bbox 927 1641 995 1724; x_wconf 76' lang='grc' dir='ltr'>περὶ</span> <span class='ocrx_word' id='word_1_96' title='bbox 1024 1640 1158 1723; x_wconf 77' lang='grc' dir='ltr'><strong><em>Σεμέλης</em></strong></span> <span class='ocrx_word' id='word_1_97' title='bbox 1188 1642 1346 1726; x_wconf 75' lang='grc' dir='ltr'>ἀναγωγῆς</span> 
     </span>
     <span class='ocr_line' id='line_1_13' title="bbox 77 1746 1345 1823; baseline 0.003 -17"><span class='ocrx_word' id='word_1_98' title='bbox 77 1750 221 1808; x_wconf 87' lang='lat' dir='ltr'>enarrata</span> <span class='ocrx_word' id='word_1_99' title='bbox 240 1762 261 1807; x_wconf 88' lang='lat' dir='ltr'>a</span> <span class='ocrx_word' id='word_1_100' title='bbox 279 1749 376 1823; x_wconf 88' lang='lat' dir='ltr'>poeta</span> <span class='ocrx_word' id='word_1_101' title='bbox 394 1748 538 1822; x_wconf 89' lang='lat' dir='ltr'>putaret,</span> <span class='ocrx_word' id='word_1_102' title='bbox 560 1746 634 1821; x_wconf 93' lang='lat' dir='ltr'>hoc,</span> <span class='ocrx_word' id='word_1_103' title='bbox 656 1746 691 1806; x_wconf 91' lang='lat' dir='ltr'>ni</span> <span class='ocrx_word' id='word_1_104' title='bbox 710 1747 813 1822; x_wconf 86' lang='lat' dir='ltr'>fallor,</span> <span class='ocrx_word' id='word_1_105' title='bbox 834 1748 904 1808; x_wconf 90' lang='lat' dir='ltr'>viro</span> <span class='ocrx_word' id='word_1_106' title='bbox 924 1747 1092 1821; x_wconf 88' lang='lat' dir='ltr'>ingenioso</span> <span class='ocrx_word' id='word_1_107' title='bbox 1112 1746 1207 1808; x_wconf 78' lang='lat' dir='ltr'>facile</span> <span class='ocrx_word' id='word_1_108' title='bbox 1219 1762 1345 1810; x_wconf 87' lang='lat' dir='ltr'>conces·</span> 
     </span>
     <span class='ocr_line' id='line_1_14' title="bbox 77 1845 1346 1930; baseline -0.001 -21"><span class='ocrx_word' id='word_1_109' title='bbox 77 1850 147 1909; x_wconf 88' lang='lat' dir='ltr'>serit</span> <span class='ocrx_word' id='word_1_110' title='bbox 177 1849 302 1924; x_wconf 87' lang='lat' dir='ltr'>quivis,</span> <span class='ocrx_word' id='word_1_111' title='bbox 336 1863 374 1908; x_wconf 92' lang='lat' dir='ltr'>eo</span> <span class='ocrx_word' id='word_1_112' title='bbox 397 1847 594 1908; x_wconf 83' lang='lat' dir='ltr'>trahendum</span> <span class='ocrx_word' id='word_1_113' title='bbox 619 1861 692 1907; x_wconf 91' lang='lat' dir='ltr'>esse</span> <span class='ocrx_word' id='word_1_114' title='bbox 715 1847 754 1908; x_wconf 87' lang='lat' dir='ltr'>fr.</span> <span class='ocrx_word' id='word_1_115' title='bbox 783 1849 845 1908; x_wconf 82' lang='lat'>163</span> <span class='ocrx_word' id='word_1_116' title='bbox 870 1845 902 1907; x_wconf 81' lang='lat' dir='ltr'>lv</span> <span class='ocrx_word' id='word_1_117' title='bbox 925 1847 994 1930; x_wconf 71' lang='grc' dir='ltr'>Δίῃ·</span> <span class='ocrx_word' id='word_1_118' title='bbox 1016 1845 1050 1907; x_wconf 79' lang='grc' dir='ltr'>τὸ</span> <span class='ocrx_word' id='word_1_119' title='bbox 1072 1845 1128 1928; x_wconf 74' lang='grc' dir='ltr'>γὰρ</span> <span class='ocrx_word' id='word_1_120' title='bbox 1152 1846 1217 1908; x_wconf 76' lang='grc' dir='ltr'>ἔσκε</span> <span class='ocrx_word' id='word_1_121' title='bbox 1240 1848 1346 1908; x_wconf 67' lang='lat' dir='ltr'>uolat</span> 
     </span>
     <span class='ocr_line' id='line_1_15' title="bbox 77 1946 1345 2032; baseline 0.003 -25"><span class='ocrx_word' id='word_1_122' title='bbox 77 1970 152 2026; x_wconf 72' lang='lat' dir='ltr'>opor</span> <span class='ocrx_word' id='word_1_123' title='bbox 191 1946 310 2025; x_wconf 78' lang='grc' dir='ltr'><strong><em>οὕνομα</em></strong></span> <span class='ocrx_word' id='word_1_124' title='bbox 345 1947 451 2032; x_wconf 76' lang='grc' dir='ltr'><strong><em>Νάξῳ,</em></strong></span> <span class='ocrx_word' id='word_1_125' title='bbox 488 1949 642 2022; x_wconf 90' lang='lat' dir='ltr'>quoniam</span> <span class='ocrx_word' id='word_1_126' title='bbox 677 1949 762 2009; x_wconf 92' lang='lat' dir='ltr'>teste</span> <span class='ocrx_word' id='word_1_127' title='bbox 797 1948 990 2024; x_wconf 84' lang='lat' dir='ltr'>Asclepiade</span> <span class='ocrx_word' id='word_1_128' title='bbox 1024 1948 1109 2024; x_wconf 89' lang='lat' dir='ltr'>apud</span> <span class='ocrx_word' id='word_1_129' title='bbox 1144 1949 1345 2024; x_wconf 83' lang='lat' dir='ltr'>Stephanum</span> 
     </span>
     <span class='ocr_line' id='line_1_16' title="bbox 17 2047 1347 2139; baseline 0.002 -30"><span class='ocrx_word' id='word_1_130' title='bbox 17 2131 19 2139; x_wconf 46' lang='lat'>,</span> <span class='ocrx_word' id='word_1_131' title='bbox 78 2050 291 2124; x_wconf 86' lang='lat' dir='ltr'>Byzantinum</span> <span class='ocrx_word' id='word_1_132' title='bbox 326 2050 356 2119; x_wconf 83' lang='lat' dir='ltr'>(i.</span> <span class='ocrx_word' id='word_1_133' title='bbox 372 2065 400 2110; x_wconf 86' lang='lat' dir='ltr'>o.</span> <span class='ocrx_word' id='word_1_134' title='bbox 426 2047 538 2121; x_wconf 82' lang='grc' dir='ltr'>Νάξος)</span> <span class='ocrx_word' id='word_1_135' title='bbox 573 2048 670 2109; x_wconf 86' lang='lat' dir='ltr'>Naxii</span> <span class='ocrx_word' id='word_1_136' title='bbox 705 2049 788 2125; x_wconf 88' lang='lat' dir='ltr'>apud</span> <span class='ocrx_word' id='word_1_137' title='bbox 829 2065 865 2111; x_wconf 90' lang='lat' dir='ltr'>se</span> <span class='ocrx_word' id='word_1_138' title='bbox 909 2052 1025 2111; x_wconf 90' lang='lat' dir='ltr'>natum</span> <span class='ocrx_word' id='word_1_139' title='bbox 1058 2051 1239 2126; x_wconf 86' lang='lat' dir='ltr'>Dionysum</span> <span class='ocrx_word' id='word_1_140' title='bbox 1274 2067 1347 2114; x_wconf 91' lang='lat' dir='ltr'>con·</span> 
     </span>
     <span class='ocr_line' id='line_1_17' title="bbox 17 2147 1344 2235; baseline 0.003 -24"><span class='ocrx_word' id='word_1_141' title='bbox 17 2191 19 2235; x_wconf 68' lang='lat'>3</span> <span class='ocrx_word' id='word_1_142' title='bbox 79 2151 261 2227; x_wconf 74' lang='lat' dir='ltr'>tendebant,</span> <span class='ocrx_word' id='word_1_143' title='bbox 294 2152 393 2225; x_wconf 74' lang='lat' dir='ltr'>atque</span> <span class='ocrx_word' id='word_1_144' title='bbox 426 2150 511 2225; x_wconf 80' lang='lat' dir='ltr'>apud</span> <span class='ocrx_word' id='word_1_145' title='bbox 542 2164 578 2208; x_wconf 78' lang='lat' dir='ltr'>SD</span> <span class='ocrx_word' id='word_1_146' title='bbox 608 2147 659 2220; x_wconf 77' lang='grc' dir='ltr'>τὰς</span> <span class='ocrx_word' id='word_1_147' title='bbox 690 2154 835 2228; x_wconf 81' lang='grc' dir='ltr'><strong><em>γυναῖκας</em></strong></span> <span class='ocrx_word' id='word_1_148' title='bbox 859 2149 953 2228; x_wconf 81' lang='grc' dir='ltr'>μόνας</span> <span class='ocrx_word' id='word_1_149' title='bbox 976 2147 1129 2228; x_wconf 75' lang='grc' dir='ltr'><strong><em>ὀκτάμηνα</em></strong></span> <span class='ocrx_word' id='word_1_150' title='bbox 1151 2152 1300 2215; x_wconf 80' lang='grc' dir='ltr'><strong><em>τίκτειν..</em></strong></span> <span class='ocrx_word' id='word_1_151' title='bbox 1316 2199 1344 2215; x_wconf 87' lang='grc'>..</span> 
     </span>
     <span class='ocr_line' id='line_1_18' title="bbox 17 2237 1346 2329; baseline 0.006 -21"><span class='ocrx_word' id='word_1_152' title='bbox 17 2237 19 2277; x_wconf 61' lang='lat'>3</span> <span class='ocrx_word' id='word_1_153' title='bbox 79 2249 113 2310; x_wconf 78' lang='lat' dir='ltr'>io</span> <span class='ocrx_word' id='word_1_154' title='bbox 141 2249 192 2312; x_wconf 78' lang='lat' dir='ltr'>aul</span> <span class='ocrx_word' id='word_1_155' title='bbox 224 2249 315 2323; x_wconf 80' lang='grc' dir='ltr'><strong><em>αὐτὸς</em></strong></span> <span class='ocrx_word' id='word_1_156' title='bbox 346 2247 362 2311; x_wconf 83' lang='grc' dir='ltr'>ὁ</span> <span class='ocrx_word' id='word_1_157' title='bbox 393 2249 542 2321; x_wconf 81' lang='grc' dir='ltr'><strong><em>Διόνυσος</em></strong></span> <span class='ocrx_word' id='word_1_158' title='bbox 566 2249 659 2321; x_wconf 74' lang='grc' dir='ltr'><strong><em>οὕτως</em></strong></span> <span class='ocrx_word' id='word_1_159' title='bbox 684 2247 796 2329; x_wconf 74' lang='grc' dir='ltr'><strong><em>ἐτέχθη.</em></strong></span> <span class='ocrx_word' id='word_1_160' title='bbox 825 2251 975 2312; x_wconf 80' lang='lat' dir='ltr'>Ceterum</span> <span class='ocrx_word' id='word_1_161' title='bbox 999 2252 1104 2313; x_wconf 83' lang='lat' dir='ltr'>noluit</span> <span class='ocrx_word' id='word_1_162' title='bbox 1127 2251 1346 2316; x_wconf 71' lang='lat' dir='ltr'>Callimachus</span> 
     </span>
     <span class='ocr_line' id='line_1_19' title="bbox 79 2350 1346 2430; baseline 0.005 -19"><span class='ocrx_word' id='word_1_163' title='bbox 79 2351 206 2429; x_wconf 86' lang='lat' dir='ltr'>Dionysi</span> <span class='ocrx_word' id='word_1_164' title='bbox 240 2366 421 2427; x_wconf 81' lang='lat' dir='ltr'>cognomen</span> <span class='ocrx_word' id='word_1_165' title='bbox 454 2350 633 2430; x_wconf 73' lang='grc' dir='ltr'><strong><em>εἰραφιώτης</em></strong></span> <span class='ocrx_word' id='word_1_166' title='bbox 669 2366 744 2411; x_wconf 92' lang='lat' dir='ltr'>cum</span> <span class='ocrx_word' id='word_1_167' title='bbox 780 2353 897 2413; x_wconf 91' lang='lat' dir='ltr'>ceteris</span> <span class='ocrx_word' id='word_1_168' title='bbox 932 2353 1132 2428; x_wconf 85' lang='lat' dir='ltr'>mythologie</span> <span class='ocrx_word' id='word_1_169' title='bbox 1166 2355 1346 2417; x_wconf 91' lang='lat' dir='ltr'>secundum</span> 
     </span>
    </p>
   </div>
   <div class='ocr_carea' id='block_1_3' title="bbox 79 2451 1347 2633">
    <p class='ocr_par' dir='ltr' id='par_1_4' title="bbox 79 2451 1347 2633">
     <span class='ocr_line' id='line_1_20' title="bbox 80 2451 1345 2532; baseline 0.006 -22"><span class='ocrx_word' id='word_1_170' title='bbox 80 2454 240 2529; x_wconf 83' lang='lat' dir='ltr'>vulgatam</span> <span class='ocrx_word' id='word_1_171' title='bbox 272 2453 506 2527; x_wconf 88' lang='lat' dir='ltr'>etymologiam</span> <span class='ocrx_word' id='word_1_172' title='bbox 538 2451 685 2513; x_wconf 89' lang='lat' dir='ltr'>derivare</span> <span class='ocrx_word' id='word_1_173' title='bbox 716 2452 755 2512; x_wconf 92' lang='lat' dir='ltr'>de</span> <span class='ocrx_word' id='word_1_174' title='bbox 787 2452 885 2513; x_wconf 88' lang='lat' dir='ltr'>verbo</span> <span class='ocrx_word' id='word_1_175' title='bbox 909 2451 1043 2532; x_wconf 72' lang='grc' dir='ltr'>ῥάπτειν,</span> <span class='ocrx_word' id='word_1_176' title='bbox 1066 2454 1124 2513; x_wconf 81' lang='lat' dir='ltr'>vix</span> <span class='ocrx_word' id='word_1_177' title='bbox 1147 2456 1236 2516; x_wconf 89' lang='lat' dir='ltr'>enim</span> <span class='ocrx_word' id='word_1_178' title='bbox 1257 2456 1345 2518; x_wconf 87' lang='lat' dir='ltr'>fabu-</span> 
     </span>
     <span class='ocr_line' id='line_1_21' title="bbox 79 2551 1347 2633; baseline 0.003 -18"><span class='ocrx_word' id='word_1_179' title='bbox 79 2551 136 2615; x_wconf 86' lang='lat' dir='ltr'>lam</span> <span class='ocrx_word' id='word_1_180' title='bbox 169 2555 211 2615; x_wconf 93' lang='lat' dir='ltr'>de</span> <span class='ocrx_word' id='word_1_181' title='bbox 242 2557 434 2633; x_wconf 74' lang='grc' dir='ltr'><strong><em>μηρορραφεῖ</em></strong></span> <span class='ocrx_word' id='word_1_182' title='bbox 458 2553 602 2628; x_wconf 90' lang='lat' dir='ltr'>Dionyso</span> <span class='ocrx_word' id='word_1_183' title='bbox 636 2553 799 2631; x_wconf 84' lang='lat' dir='ltr'>probavit,</span> <span class='ocrx_word' id='word_1_184' title='bbox 832 2553 889 2614; x_wconf 91' lang='lat' dir='ltr'>sed</span> <span class='ocrx_word' id='word_1_185' title='bbox 919 2554 1006 2615; x_wconf 90' lang='lat' dir='ltr'>sicut</span> <span class='ocrx_word' id='word_1_186' title='bbox 1040 2569 1137 2629; x_wconf 90' lang='lat' dir='ltr'>capra</span> <span class='ocrx_word' id='word_1_187' title='bbox 1170 2556 1347 2619; x_wconf 87' lang='lat' dir='ltr'>Amalthea</span> 
     </span>
    </p>
   </div>
   <div class='ocr_carea' id='block_1_4' title="bbox 79 2652 1347 3139">
    <p class='ocr_par' dir='ltr' id='par_1_5' title="bbox 79 2652 1347 3139">
     <span class='ocr_line' id='line_1_22' title="bbox 80 2652 1347 2731; baseline 0.007 -21"><span class='ocrx_word' id='word_1_188' title='bbox 80 2652 181 2716; x_wconf 86' lang='lat' dir='ltr'>lovem</span> <span class='ocrx_word' id='word_1_189' title='bbox 206 2655 385 2717; x_wconf 87' lang='lat' dir='ltr'>nutrivisse</span> <span class='ocrx_word' id='word_1_190' title='bbox 408 2655 575 2715; x_wconf 87' lang='lat' dir='ltr'>dicebatur</span> <span class='ocrx_word' id='word_1_191' title='bbox 599 2655 633 2716; x_wconf 91' lang='lat' dir='ltr'>in</span> <span class='ocrx_word' id='word_1_192' title='bbox 653 2655 761 2715; x_wconf 89' lang='lat' dir='ltr'>insula</span> <span class='ocrx_word' id='word_1_193' title='bbox 781 2654 889 2730; x_wconf 78' lang='lat' dir='ltr'>(treta,</span> <span class='ocrx_word' id='word_1_194' title='bbox 911 2655 959 2715; x_wconf 89' lang='lat' dir='ltr'>ita</span> <span class='ocrx_word' id='word_1_195' title='bbox 977 2656 1048 2715; x_wconf 89' lang='lat' dir='ltr'>sive</span> <span class='ocrx_word' id='word_1_196' title='bbox 1072 2670 1091 2714; x_wconf 93' lang='lat' dir='ltr'>a</span> <span class='ocrx_word' id='word_1_197' title='bbox 1113 2657 1259 2731; x_wconf 91' lang='lat' dir='ltr'>nympha</span> <span class='ocrx_word' id='word_1_198' title='bbox 1275 2659 1347 2719; x_wconf 86' lang='lat' dir='ltr'>sive</span> 
     </span>
     <span class='ocr_line' id='line_1_23' title="bbox 79 2756 1346 2832; baseline 0.006 -20"><span class='ocrx_word' id='word_1_199' title='bbox 79 2768 94 2812; x_wconf 89' lang='lat' dir='ltr'>a</span> <span class='ocrx_word' id='word_1_200' title='bbox 119 2771 217 2831; x_wconf 89' lang='lat' dir='ltr'>capra</span> <span class='ocrx_word' id='word_1_201' title='bbox 246 2756 366 2831; x_wconf 83' lang='lat' dir='ltr'>Eripha</span> <span class='ocrx_word' id='word_1_202' title='bbox 394 2756 577 2830; x_wconf 88' lang='lat' dir='ltr'>Dionysum</span> <span class='ocrx_word' id='word_1_203' title='bbox 606 2771 733 2830; x_wconf 83' lang='lat' dir='ltr'>quoque</span> <span class='ocrx_word' id='word_1_204' title='bbox 763 2757 924 2816; x_wconf 87' lang='lat' dir='ltr'>nutritum</span> <span class='ocrx_word' id='word_1_205' title='bbox 955 2771 1028 2817; x_wconf 88' lang='lat' dir='ltr'>esse</span> <span class='ocrx_word' id='word_1_206' title='bbox 1059 2757 1176 2832; x_wconf 89' lang='lat' dir='ltr'>voluit;</span> <span class='ocrx_word' id='word_1_207' title='bbox 1204 2773 1283 2819; x_wconf 89' lang='lat' dir='ltr'>nam</span> <span class='ocrx_word' id='word_1_208' title='bbox 1307 2760 1346 2820; x_wconf 90' lang='lat' dir='ltr'>de</span> 
     </span>
     <span class='ocr_line' id='line_1_24' title="bbox 79 2857 1213 2934; baseline 0 -16"><span class='ocrx_word' id='word_1_209' title='bbox 79 2859 184 2918; x_wconf 83' lang='lat' dir='ltr'>eadem</span> <span class='ocrx_word' id='word_1_210' title='bbox 208 2857 316 2918; x_wconf 88' lang='lat' dir='ltr'>insula</span> <span class='ocrx_word' id='word_1_211' title='bbox 338 2857 444 2933; x_wconf 82' lang='lat' dir='ltr'>Naxo,</span> <span class='ocrx_word' id='word_1_212' title='bbox 469 2859 506 2917; x_wconf 92' lang='lat' dir='ltr'>ut</span> <span class='ocrx_word' id='word_1_213' title='bbox 528 2859 616 2918; x_wconf 86' lang='lat' dir='ltr'>recte</span> <span class='ocrx_word' id='word_1_214' title='bbox 641 2858 857 2918; x_wconf 90' lang='lat' dir='ltr'>Schneiderus</span> <span class='ocrx_word' id='word_1_215' title='bbox 881 2857 1034 2934; x_wconf 85' lang='lat' dir='ltr'>coniecit,</span> <span class='ocrx_word' id='word_1_216' title='bbox 1060 2858 1107 2918; x_wconf 91' lang='lat' dir='ltr'>ita</span> <span class='ocrx_word' id='word_1_217' title='bbox 1129 2858 1213 2919; x_wconf 84' lang='lat' dir='ltr'>dixit</span> 
     </span>
     <span class='ocr_line' id='line_1_25' title="bbox 427 2950 1105 3038; baseline 0.001 -22"><span class='ocrx_word' id='word_1_218' title='bbox 427 2960 508 3017; x_wconf 74' lang='grc' dir='ltr'><strong><em>κεῖθι</em></strong></span> <span class='ocrx_word' id='word_1_219' title='bbox 532 2954 564 3017; x_wconf 80' lang='grc' dir='ltr'>δέ</span> <span class='ocrx_word' id='word_1_220' title='bbox 587 2956 620 3017; x_wconf 77' lang='grc' dir='ltr'>οἱ</span> <span class='ocrx_word' id='word_1_221' title='bbox 639 2956 740 3037; x_wconf 73' lang='grc' dir='ltr'><strong><em>πρώτη</em></strong></span> <span class='ocrx_word' id='word_1_222' title='bbox 764 2955 857 3036; x_wconf 79' lang='grc' dir='ltr'><strong><em>μαζὸν</em></strong></span> <span class='ocrx_word' id='word_1_223' title='bbox 880 2950 973 3036; x_wconf 60' lang='lat' dir='ltr'>inici</span> <span class='ocrx_word' id='word_1_224' title='bbox 994 2951 1105 3038; x_wconf 73' lang='lat' dir='ltr'>’Eplprp</span> 
     </span>
     <span class='ocr_line' id='line_1_26' title="bbox 292 3051 1191 3139; baseline 0.001 -20"><span class='ocrx_word' id='word_1_225' title='bbox 292 3055 380 3138; x_wconf 69' lang='grc' dir='ltr'><em>χωρὶς</em></span> <span class='ocrx_word' id='word_1_226' title='bbox 402 3051 450 3118; x_wconf 77' lang='grc' dir='ltr'>ἀπ’</span> <span class='ocrx_word' id='word_1_227' title='bbox 476 3054 650 3137; x_wconf 77' lang='grc' dir='ltr'><strong><em>ἀνθρώπων</em></strong></span> <span class='ocrx_word' id='word_1_228' title='bbox 672 3055 725 3118; x_wconf 76' lang='lat' dir='ltr'>aul</span> <span class='ocrx_word' id='word_1_229' title='bbox 747 3053 916 3136; x_wconf 68' lang='lat' dir='ltr'>awtpas’</span> <span class='ocrx_word' id='word_1_230' title='bbox 945 3057 1148 3139; x_wconf 69' lang='lat' dir='ltr'>Elpcproicnv.</span> <span class='ocrx_word' id='word_1_231' title='bbox 1170 3053 1191 3131; x_wconf 67' lang='lat' dir='ltr'>’l</span> 
     </span>
    </p>
   </div>
   <div class='ocr_carea' id='block_1_5' title="bbox 64 3260 1346 3846">
    <p class='ocr_par' dir='ltr' id='par_1_6' title="bbox 64 3260 1346 3846">
     <span class='ocr_line' id='line_1_27' title="bbox 114 3260 1344 3340; baseline 0.004 -17"><span class='ocrx_word' id='word_1_232' title='bbox 114 3260 163 3325; x_wconf 91' lang='lat' dir='ltr'>Ne</span> <span class='ocrx_word' id='word_1_233' title='bbox 187 3262 323 3338; x_wconf 82' lang='lat' dir='ltr'>Sarapin</span> <span class='ocrx_word' id='word_1_234' title='bbox 344 3263 490 3338; x_wconf 91' lang='lat' dir='ltr'>quidem,</span> <span class='ocrx_word' id='word_1_235' title='bbox 520 3262 613 3322; x_wconf 89' lang='lat' dir='ltr'>euius</span> <span class='ocrx_word' id='word_1_236' title='bbox 636 3275 759 3322; x_wconf 89' lang='lat' dir='ltr'>numen</span> <span class='ocrx_word' id='word_1_237' title='bbox 783 3261 830 3322; x_wconf 89' lang='lat' dir='ltr'>ita</span> <span class='ocrx_word' id='word_1_238' title='bbox 853 3277 986 3337; x_wconf 89' lang='lat' dir='ltr'>prorsus</span> <span class='ocrx_word' id='word_1_239' title='bbox 1012 3264 1149 3325; x_wconf 88' lang='lat' dir='ltr'>Osiridis</span> <span class='ocrx_word' id='word_1_240' title='bbox 1171 3281 1344 3340; x_wconf 89' lang='lat' dir='ltr'>personam</span> 
     </span>
     <span class='ocr_line' id='line_1_28' title="bbox 71 3362 1344 3442; baseline 0.004 -19"><span class='ocrx_word' id='word_1_241' title='bbox 71 3377 145 3426; x_wconf 91' lang='lat' dir='ltr'>cum</span> <span class='ocrx_word' id='word_1_242' title='bbox 169 3379 231 3424; x_wconf 90' lang='lat' dir='ltr'>sua</span> <span class='ocrx_word' id='word_1_243' title='bbox 261 3363 485 3438; x_wconf 89' lang='lat' dir='ltr'>commiscuit,</span> <span class='ocrx_word' id='word_1_244' title='bbox 519 3365 555 3423; x_wconf 90' lang='lat' dir='ltr'>ut</span> <span class='ocrx_word' id='word_1_245' title='bbox 588 3362 673 3438; x_wconf 90' lang='lat' dir='ltr'>apud</span> <span class='ocrx_word' id='word_1_246' title='bbox 697 3363 838 3425; x_wconf 81' lang='lat' dir='ltr'>Graecos</span> <span class='ocrx_word' id='word_1_247' title='bbox 861 3365 1048 3439; x_wconf 87' lang='lat' dir='ltr'>Aegyptum</span> <span class='ocrx_word' id='word_1_248' title='bbox 1077 3365 1231 3442; x_wconf 87' lang='lat' dir='ltr'>colentes,</span> <span class='ocrx_word' id='word_1_249' title='bbox 1259 3371 1344 3442; x_wconf 90' lang='lat' dir='ltr'>post·</span> 
     </span>
     <span class='ocr_line' id='line_1_29' title="bbox 68 3463 1346 3542; baseline 0.002 -14"><span class='ocrx_word' id='word_1_250' title='bbox 68 3480 169 3542; x_wconf 87' lang='lat' dir='ltr'>quam</span> <span class='ocrx_word' id='word_1_251' title='bbox 200 3463 305 3524; x_wconf 89' lang='lat' dir='ltr'>semel</span> <span class='ocrx_word' id='word_1_252' title='bbox 327 3463 437 3524; x_wconf 87' lang='lat' dir='ltr'>iloruit</span> <span class='ocrx_word' id='word_1_253' title='bbox 460 3464 625 3538; x_wconf 86' lang='lat' dir='ltr'>Sarapidis</span> <span class='ocrx_word' id='word_1_254' title='bbox 648 3464 770 3541; x_wconf 89' lang='lat' dir='ltr'>cultus,</span> <span class='ocrx_word' id='word_1_255' title='bbox 795 3464 863 3525; x_wconf 84' lang='lat' dir='ltr'>fere</span> <span class='ocrx_word' id='word_1_256' title='bbox 887 3480 951 3525; x_wconf 91' lang='lat' dir='ltr'>non</span> <span class='ocrx_word' id='word_1_257' title='bbox 976 3465 1118 3540; x_wconf 91' lang='lat' dir='ltr'>amplius</span> <span class='ocrx_word' id='word_1_258' title='bbox 1140 3464 1199 3528; x_wconf 87' lang='lat' dir='ltr'>flat</span> <span class='ocrx_word' id='word_1_259' title='bbox 1220 3470 1346 3530; x_wconf 89' lang='lat' dir='ltr'>mentio</span> 
     </span>
     <span class='ocr_line' id='line_1_30' title="bbox 67 3565 1343 3642; baseline -0.001 -11"><span class='ocrx_word' id='word_1_260' title='bbox 67 3567 221 3642; x_wconf 85' lang='lat' dir='ltr'>Osiridis,</span> <span class='ocrx_word' id='word_1_261' title='bbox 260 3581 404 3640; x_wconf 84' lang='lat' dir='ltr'>unquam</span> <span class='ocrx_word' id='word_1_262' title='bbox 444 3566 508 3625; x_wconf 92' lang='lat' dir='ltr'>nisi</span> <span class='ocrx_word' id='word_1_263' title='bbox 543 3567 664 3641; x_wconf 87' lang='lat' dir='ltr'>raptim</span> <span class='ocrx_word' id='word_1_264' title='bbox 705 3568 738 3626; x_wconf 92' lang='lat' dir='ltr'>et</span> <span class='ocrx_word' id='word_1_265' title='bbox 779 3565 883 3627; x_wconf 88' lang='lat' dir='ltr'>obiter</span> <span class='ocrx_word' id='word_1_266' title='bbox 916 3568 1080 3627; x_wconf 88' lang='lat' dir='ltr'>memorat</span> <span class='ocrx_word' id='word_1_267' title='bbox 1114 3566 1343 3631; x_wconf 81' lang='lat' dir='ltr'>Callimachus.</span> 
     </span>
     <span class='ocr_line' id='line_1_31' title="bbox 65 3665 1345 3743; baseline 0.002 -13"><span class='ocrx_word' id='word_1_268' title='bbox 65 3666 181 3743; x_wconf 84' lang='lat' dir='ltr'>Neque</span> <span class='ocrx_word' id='word_1_269' title='bbox 204 3665 236 3726; x_wconf 90' lang='lat' dir='ltr'>id</span> <span class='ocrx_word' id='word_1_270' title='bbox 259 3665 336 3727; x_wconf 80' lang='lat' dir='ltr'>iecit</span> <span class='ocrx_word' id='word_1_271' title='bbox 359 3667 393 3728; x_wconf 89' lang='lat' dir='ltr'>in</span> <span class='ocrx_word' id='word_1_272' title='bbox 416 3667 560 3741; x_wconf 89' lang='lat' dir='ltr'>hymnis.</span> <span class='ocrx_word' id='word_1_273' title='bbox 593 3666 803 3742; x_wconf 81' lang='lat' dir='ltr'>Epigramma</span> <span class='ocrx_word' id='word_1_274' title='bbox 826 3672 878 3728; x_wconf 89' lang='lat' dir='ltr'>est</span> <span class='ocrx_word' id='word_1_275' title='bbox 899 3667 971 3729; x_wconf 85' lang='lat' dir='ltr'>LVI</span> <span class='ocrx_word' id='word_1_276' title='bbox 994 3683 1057 3742; x_wconf 87' lang='lat' dir='ltr'>quo</span> <span class='ocrx_word' id='word_1_277' title='bbox 1080 3667 1232 3730; x_wconf 91' lang='lat' dir='ltr'>laudatur</span> <span class='ocrx_word' id='word_1_278' title='bbox 1254 3672 1345 3732; x_wconf 88' lang='lat' dir='ltr'>Sara·</span> 
     </span>
     <span class='ocr_line' id='line_1_32' title="bbox 64 3767 1344 3846; baseline 0.002 -16"><span class='ocrx_word' id='word_1_279' title='bbox 64 3772 135 3846; x_wconf 85' lang='lat' dir='ltr'>pis,</span> <span class='ocrx_word' id='word_1_280' title='bbox 160 3782 360 3843; x_wconf 86' lang='lat' dir='ltr'>quamquam</span> <span class='ocrx_word' id='word_1_281' title='bbox 383 3782 448 3828; x_wconf 92' lang='lat' dir='ltr'>non</span> <span class='ocrx_word' id='word_1_282' title='bbox 471 3768 713 3829; x_wconf 83' lang='lat' dir='ltr'>Alexandrinus</span> <span class='ocrx_word' id='word_1_283' title='bbox 736 3769 829 3844; x_wconf 89' lang='lat' dir='ltr'>deus,</span> <span class='ocrx_word' id='word_1_284' title='bbox 854 3770 911 3829; x_wconf 91' lang='lat' dir='ltr'>sed</span> <span class='ocrx_word' id='word_1_285' title='bbox 931 3770 974 3845; x_wconf 88' lang='lat' dir='ltr'>is,</span> <span class='ocrx_word' id='word_1_286' title='bbox 995 3770 1050 3842; x_wconf 91' lang='lat' dir='ltr'>qui</span> <span class='ocrx_word' id='word_1_287' title='bbox 1070 3767 1190 3829; x_wconf 80' lang='lat' dir='ltr'>Oanobi</span> <span class='ocrx_word' id='word_1_288' title='bbox 1213 3771 1344 3832; x_wconf 88' lang='lat' dir='ltr'>colitur:</span> 
     </span>
    </p>
   </div>
   <div class='ocr_carea' id='block_1_6' title="bbox 67 3973 1345 4675">
    <p class='ocr_par' dir='ltr' id='par_1_7' title="bbox 104 3973 854 4039">
     <span class='ocr_line' id='line_1_33' title="bbox 104 3973 854 4039; baseline 0 -15"><span class='ocrx_word' id='word_1_289' title='bbox 104 3976 124 4035; x_wconf 85' lang='grc' dir='ltr'>Ι)</span> <span class='ocrx_word' id='word_1_290' title='bbox 141 3975 282 4024; x_wconf 85' lang='lat' dir='ltr'>Schneider</span> <span class='ocrx_word' id='word_1_291' title='bbox 301 3973 362 4022; x_wconf 79' lang='lat' dir='ltr'>call.</span> <span class='ocrx_word' id='word_1_292' title='bbox 380 3975 414 4023; x_wconf 88' lang='grc' dir='ltr'>ΙΙ.</span> <span class='ocrx_word' id='word_1_293' title='bbox 434 3977 490 4024; x_wconf 77' lang='grc'><strong>580.</strong></span> <span class='ocrx_word' id='word_1_294' title='bbox 508 3976 629 4036; x_wconf 78' lang='lat' dir='ltr'>Polysen.</span> <span class='ocrx_word' id='word_1_295' title='bbox 646 3975 752 4039; x_wconf 74' lang='lat' dir='ltr'>Stratey.</span> <span class='ocrx_word' id='word_1_296' title='bbox 769 3977 812 4024; x_wconf 84' lang='lat' dir='ltr'>tv.</span> <span class='ocrx_word' id='word_1_297' title='bbox 832 3979 854 4024; x_wconf 87' lang='lat'>1.</span> 
     </span>
    </p>

    <p class='ocr_par' dir='ltr' id='par_1_8' title="bbox 68 4053 1344 4197">
     <span class='ocr_line' id='line_1_34' title="bbox 102 4053 1344 4118; baseline 0.006 -14"><span class='ocrx_word' id='word_1_298' title='bbox 102 4053 123 4118; x_wconf 70' lang='lat'>2)</span> <span class='ocrx_word' id='word_1_299' title='bbox 142 4056 198 4104; x_wconf 77' lang='lat' dir='ltr'>Non</span> <span class='ocrx_word' id='word_1_300' title='bbox 215 4055 378 4104; x_wconf 79' lang='lat' dir='ltr'>obtrudende</span> <span class='ocrx_word' id='word_1_301' title='bbox 394 4059 434 4103; x_wconf 83' lang='lat' dir='ltr'>est</span> <span class='ocrx_word' id='word_1_302' title='bbox 448 4056 612 4117; x_wconf 83' lang='lat' dir='ltr'>Lycophroni</span> <span class='ocrx_word' id='word_1_303' title='bbox 625 4057 781 4116; x_wconf 76' lang='lat' dir='ltr'>etymologis</span> <span class='ocrx_word' id='word_1_304' title='bbox 797 4070 875 4117; x_wconf 75' lang='lat' dir='ltr'>quam</span> <span class='ocrx_word' id='word_1_305' title='bbox 892 4056 964 4104; x_wconf 81' lang='lat' dir='ltr'>dedit</span> <span class='ocrx_word' id='word_1_306' title='bbox 980 4058 1088 4105; x_wconf 74' lang='lat' dir='ltr'>Daetaes</span> <span class='ocrx_word' id='word_1_307' title='bbox 1106 4058 1139 4106; x_wconf 73' lang='lat' dir='ltr'>sd</span> <span class='ocrx_word' id='word_1_308' title='bbox 1155 4059 1225 4108; x_wconf 84' lang='lat' dir='ltr'>huno</span> <span class='ocrx_word' id='word_1_309' title='bbox 1240 4074 1344 4111; x_wconf 81' lang='lat' dir='ltr'>vorsum</span> 
     </span>
     <span class='ocr_line' id='line_1_35' title="bbox 68 4136 763 4197; baseline 0.001 -14"><span class='ocrx_word' id='word_1_310' title='bbox 68 4141 81 4197; x_wconf 74' lang='grc' dir='ltr'><strong><em>ἡ</em></strong></span> <span class='ocrx_word' id='word_1_311' title='bbox 99 4136 143 4183; x_wconf 70' lang='grc' dir='ltr'>τὸν</span> <span class='ocrx_word' id='word_1_312' title='bbox 160 4137 294 4182; x_wconf 71' lang='lat' dir='ltr'>natum</span> <span class='ocrx_word' id='word_1_313' title='bbox 310 4143 360 4189; x_wconf 74' lang='lat' dir='ltr'>wie</span> <span class='ocrx_word' id='word_1_314' title='bbox 374 4139 493 4194; x_wconf 66' lang='lat' dir='ltr'>aanoldis</span> <span class='ocrx_word' id='word_1_315' title='bbox 509 4136 647 4196; x_wconf 66' lang='grc' dir='ltr'><strong><em>μιμουμὸνη.</em></strong></span> <span class='ocrx_word' id='word_1_316' title='bbox 757 4176 763 4184; x_wconf 96' lang='grc'>.</span> 
     </span>
    </p>

    <p class='ocr_par' dir='ltr' id='par_1_9' title="bbox 67 4210 1345 4675">
     <span class='ocr_line' id='line_1_36' title="bbox 101 4210 1343 4278; baseline 0.008 -18"><span class='ocrx_word' id='word_1_317' title='bbox 101 4210 124 4270; x_wconf 88' lang='lat'>³)</span> <span class='ocrx_word' id='word_1_318' title='bbox 142 4211 184 4261; x_wconf 81' lang='lat' dir='ltr'>Fr.</span> <span class='ocrx_word' id='word_1_319' title='bbox 200 4227 271 4261; x_wconf 69' lang='lat' dir='ltr'>aon.</span> <span class='ocrx_word' id='word_1_320' title='bbox 293 4216 339 4276; x_wconf 81' lang='lat' dir='ltr'>Sil,</span> <span class='ocrx_word' id='word_1_321' title='bbox 356 4214 427 4273; x_wconf 86' lang='lat' dir='ltr'>quod</span> <span class='ocrx_word' id='word_1_322' title='bbox 447 4215 547 4274; x_wconf 83' lang='lat' dir='ltr'>primus</span> <span class='ocrx_word' id='word_1_323' title='bbox 563 4216 778 4263; x_wconf 81' lang='lat' dir='ltr'>Hemsterhusius</span> <span class='ocrx_word' id='word_1_324' title='bbox 794 4216 876 4263; x_wconf 80' lang='lat' dir='ltr'>Astiis</span> <span class='ocrx_word' id='word_1_325' title='bbox 893 4214 1040 4264; x_wconf 78' lang='lat' dir='ltr'>vindicavit.</span> <span class='ocrx_word' id='word_1_326' title='bbox 1057 4217 1236 4278; x_wconf 77' lang='lat' dir='ltr'>Nymphsmns</span> <span class='ocrx_word' id='word_1_327' title='bbox 1251 4234 1284 4268; x_wconf 80' lang='lat' dir='ltr'>sn</span> <span class='ocrx_word' id='word_1_328' title='bbox 1303 4235 1343 4269; x_wconf 81' lang='lat' dir='ltr'>os·</span> 
     </span>
     <span class='ocr_line' id='line_1_37' title="bbox 67 4293 1344 4360; baseline 0.005 -19"><span class='ocrx_word' id='word_1_329' title='bbox 67 4307 144 4354; x_wconf 75' lang='lat' dir='ltr'>pram</span> <span class='ocrx_word' id='word_1_330' title='bbox 161 4293 291 4353; x_wconf 72' lang='lat' dir='ltr'>putaverit</span> <span class='ocrx_word' id='word_1_331' title='bbox 307 4293 421 4353; x_wconf 78' lang='lat' dir='ltr'>Driphen</span> <span class='ocrx_word' id='word_1_332' title='bbox 438 4294 579 4352; x_wconf 84' lang='lat' dir='ltr'>incertum,</span> <span class='ocrx_word' id='word_1_333' title='bbox 596 4308 754 4355; x_wconf 74' lang='lat' dir='ltr'>quemquam</span> <span class='ocrx_word' id='word_1_334' title='bbox 768 4296 818 4342; x_wconf 86' lang='lat' dir='ltr'>hoe</span> <span class='ocrx_word' id='word_1_335' title='bbox 831 4295 1004 4343; x_wconf 79' lang='lat' dir='ltr'>verisimilius.</span> <span class='ocrx_word' id='word_1_336' title='bbox 1021 4296 1170 4345; x_wconf 73' lang='lat' dir='ltr'>Indiosntur</span> <span class='ocrx_word' id='word_1_337' title='bbox 1188 4298 1257 4347; x_wconf 83' lang='lat' dir='ltr'>enlm</span> <span class='ocrx_word' id='word_1_338' title='bbox 1271 4314 1344 4360; x_wconf 80' lang='lat' dir='ltr'>nym-</span> 
     </span>
     <span class='ocr_line' id='line_1_38' title="bbox 67 4371 1344 4437; baseline 0.004 -15"><span class='ocrx_word' id='word_1_339' title='bbox 67 4375 181 4435; x_wconf 75' lang='lat' dir='ltr'>pharum</span> <span class='ocrx_word' id='word_1_340' title='bbox 203 4386 271 4433; x_wconf 76' lang='lat' dir='ltr'>quse</span> <span class='ocrx_word' id='word_1_341' title='bbox 293 4373 424 4421; x_wconf 71' lang='lat' dir='ltr'>Bacchum</span> <span class='ocrx_word' id='word_1_342' title='bbox 447 4377 603 4421; x_wconf 73' lang='lat' dir='ltr'>curaverunt</span> <span class='ocrx_word' id='word_1_343' title='bbox 626 4376 697 4421; x_wconf 75' lang='lat' dir='ltr'>varia</span> <span class='ocrx_word' id='word_1_344' title='bbox 720 4374 824 4420; x_wconf 79' lang='lat' dir='ltr'>nomine</span> <span class='ocrx_word' id='word_1_345' title='bbox 847 4371 933 4435; x_wconf 79' lang='lat' dir='ltr'>(Diod.</span> <span class='ocrx_word' id='word_1_346' title='bbox 950 4373 978 4420; x_wconf 84' lang='lat' dir='ltr'>V.</span> <span class='ocrx_word' id='word_1_347' title='bbox 997 4375 1042 4432; x_wconf 67' lang='grc' dir='ltr'>Μ,</span> <span class='ocrx_word' id='word_1_348' title='bbox 1059 4375 1129 4423; x_wconf 77' lang='lat' dir='ltr'>Serv.</span> <span class='ocrx_word' id='word_1_349' title='bbox 1147 4376 1181 4423; x_wconf 79' lang='lat' dir='ltr'>sd</span> <span class='ocrx_word' id='word_1_350' title='bbox 1196 4378 1271 4437; x_wconf 84' lang='lat' dir='ltr'>Verg.</span> <span class='ocrx_word' id='word_1_351' title='bbox 1289 4379 1344 4427; x_wconf 77' lang='lat' dir='ltr'>Del.</span> 
     </span>
     <span class='ocr_line' id='line_1_39' title="bbox 69 4451 1345 4522; baseline 0.004 -22"><span class='ocrx_word' id='word_1_352' title='bbox 69 4453 113 4511; x_wconf 77' lang='lat' dir='ltr'>VI,</span> <span class='ocrx_word' id='word_1_353' title='bbox 133 4452 189 4510; x_wconf 71' lang='lat'>1⁶),</span> <span class='ocrx_word' id='word_1_354' title='bbox 213 4451 260 4499; x_wconf 83' lang='lat' dir='ltr'>sod</span> <span class='ocrx_word' id='word_1_355' title='bbox 285 4464 412 4512; x_wconf 63' lang='lat' dir='ltr'>numum</span> <span class='ocrx_word' id='word_1_356' title='bbox 438 4452 543 4513; x_wconf 76' lang='lat' dir='ltr'>liripho.</span> <span class='ocrx_word' id='word_1_357' title='bbox 571 4455 665 4502; x_wconf 75' lang='lat' dir='ltr'>contra</span> <span class='ocrx_word' id='word_1_358' title='bbox 690 4467 705 4500; x_wconf 78' lang='lat' dir='ltr'>s</span> <span class='ocrx_word' id='word_1_359' title='bbox 729 4453 814 4513; x_wconf 78' lang='lat' dir='ltr'>capris</span> <span class='ocrx_word' id='word_1_360' title='bbox 837 4465 904 4512; x_wconf 78' lang='lat' dir='ltr'>quse</span> <span class='ocrx_word' id='word_1_361' title='bbox 920 4452 961 4499; x_wconf 76' lang='lat' dir='ltr'>loe</span> <span class='ocrx_word' id='word_1_362' title='bbox 978 4453 1033 4501; x_wconf 80' lang='lat' dir='ltr'>Iovi</span> <span class='ocrx_word' id='word_1_363' title='bbox 1054 4453 1230 4514; x_wconf 74' lang='lat' dir='ltr'>praebuerunt</span> <span class='ocrx_word' id='word_1_364' title='bbox 1244 4457 1345 4522; x_wconf 69' lang='lat' dir='ltr'>&#39;Bptpev</span> 
     </span>
     <span class='ocr_line' id='line_1_40' title="bbox 69 4531 1343 4592; baseline 0.003 -12"><span class='ocrx_word' id='word_1_365' title='bbox 69 4532 143 4580; x_wconf 83' lang='lat' dir='ltr'>sidus</span> <span class='ocrx_word' id='word_1_366' title='bbox 159 4545 254 4580; x_wconf 80' lang='lat' dir='ltr'>nornen</span> <span class='ocrx_word' id='word_1_367' title='bbox 271 4532 402 4592; x_wconf 73' lang='lat' dir='ltr'>occepisse</span> <span class='ocrx_word' id='word_1_368' title='bbox 419 4531 507 4581; x_wconf 85' lang='lat' dir='ltr'>docuit</span> <span class='ocrx_word' id='word_1_369' title='bbox 523 4534 618 4581; x_wconf 76' lang='lat' dir='ltr'>Aratus</span> <span class='ocrx_word' id='word_1_370' title='bbox 634 4546 671 4581; x_wconf 83' lang='lat' dir='ltr'>rs.</span> <span class='ocrx_word' id='word_1_371' title='bbox 691 4535 746 4582; x_wconf 75' lang='grc'>168.</span> <span class='ocrx_word' id='word_1_372' title='bbox 765 4533 813 4581; x_wconf 82' lang='lat' dir='ltr'>cul</span> <span class='ocrx_word' id='word_1_373' title='bbox 831 4533 914 4580; x_wconf 82' lang='lat' dir='ltr'>similo</span> <span class='ocrx_word' id='word_1_374' title='bbox 933 4532 1062 4592; x_wconf 76' lang='lat' dir='ltr'>quoddam</span> <span class='ocrx_word' id='word_1_375' title='bbox 1077 4536 1193 4583; x_wconf 83' lang='lat' dir='ltr'>uostmra</span> <span class='ocrx_word' id='word_1_376' title='bbox 1212 4535 1343 4584; x_wconf 77' lang='lat' dir='ltr'>lnBsechl</span> 
     </span>
     <span class='ocr_line' id='line_1_41' title="bbox 70 4610 447 4675; baseline 0 -15"><span class='ocrx_word' id='word_1_377' title='bbox 70 4613 183 4675; x_wconf 79' lang='lat' dir='ltr'>puerilis</span> <span class='ocrx_word' id='word_1_378' title='bbox 199 4610 305 4659; x_wconf 73' lang='lat' dir='ltr'>fluxim</span> <span class='ocrx_word' id='word_1_379' title='bbox 322 4611 447 4672; x_wconf 77' lang='lat' dir='ltr'>suspicor.</span> 
     </span>
    </p>
   </div>
   <div class='ocr_carea' id='block_1_7' title="bbox 0 0 1556 5285">
    <p class='ocr_par' dir='ltr' id='par_1_10' title="bbox 0 0 1556 5285">
     <span class='ocr_line' id='line_1_42' title="bbox 0 0 1556 5285; baseline 0 0"><span class='ocrx_word' id='word_1_380' title='bbox 0 0 1556 5285; x_wconf 95' lang='lat' dir='ltr'> </span> 
     </span>
    </p>
   </div>
  </div>
 </body>
</html>
