3068 5294
840 462 904 522 208
1294 466 1336 527 11.
1362 468 1487 529 51-59

221 649 254 709 in
293 648 423 711 scholiis
467 647 564 709 verba
603 645 806 725 ,ἕπιμνρίάδες
840 647 872 708 αἱ
905 647 1035 728 γόνιμοι,
1077 646 1142 709 σἰντί
1175 660 1228 712 τοῦ
1262 649 1297 710 αί
1328 651 1402 730 μετὰ
1434 662 1486 713 τῶν

221 749 322 827 μήλων
366 748 543 827 νεμόμεναι”
579 750 626 810 ita
660 749 837 825 supplenda
871 749 1019 810 videnlur
1061 747 1261 828 ,ίνιμηλοίδες
1302 755 1338 815 αί
1371 755 1485 835 γόνιμοι

224 847 285 930 <li
308 849 535 929 israelitica>
557 848 623 910 ἀντὶ
645 859 697 911 τοῦ
721 874 781 911 ατ.
794 853 851 912 i.'’.
876 851 1040 912 Firmatur
1061 853 1141 913 haec
1164 855 1265 917 rarior
1286 858 1376 919 vocis
1395 860 1483 933 signi·

219 952 326 1015 ficatio
350 955 566 1029 Lycophronis
587 970 684 1014 versu
710 954 772 1014 185
796 960 848 1013 τοῦ
871 952 1007 1032 Σκυρίου
1030 952 1191 1030 δράκοντος
1222 954 1388 1020 ἔντονον
1418 961 1482 1039 λεχώ

219 1056 285 1126 (ubi
304 1056 421 1116 iniuria
439 1055 585 1117 Vaticani
605 1056 788 1132 lectionem,
809 1056 860 1115 oui
881 1056 969 1116 iavet
987 1058 1121 1130 uterque
1141 1059 1380 1139 paraphrastes,
1404 1078 1480 1137 spre·

222 1158 269 1218 vit
290 1158 427 1228 Scheer.)
452 1159 486 1219 et
507 1158 715 1231 Hesychiana
736 1158 846 1232 glossa
874 1155 1006 1234 ,ἔμπας
1031 1154 1198 1237 ἐγκύμον’.

263 1259 308 1320 De
331 1259 458 1334 ceteris,
482 1261 637 1333 quoniam
659 1260 698 1320 de
718 1261 780 1321 adi.
801 1256 917 1332 ἅτυθος
939 1261 1064 1321 abunde
1081 1261 1259 1337 disputavit
1275 1264 1481 1328 Schneiderus

221 1364 261 1435 (p.
289 1363 362 1431 idi)
385 1376 450 1421 non
473 1362 575 1423 habeo
599 1363 683 1436 quod
706 1361 833 1423 addam.

281 1565 336 1626 VS.
362 1567 413 1626 55.
463 1563 565 1648 Φοίβῳ
589 1563 623 1623 δ’
647 1560 803 1641 ἑσπόμενοι
826 1562 931 1636 πόλιας
955 1563 1180 1641 διεμετρήσαντο

461 1663 628 1745 ἅνθρωποι·
655 1666 766 1744 Φοῖβος
790 1663 846 1745 γὰρ
869 1662 915 1725 ἀεί
938 1665 1068 1752 πολίεσσι
1093 1666 1216 1744 φιληδεῖ

461 1765 640 1852 κτιζομένῃς,
663 1764 751 1839 αὐτὸς
776 1763 808 1827 δὲ
830 1767 965 1844 θεμείλια
991 1768 1103 1846 Φοῖβος
1126 1767 1257 1845 ὑφαίνει.

460 1867 610 1950 τετραέτης
633 1867 668 1929 τὰ
689 1877 790 1948 πρῶτα
813 1869 948 1947 θεμείλια
974 1871 1085 1949 Φοῖβος
1109 1869 1196 1950 ἔπηξε

460 1976 537 2057 καλῇ
560 1969 592 2032 ἒν
610 1966 746 2055 Ὀρτυγίῃ
770 1969 923 2051 περιηγέος
948 1969 1054 2052 ἐγγύθι
1077 1971 1190 2051 λίμνης.

362 2077 403 2135 60
454 2070 587 2152 ’Ἄρτεμις
609 2070 803 2152 ἀγρώσσουσα
827 2072 961 2152 καρήατα
984 2070 1102 2153 συνεχὲς
1125 2074 1218 2155 αἰγῶν

459 2175 646 2237 Κυνθιοίδων
669 2172 839 2255 φορέεσκεν,
862 2171 878 2234 ὁ
902 2169 929 2235 δ’
956 2173 1056 2236 ἔπίεκε
1079 2175 1181 2256 βωμὸν
1204 2177 1360 2239 Ἀπόλλων.

461 2277 579 2354 δείματα
607 2272 660 2354 μὲν
683 2276 836 2355 κεράεσσιν
860 2274 990 2354 ἐδέθλια,
1013 2278 1087 2356 πῆξε
1110 2275 1142 2339 ll
1165 2277 1267 2358 βωμὸν

460 2378 491 2439 ἐκ
514 2378 638 2458 κεράων,
660 2377 786 2457 κεραοὺς
810 2374 842 2437 δὲ
865 2375 947 2458 τιίριξ
970 2377 1147 2458 ὑπεβάίλετο
1170 2380 1293 2459 τοίχους.

458 2472 510 2541 ὧδ’
537 2478 650 2557 ἔμαθεν
673 2477 708 2539 τὰ
731 2489 831 2559 πρῶτα
855 2479 989 2556 θεμείλια
1016 2482 1128 2561 Φοῖβος
1152 2479 1281 2562 ἐγείρειν.
1307 2478 1329 2556 ¹)

258 2586 308 2646 Ad
331 2585 444 2646 laudes
463 2582 622 2657 Apollinis
640 2590 694 2642 τοῦ
714 2581 840 2659 κτίστου,
863 2583 1031 2657 fastigium
1054 2585 1151 2645 huius
1170 2585 1295 2663 hymni,
1315 2590 1475 2663 accedens,

214 2688 317 2763 primo
350 2702 445 2746 versu
476 2685 684 2759 antiquorum
715 2687 883 2758 poetarum
908 2685 1052 2745 carmina
1075 2687 1216 2763 respicit,
1241 2702 1324 2761 quae
1348 2689 1477 2750 celebra·

214 2790 292 2850 bant
314 2790 410 2850 urbes
429 2789 576 2850 eiusdem
596 2787 646 2848 dei
665 2787 819 2861 auspiciis
832 2786 916 2856 (inde
939 2783 1146 2863 ,ἕσαόρενοι”)
1163 2789 1373 2866 condiisses.
1387 2791 1477 2852 Hom.

213 2893 252 2949 H.
277 2893 359 2968 4523
383 2892 493 2965 hymn.
518 2891 604 2950 hom.
628 2890 664 2949 ι’νι
687 2889 786 2964 Apoll.
812 2890 893 2965 2913
919 2889 1057 2952 Pausan.
1081 2891 1106 2952 i.
1133 2892 1185 2953 42.
1212 2893 1241 2953 2.
1265 2926 1305 2936 -
1323 2894 1398 2954 Alia
1416 2909 1478 2969 pro·

213 2993 297 3056 fecto
332 2993 565 3069 significatione
600 3007 697 3065 quam
733 2992 896 3052 Homerus
931 2994 973 3062 (Γ.
1007 2994 1093 3069 313),
1128 2994 1232 3055 utitur
1265 3008 1352 3056 nunc
1387 2997 1478 3056 verbo

214 3096 477 3175 διαμετρήσασθαι,
509 3097 604 3171 quod,
639 3096 672 3155 in
702 3096 763 3156 hac
793 3111 826 3156 re
858 3096 924 3155 iere
955 3095 1110 3172 solemne,
1143 3096 1334 3159 adhibuerat
1359 3113 1478 3172 quoque

213 3201 246 3259 in
277 3200 398 3273 hymno
424 3199 472 3259 ΙΙΙ
495 3202 554 3268 (vs.
580 3200 642 3272 36),
673 3200 750 3257 tunc
779 3197 919 3257 fortasse
945 3198 1054 3258 sonitu
1078 3199 1246 3260 verborum
1271 3201 1477 3262 notissimum

213 3301 292 3361 illud
325 3301 492 3363 oraculum
523 3300 672 3359 imitatus
711 3294 780 3375 ,καί
809 3296 901 3357 καλὸν
931 3297 1041 3358 πεδίον.
1067 3298 1175 3384 σχοίνῳ
1205 3300 1477 3380 διαμετρήσασθαι”

214 3404 340 3474 (Herod.
360 3405 385 3463 Ι.
399 3405 462 3471 66).
487 3403 548 3463 Sed
568 3417 654 3462 nuno
676 3401 704 3460 sl
727 3415 791 3461 non
815 3400 931 3477 verbis,
956 3403 990 3461 at
1014 3401 1084 3476 ipsa
1106 3417 1141 3463 re
1165 3403 1368 3464 homericum
1391 3406 1476 3478 hym-

213 3519 292 3564 num
323 3505 357 3565 in
388 3503 562 3579 Apollinem
592 3501 785 3577 aemulatur,
817 3516 895 3562 nam
921 3517 1012 3562 aram
1039 3517 1187 3564 corneam
1213 3503 1282 3565 Deli
1306 3506 1475 3579 conditam,

212 3620 293 3682 opus
316 3605 367 3666 dei
389 3604 573 3680 mirificum,
597 3603 744 3664 consulto
767 3603 898 3678 opponit
919 3612 958 3685 τῷ
982 3600 1014 3662 ἐν
1037 3606 1165 3680 Δελφοῖς
1189 3601 1300 3690 ἀρχαίῳ
1320 3605 1387 3690 νεῴ.
1408 3607 1476 3667 Ver·

213 3708 326 3769 borum
357 3708 495 3768 novitati
526 3721 581 3781 per
612 3706 671 3766 hoe
693 3719 809 3765 versus
831 3719 895 3765 non
919 3705 1046 3780 studet;
1071 3707 1100 3766 si
1124 3707 1258 3768 omittas
1281 3707 1478 3786 φιληδεῖν,

214 3811 347 3871 verbum
372 3811 456 3870 haud
480 3811 690 3870 invenustum
714 3808 798 3880 quod
822 3822 864 3866 ex
890 3807 1057 3868 comoedia
1080 3808 1308 3882 aequaliumve
1331 3822 1475 3869 sermone

212 3913 245 3973 in
269 3914 393 3987 epicam
413 3912 587 3973 dictionem
608 3912 636 3969 is
655 3910 779 3984 primus
805 3910 965 3983 recepisse
989 3910 1126 3987 videtur,
1147 3911 1298 3985 pleraque
1317 3910 1476 3971 homerica

212 4018 269 4076 aut
298 4016 418 4075 saltem
448 4015 581 4087 antiqua
611 4015 696 4073 sunt.
733 4012 956 4072 Fundamenta
986 4012 1025 4072 ab
1053 4012 1200 4087 Apolline
1225 4013 1383 4074 collocata
1405 4026 1475 4074 cum

212 4118 341 4194 saepius
371 4115 582 4177 memoranda
612 4115 731 4189 essent,
755 4113 852 4173 modo
875 4112 959 4173 dixit
983 4112 1136 4190 ,θεμείλια
1161 4112 1298 4192 laet?
1327 4118 1387 4184 (va.
1416 4113 1474 4186 58),

211 4219 307 4281 modo
344 4216 522 4294 ,δείματο
558 4213 699 4276 ἕδέθ)ια”
735 4220 794 4286 (va.
832 4215 884 4284 62)
919 4216 1088 4290 utrobique
1130 4217 1312 4277 Homerum
1345 4218 1473 4276 secutus

212 4324 247 4391 (i.
273 4321 357 4395 349),
391 4319 484 4379 modo
515 4319 660 4380 ornatius
690 4332 889 4390 quamquam
920 4333 983 4377 non
1008 4318 1136 4379 insolite
1160 4323 1219 4389 (vs.
1245 4319 1298 4387 hi)
1326 4316 1474 4393 ,θεμείλια

247 4564 265 4629 ¹)
291 4566 436 4614 Admodum
461 4565 600 4612 verisimile
626 4565 688 4611 mihi
711 4565 812 4612 videtur
835 4577 872 4610 rs.
896 4565 927 4610 64
950 4578 996 4625 pro
1019 4563 1063 4613 ὧδ’
1089 4569 1180 4626 ipram
1205 4564 1344 4626 legendum
1370 4573 1425 4610 ease
1448 4552 1474 4609 ὥς

211 4653 307 4707 lpum
