3104 5286
682 445 744 505 109
811 396 813 398 v

103 623 175 690 ilium
205 646 301 705 quem
332 631 490 707 Orphicus
520 634 664 708 hymnus
694 633 754 709 XI,
786 634 957 707 tamquam
988 630 1040 691 τὸν
1069 628 1207 711 γενέτορα
1230 630 1351 691 πάντων

102 731 146 797 (vs.
170 734 220 802 10)
244 733 292 793 ita
314 732 454 793 salutat:

302 836 393 893 Πᾶνα
415 839 496 896 καλῶ
520 833 662 915 κρατερὸν
684 834 790 913 νόμιον
814 834 937 913 κόσμοιο
960 831 993 893 τὸ
1017 834 1153 911 σύμπαν,

302 933 436 1015 οὐρανὸν
459 933 514 1016 ἡδὲ
535 936 693 998 θάλασσαν
717 933 761 998 ἰδὲ
783 936 881 1017 χθόνα
904 935 1122 1016 παμβασίλειαν

301 1034 353 1097 καὶ
376 1045 438 1118 πῦρ
461 1035 624 1100 ἀθάνατον·

18 1190 19 1193 ,
89 1139 255 1199 aestatim
279 1141 395 1214 postea
427 1141 538 1202 oculos
561 1144 791 1202 convertamus
817 1142 850 1201 in
874 1141 1043 1214 antiquum
1071 1140 1165 1201 iilum
1189 1142 1279 1199 Πᾶνα
1302 1138 1352 1199 τὸν

86 1239 272 1318 Materiam,
295 1242 388 1301 cuius
411 1242 555 1316 hymnus
578 1242 769 1304 Callimachi
792 1243 910 1303 tertius
932 1244 1003 1302 tam
1025 1242 1171 1302 vividam
1194 1242 1251 1302 dat
1273 1243 1350 1302 ima·

84 1343 202 1419 ginem,
233 1343 331 1404 deum
354 1347 520 1419 pastorem
542 1345 715 1406 barbatum
740 1345 858 1406 catulis
881 1360 995 1405 carnes
1018 1347 1188 1419 parantem
1212 1338 1242 1414 ¹).
1267 1345 1350 1405 Item

83 1446 251 1505 teneamus
271 1460 369 1519 quam
388 1447 478 1507 varie
498 1462 660 1522 quamque
680 1462 777 1523 saepe
797 1448 911 1523 poetae
934 1446 1046 1507 Iovem
1066 1447 1259 1506 aetherium
1276 1462 1351 1507 cum

83 1545 240 1607 elemento
274 1562 333 1608 suo
364 1549 558 1623 coniungere
592 1549 699 1610 conati
733 1550 857 1624 essent,
889 1547 999 1607 fabula
1028 1547 1067 1607 de
1098 1547 1251 1609 Universi
1273 1548 1351 1608 divi-

82 1648 166 1708 sione
210 1648 358 1709 omnium
400 1649 636 1710 elementorum
669 1650 905 1710 seiunctionem
940 1648 1075 1708 indicari
1105 1650 1350 1725 contendentes,

83 1751 285 1811 recordemur
307 1750 374 1810 iam
396 1751 625 1828 Empedoclem
649 1752 800 1812 cantasse
823 1754 882 1820 (vs,
907 1752 948 1811 55
974 1749 1109 1828 Koraia:

299 1848 425 1930 τέσσαρα
447 1861 506 1912 τῶν
528 1852 649 1913 πάντων
674 1850 822 1931 ῥιζώματα
844 1859 961 1930 πρῶτον
981 1847 1080 1912 dacos·

302 1953 377 2026 Ζεὺς
400 1950 493 2034 ἀργὴς
507 1950 589 2033 Ἥρη
612 1974 641 2014 τε
666 1950 821 2032 φερέσβιος
845 1947 893 2029 ἠδ’
921 1951 1075 2026 Ἀϊδωνεύς

302 2056 415 2131 Neruo
440 2054 625 2132 δακρυόεσσα
647 2049 668 2115 τ’
694 2052 905 2133 ἐπικρούναμα
925 2052 1067 2133 βρότειον·

82 2170 176 2228 quem
208 2156 312 2216 secuti
343 2160 437 2217 erant
469 2156 524 2217 alii
556 2156 619 2217 alio
650 2156 760 2231 modo,
792 2154 978 2230 nuperrime
1009 2156 1109 2217 Stoici
1132 2159 1229 2231 atque
1252 2156 1352 2218 Heca·

83 2259 188 2317 taeus:
222 2271 328 2317 nonne
355 2272 654 2333 supervacanaeum
686 2260 738 2318 est
768 2271 901 2317 monere
931 2260 1091 2331 quantum
1115 2259 1215 2320 distet
1238 2259 1277 2320 ab
1301 2260 1352 2319 his

83 2358 231 2418 omnibus
261 2360 357 2433 poeta
387 2359 605 2434 Cyrenaicus?
636 2358 695 2434 Qui
727 2374 801 2419 cum
833 2357 986 2419 Universi
1013 2360 1207 2421 divIsionem
1231 2362 1351 2438 tangit,

82 2474 119 2520 ne
148 2460 342 2536 impugnare
372 2463 504 2536 quidem
535 2462 615 2522 talia
646 2477 762 2537 operae
784 2464 915 2536 protum
942 2461 1041 2521 habet
1064 2462 1120 2522 sed
1151 2463 1350 2523 homericam

82 2564 210 2623 tantum
234 2564 365 2639 corrigit
388 2565 627 2639 mythologiam
650 2563 685 2634 (Ι.
712 2564 764 2633 62)
1094 2560 1096 2563 ’

301 2664 344 2737 τίς
368 2662 401 2725 δέ
422 2658 447 2725 κ’
473 2662 509 2725 ἐπ
534 2663 686 2749 Οὐλύμπῳ
710 2684 740 2724 τε
763 2660 814 2723 καὶ
829 2659 908 2724 ’Ἀϊδι
929 2667 1040 2742 κλῆρον
1063 2660 1199 2743 ἐρύσσαις
1221 2659 1242 2736 ²)

125 2857 187 2917 Sed
204 2857 238 2917 in
250 2857 302 2917 his
314 2857 503 2917 numinibus
516 2857 545 2916 ei
557 2855 766 2932 physicorum
779 2855 934 2916 doctrinis
946 2855 1049 2916 semel
1062 2857 1150 2916 auris
1161 2857 1354 2931 praebeatur

83 2960 209 3018 corruat
233 2961 350 3020 cuncta
373 2959 424 3019 dei
446 2973 598 3034 persona,
624 2962 658 3019 et
680 2959 713 3019 in
737 2957 938 3018 elementum
962 2960 1145 3018 evanescat.
1166 2959 1252 3019 Num
1271 2958 1354 3019 forte

82 3059 179 3133 igitur
191 3059 225 3118 in
236 3060 416 3120 minoribus
428 3059 478 3120 dis
487 3074 526 3119 ea
534 3059 759 3135 interpretatio
768 3060 932 3119 interdum
941 3060 970 3120 ei
978 3060 1121 3135 placuit?
1134 3060 1250 3120 sedulo
1258 3075 1352 3135 quae·

84 3162 190 3220 rentes
213 3160 270 3220 vix
290 3176 327 3222 ac
351 3177 391 3221 ue
411 3161 468 3220 vix
488 3161 619 3234 quidem
640 3161 829 3236 exemplum
849 3161 933 3236 quod
953 3160 1095 3221 sufficiat
1114 3162 1352 3237 indagavimus.

125 3261 233 3345 Semel
257 3265 354 3336 atque
376 3264 497 3323 iterum
520 3263 720 3323 subdubites.
753 3264 804 3323 Ita
827 3257 902 3323 cum
926 3263 1050 3337 hymno
1074 3264 1130 3323 III.
1158 3264 1221 3323 163
1245 3279 1352 3324 narra·

82 3364 152 3423 tum
176 3363 268 3424 audis
290 3364 412 3425 Dianae
439 3366 616 3425 adventum
641 3366 674 3424 in
701 3365 808 3426 Patris
832 3366 967 3425 domum
987 3365 1183 3440 Olympiam.
1204 3365 1354 3426 Afferunt

82 3465 302 3525 Ammisiades
324 3467 429 3525 cervis
451 3466 574 3527 Dianae
596 3465 733 3526 defessis
755 3465 924 3541 pabulum:

114 3655 133 3721 ¹)
151 3660 236 3716 Quare
261 3674 277 3707 a
299 3661 368 3708 Pane
384 3662 536 3721 praesertim
554 3664 626 3722 petat
651 3675 728 3708 canes
753 3662 835 3709 Diana
858 3662 930 3720 virgo
952 3660 1058 3707 diifleile
1081 3660 1159 3707 dictu.
1178 3661 1260 3709 Deum
1278 3663 1351 3708 iilum

81 3752 138 3786 cnm
157 3739 206 3787 dea
222 3740 306 3786 lunari
324 3740 466 3799 antiquitus
483 3740 578 3800 mythis
595 3741 675 3787 inisse
692 3740 857 3788 coniunctum
871 3742 982 3794 constat;
997 3752 1057 3785 nam
1071 3740 1241 3788 narrabantur
1249 3754 1352 3800 quoque

81 3819 184 3867 tabulae
209 3819 242 3867 ds
266 3820 343 3866 Panis
367 3831 426 3867 cum
448 3820 540 3867 Selene
559 3820 701 3881 amoribus,
721 3820 824 3879 qualem
848 3819 954 3879 respicit
971 3818 1100 3878 Vergilius
1118 3818 1201 3883 θεονρ.
1224 3821 1272 3868 ΠΙ.
1290 3823 1352 3882 sci,

81 3900 154 3947 cuius
171 3898 274 3946 fabulae
288 3900 418 3946 auctorem
438 3898 517 3946 inisse
534 3900 689 3948 Nicandrum
707 3901 819 3947 testatur
835 3898 981 3946 Macrobius
997 3899 1026 3944 V.
1042 3899 1081 3945 22.
1095 3899 1172 3945 Panis
1187 3900 1353 3948 Ocilimachei

80 3979 185 4038 imagini
201 3978 300 4026 colores
317 3978 467 4039 praebuisse
484 3977 586 4026 videtur
602 3980 712 4038 hymnus
730 3979 876 4026 homericus
893 3977 976 4025 XVIII
996 3976 1046 4040 (Of.
1062 3976 1131 4024 seed.
1150 3978 1171 4025 1.
1187 3977 1237 4042 tc).

113 4053 135 4122 ¹)
166 4058 234 4105 Dum
271 4057 319 4104 hoo
353 4057 410 4105 loco
440 4058 577 4117 impugnat
607 4058 739 4117 vulgatum
766 4058 831 4104 illud
854 4057 991 4118 placitum,
1013 4056 1095 4116 ipsius
1119 4057 1225 4105 Homeri
1251 4060 1352 4107 nomine

81 4140 230 4200 insignitum
245 4137 314 4198 quod
330 4138 472 4187 iterabatur
489 4139 557 4199 apud
577 4139 701 4187 Graecos:
726 4144 818 4203 ιριχσα
840 4139 866 4185 tt
880 4141 957 4184 odrae
970 4136 1093 4195 δέδασται,
1110 4138 1207 4192 Inuoco:
1224 4138 1248 4185 δ’
1267 4140 1353 4203 Ιμμορι

80 4228 147 4279 rapae
164 4219 272 4280 (0.189)
290 4222 317 4266 et
330 4219 481 4279 praesertim
500 4218 569 4278 qnod
578 4218 673 4265 ibidem
689 4217 804 4278 docetur,
818 4216 969 4264 divisionem
984 4230 1040 4264 esse
1055 4217 1149 4263 iactam
1165 4215 1353 4276 „nauopim”,

81 4299 183 4347 ducitur
207 4298 313 4346 Hesiodi
339 4298 491 4346 aucmenta
521 4296 604 4360 Pheop.
630 4299 678 4345 ⁸88
701 4297 730 4357 δή
752 4299 782 4358 ρο
806 4297 853 4344 πότ’
884 4297 985 4361 ὤτρυνον
1008 4300 1158 4360 βασιλιύιμιι
1184 4298 1223 4357 ἡδύ
1244 4299 1354 4344 &dccciv

81 4383 155 4439 Γαίης
170 4378 362 4444 φραδμοσύνῃσιν
377 4378 499 4436 Ὀλύμπιοι
512 4380 614 4441 εὐρύοπα
631 4383 682 4436 zyv
698 4378 831 4424 ἀθανάτοι·
850 4375 898 4424 cci
912 4384 985 4424 colora
1003 4378 1027 4424 rc
1044 4377 1184 4424 διεδάσσατο
1197 4380 1271 4435 τιμάς,
1281 4378 1354 4424 cuius

81 4462 173 4519 poetas
197 4457 275 4505 fldem
299 4470 329 4504 eo
352 4470 455 4517 quoque
477 4457 594 4516 sequitur
617 4455 686 4516 qnod
704 4457 809 4502 tratrem
827 4456 975 4516 Neptunum
990 4470 1020 4503 ao
1038 4457 1173 4503 Plutonem
1190 4464 1249 4503 aute
1266 4457 1353 4504 Iovem

82 4542 155 4585 natos
178 4550 236 4584 ease
260 4537 321 4583 vuit.
347 4537 457 4596 corrigit
470 4539 556 4583 umen
578 4539 708 4583 auctorem
726 4547 816 4595 suum,
833 4549 892 4581 nam
909 4548 959 4581 non
977 4536 1062 4582 (Iasae
1081 4536 1187 4582 consilio
1205 4536 1250 4583 sed
1268 4537 1353 4596 ipsum

83 4631 129 4666 aua
146 4618 242 4665 virtute
261 4629 290 4663 ac
307 4616 398 4663 robore
416 4616 493 4664 deum
511 4628 640 4663 summum
658 4615 781 4676 adeptum
800 4628 858 4664 esse
875 4614 941 4663 caeli
959 4616 1130 4675 principatum
1145 4614 1227 4664 docet.
