3090 5294
65 476 90 540 Ι.
116 474 250 539 29-32
688 474 727 539 17

64 670 237 744 poetarum
271 681 386 742 usum;
422 668 528 741 magis
562 684 610 742 ex,
638 683 727 729 more
759 670 921 731 homerico
954 673 1004 740 (Λ.
1034 670 1109 729 271.
1141 669 1172 729 h.
1205 670 1264 743 Ap.
1297 665 1339 728 92

70 765 228 845 ηώδίνεσσι
250 765 413 847 πέπαρτο”)
437 784 457 830 a
479 769 592 830 nostro
616 770 786 831 adhibetur
808 772 866 832 ΠΙ.
888 773 927 830 21
957 764 1022 847 ηόιί
1049 766 1185 830 ὠδίνεσσι
1203 774 1342 850 γυναῖκες

65 870 253 950 ιειρόμεναι”
285 873 318 931 et
349 870 403 931 IV.
434 871 474 931 61
512 867 702 949 »κειρομένην
734 866 848 931 ὠδῖσι.”
880 871 920 932 lit
945 852 1104 945 ‘quoniam
1128 887 1240 932 vocem
1273 867 1343 943 ὠδίς

66 973 174 1048 attigi,
210 973 277 1033 iam
312 972 364 1032 hic
395 986 527 1033 monere
566 972 685 1049 licebit,
716 974 804 1046 quali
834 989 951 1048 genere
984 974 1143 1050 imitandi,
1165 974 1220 1035 illo
1246 990 1344 1048 quem

69 1091 112 1136 ex
142 1068 206 1135 ΙΙΙΟ
237 1075 359 1149 hymno
382 1074 512 1134 laudavi
534 1074 604 1135 loco
627 1075 806 1136 delectetur
830 1075 1057 1153 Callimachus,
1082 1078 1116 1137 et
1138 1091 1235 1149 quam
1261 1077 1345 1152 peni·

67 1180 123 1238 tus
157 1178 212 1238 illo
248 1176 428 1237 Homerum
459 1191 555 1236 suum
587 1177 746 1237 memoria
779 1179 899 1239 teneat.
931 1178 1049 1239 Adfore
1084 1193 1120 1239 se
1151 1179 1342 1240 mulieribus

67 1279 332 1354 parturientibus,
365 1293 563 1351 quamquam
594 1279 696 1354 virgo,
726 1279 894 1353 pollicetur
917 1280 1029 1357 Diana,
1057 1274 1113 1357 ,δι’
1140 1275 1269 1365 ὀξείῃσιν
1291 1275 1340 1341 ὑπ

68 1376 207 1440 ὠδίνεσσι
242 1383 382 1460 γυναῖκες
411 1377 575 1457 τειρόμενοι
604 1377 743 1440 καλέουσι
773 1379 941 1459 βοηθοον,”
975 1382 1058 1454 quod
1088 1381 1185 1443 faciet
1209 1383 1284 1456 quia
1307 1399 1344 1444 se

68 1484 177 1544 mater
197 1478 323 1561 ἀμογητί
342 1480 438 1556 φίλων
457 1477 631 1558 ἀπεθήκατο
652 1480 754 1561 γυίων.
779 1482 876 1543 Vides
895 1482 1033 1556 singulis
1053 1483 1159 1543 verbis
1180 1483 1343 1544 illustrare

68 1586 201 1660 poetam
222 1582 295 1644 illos
317 1597 434 1643 versus
457 1585 508 1652 (Λ.
534 1583 608 1653 269)
632 1583 685 1643 ubi
710 1583 873 1644 Homerus
896 1584 964 1658 agit
986 1585 1025 1645 de
1048 1584 1189 1658 Ilithyiis

251 1681 290 1756 ὠς
315 1678 344 1743 δ’
368 1677 406 1744 ὅτ’
432 1679 470 1742 διν
494 1678 723 1744 ὠδίνουσαν
747 1683 798 1769 ἔχη
822 1682 906 1764 βόλος
930 1680 998 1758 όξδι
1021 1689 1160 1765 γυναῖκα,

248 1780 348 1865 δριμύ,
369 1784 402 1846 τό
425 1806 454 1845 ιε
477 1790 604 1864 προϊεῖσι
627 1785 867 1867 μογοστόκοι
892 1786 1073 1864 Εἰλείθυιαι,

194 1876 196 1879 ’
241 1884 339 1967 Ἥρης
361 1883 523 1967 θυγατέρες
546 1885 652 1967 πικρὰς
676 1880 786 1961 ὠδῖνας
809 1886 937 1967 ἔχουσαι,

249 1981 289 2062 ὠς
312 1983 384 2062 ὀξεῖ’
410 1984 505 2067 ὀδύνη
529 1988 621 2050 δῦνεν
644 1987 731 2067 μένος
754 1990 910 2070 Ἀτρείδαο.
938 2066 948 2078 c

114 2094 203 2170 Quod
235 2109 282 2154 vti.
308 2093 350 2153 30
386 2088 612 2152 δντανύσαι
643 2092 694 2153 vel
725 2091 896 2153 τανύσαι
923 2090 978 2169 τὴν
1001 2095 1081 2170 χεῖρα
1105 2092 1213 2152 minus
1236 2093 1343 2153 home·

68 2196 136 2257 rice
160 2195 277 2256 dicitur
301 2193 418 2265 (solent
441 2195 528 2254 enim
556 2195 670 2255 heroes
694 2189 807 2273 ὀρέγειν
826 2189 847 2266 ¹)
871 2194 922 2255 vel
945 2190 1094 2272 ἀνασχεῖν,
1113 2194 1183 2255 sive
1202 2192 1343 2253 πεκάσσαι

68 2300 104 2358 et
139 2294 288 2376 ἀναείρειν
318 2292 370 2366 τὰς
403 2298 511 2373 χεῖρας)
533 2295 605 2356 levo
630 2298 689 2373 est,
714 2297 892 2357 secundum
917 2297 1026 2371 epicos
1049 2296 1179 2357 dialecti
1201 2296 1344 2357 rationes

69 2398 160 2461 enirn
184 2395 348 2457 ἀντανύσαι
367 2397 544 2457 formatum
564 2399 625 2473 est,
646 2399 729 2470 quod
750 2399 869 2458 iterum
887 2399 1009 2472 placuit
1022 2396 1286 2459 Callimachoill.
1301 2399 1342 2458 27

75 2496 206 2578 ,πολλὰς
245 2495 278 2558 δὲ
310 2498 406 2576 μάτην
445 2496 623 2559 ἐτανύσσατο
664 2503 794 2579 χεῖρας”,
826 2515 931 2574 neque
962 2508 1058 2579 πῆχυς
1088 2515 1144 2574 pro
1176 2515 1253 2561 voce
1282 2497 1343 2579 χείρ

69 2603 265 2676 usurpatum
289 2603 401 2675 peccat
420 2603 532 2662 contra
551 2617 648 2662 usum
668 2602 805 2677 epicum.
827 2602 970 2663 solemni
982 2605 1093 2662 autem
1106 2602 1343 2677 eiustemporis

69 2719 179 2766 errore
191 2717 343 2778 peccasse
357 2701 591 2763 Callimachum
608 2719 683 2764 cnm¹
695 2704 816 2765 diceret
827 2701 927 2778 ὑψόθι
939 2704 994 2763 ubi
1005 2703 1172 2778 oportebat
1183 2700 1280 2778 ὑψόσε
1292 2703 1343 2774 (ci.

68 2821 197 2881 quoque
209 2827 234 2883 χ.
247 2807 311 2866 467
324 2799 418 2879 opor
433 2800 643 2876 ἐπεντανύσας)
663 2805 787 2879 ingenti
807 2805 1030 2880 exemplorum
1043 2805 1133 2880 copia
1146 2805 1343 2865 demonstra·

68 2909 120 2968 vit
143 2907 357 2967 Schneiderus
379 2907 419 2967 ad
439 2907 524 2966 bunc
544 2907 670 2982 locum;
684 2907 757 2967 addi
778 2909 907 2967 tantum
928 2908 1035 2982 potest
1053 2907 1121 2966 iam
1140 2906 1180 2965 iis
1194 2907 1343 2981 tempori·

69 3012 133 3071 bus
156 3014 235 3070 κεῖθι
266 3006 352 3080 (ἐκεῖ)
384 3011 418 3070 et
439 3013 516 3069 κεῖσε
543 3011 695 3071 confundi
718 3013 831 3086 coepta
854 3026 936 3072 osse.
961 3012 998 3071 In
1024 3010 1182 3071 eiusmodi
1201 3025 1343 3071 errorem

69 3111 166 3173 facile
189 3111 355 3185 sequiores
379 3111 492 3186 poetas
516 3112 712 3173 induxerunt
734 3112 796 3173 loci
819 3112 924 3186 qualis
944 3113 996 3173 est
1018 3111 1149 3173 Hesiodi
1177 3111 1231 3186 Op.
1257 3113 1320 3170 202

340 3203 392 3272 ὧδ’
420 3211 485 3292 ἴρηξ
508 3210 681 3292 προσέειπεν
704 3211 822 3291 ἀηδόνα
844 3212 1061 3291 ποικιλόδειρον

338 3314 396 3391 ύψι
419 3309 482 3391 μόλ’
508 3312 540 3375 ἐν
562 3312 697 3391 νεφέεσσι
720 3311 830 3393 φέρων,
852 3310 987 3394 ὀνύχεσσι
1010 3312 1178 3393 μεμαρπώς.

116 3416 186 3476 Νοο
208 3416 256 3475 ita
279 3416 401 3477 mirum
423 3417 560 3493 videtur,
584 3417 821 3478 Alexandrinos
844 3420 977 3492 putasse
997 3418 1066 3477 iure
1086 3417 1120 3476 in
1143 3417 1201 3476 tali
1220 3432 1255 3477 re
1275 3431 1342 3490 spe·

69 3520 154 3582 ctari
189 3518 377 3593 exemplum
408 3518 548 3580 Hesiodi.
580 3518 664 3579 Nam
696 3518 729 3578 in
762 3534 861 3579 manu
886 3521 955 3579 erat
977 3520 1017 3579 iis
1041 3534 1121 3593 opus
1144 3518 1342 3578 hesiodeum.

69 3622 143 3683 Hoc
167 3623 199 3681 et
222 3620 298 3680 alibi
322 3621 454 3694 apparet
479 3623 513 3681 et
538 3621 642 3680 nostri
666 3635 762 3681 versu
787 3621 839 3695 32,
863 3635 960 3693 quem
984 3636 1058 3682 cum
1082 3619 1236 3681 scriberet
1258 3618 1344 3679 haud

67 3737 151 3784 sone
172 3723 334 3782 inmemor
357 3721 457 3782 fuisse
481 3720 608 3781 videtur
632 3722 778 3782 eiusdem
802 3721 874 3782 libri
898 3738 945 3782 vs.
973 3724 1036 3782 753

296 3817 372 3901 μηδὲ
393 3822 551 3906 γυναικείῳ
575 3827 687 3905 λουτρῷ
710 3822 806 3901 χρόα
829 3823 1133 3901 φαιδρύνεσθαι

296 3922 396 4004 ἀνέρα.
522 3905 526 3913 ¹

116 4027 184 4088 Nec
207 4028 294 4088 enim
319 4028 505 4088 constanter
536 4027 567 4087 id
594 4028 676 4108 egit,
701 4028 820 4102 opinor,
846 4027 1085 4088 eruditissimus
1109 4026 1203 4100 poeta
1227 4027 1264 4084 ut
1283 4024 1344 4085 Ho·

69 4130 157 4192 meri
178 4130 280 4191 solius
300 4129 439 4202 vestigia
449 4130 620 4203 premeret.
636 4129 778 4190 Noverat
789 4143 892 4202 neque
905 4126 1031 4206 φαιδρὸς
1050 4142 1152 4200 neque
1169 4125 1346 4205 φαιδρύνειν

68 4233 230 4306 usurpata
253 4247 326 4292 esse
347 4231 481 4292 apoeta
500 4232 555 4305 qui
574 4229 705 4310 φαεννὸς
718 4229 851 4307 φαείνιιν
872 4230 1061 4291 taliahabet
1081 4228 1131 4300 (ci.
1153 4228 1230 4290 cau.
1248 4230 1288 4289 11.
1303 4229 1345 4304 9),

66 4334 210 4396 noverat
220 4340 346 4411 χεῦμα,
357 4348 471 4394 vocem
485 4334 653 4408 praecipue
663 4334 820 4408 tragicam
829 4348 866 4393 eo
875 4332 1004 4406 quidem
1014 4346 1122 4406 sensu,
1132 4331 1165 4390 in
1174 4330 1346 4390 homericis

66 4452 137 4499 non
157 4436 412 4510 occurrere;sed
431 4450 545 4496 ornare
564 4436 722 4497 eiusmodi
734 4434 994 4496 innovationibus
1016 4435 1140 4509 epicum
1162 4448 1345 4493 sermonem

68 4590 161 4599 „⁶ae-
165 4587 294 4595 mm-

102 4666 123 4728 ¹)
143 4668 206 4716 Gall.
226 4667 268 4714 Π.
288 4667 335 4714 107
353 4671 435 4726 πήχεις
451 4669 595 4732 ἀμφοτέρους
612 4669 730 4733 ὀρέγουσα.

1226 4750 1240 4793 2
