3104 5286
639 468 681 528 99

49 655 156 734 tham,
193 672 276 732 quae
306 657 500 718 decantabat
530 657 642 717 Iovem
675 659 758 733 Ζκῆνα
789 658 851 718 dici
885 656 955 734 „dat
988 658 1020 720 a
1055 655 1090 720 δι’
1128 660 1222 723 αὐτοῦ
1256 663 1292 723 τὰ

46 756 120 817 πάντα
142 760 217 835 ζῆν’
241 775 324 833 quae
347 761 432 820 inter
454 760 656 835 Demetrem,
682 760 845 836 Hestiam,
870 762 995 822 Rheam
1020 765 1175 840 distingui
1198 783 1293 842 posse

44 860 176 937 negabat,
209 861 347 937 denique
374 863 426 922 his
453 862 604 923 omnibus
628 861 759 922 deorum
785 864 972 926 nominibus
995 867 1075 926 nihil
1099 867 1162 927 nisi
1186 869 1295 929 varias

40 966 145 1024 summi
168 963 220 1024 del
243 964 367 1023 formas
391 963 441 1024 vel
465 964 646 1038 potestates
669 962 804 1023 indicari
828 965 1050 1027 contendebat.

71 1065 142 1126 Fuit
171 1064 410 1139 quodammodo
441 1080 461 1125 a
491 1065 568 1124 latis
592 1065 711 1138 iniquis
742 1064 932 1139 impositum
965 1066 1176 1146 Callimacho,
1202 1074 1237 1132 nt
1261 1074 1294 1133 in

34 1165 67 1226 iis
97 1167 357 1241 quammaxime
388 1165 475 1226 cordi
506 1165 652 1241 haberet,
684 1166 807 1225 trustra
838 1182 931 1228 arma
954 1172 1108 1231 sumeret.
1133 1171 1295 1246 Pugnavit

32 1272 136 1328 contra
166 1269 298 1328 deorum
332 1270 520 1327 exterorum
544 1266 761 1342 invasionem,
787 1270 822 1327 at
843 1268 925 1328 nihil
949 1271 1097 1348 celerius,
1125 1275 1205 1334 nihil
1230 1276 1293 1351 pla·

30 1370 96 1429 nius
131 1368 244 1430 orbem
279 1369 438 1430 Graecum
472 1368 617 1443 pervasit
650 1371 765 1443 postea
798 1384 897 1443 quarn
933 1371 1029 1432 Isidis
1059 1374 1166 1436 cultus
1197 1381 1294 1451 atque

28 1471 198 1545 Sarapidis.
233 1471 455 1545 Syncretismo
485 1469 607 1544 obstat,
645 1472 691 1544 at,
728 1471 903 1532 adiuvante
937 1474 1056 1547 partim
1091 1476 1295 1553 philosophia

25 1574 143 1646 partim
167 1572 347 1647 orphismo,
372 1570 574 1645 singulorum
598 1571 732 1631 deorum
755 1573 890 1633 naturas
913 1573 945 1632 in
971 1574 1040 1635 dies
1064 1580 1171 1652 magis
1194 1582 1292 1643 coale-

25 1689 112 1734 scere
144 1673 216 1734 eius
247 1674 354 1733 aetate
382 1673 540 1732 videmus.
573 1671 680 1731 Nihilo
711 1673 818 1732 secius
850 1689 965 1749 operae
996 1679 1137 1751 pretium
1166 1682 1241 1757 erit,
1266 1685 1294 1743 si

24 1792 87 1835 non
110 1776 143 1835 in
168 1774 319 1835 omnibus
342 1775 392 1835 dis
415 1773 613 1849 deabusque,
646 1774 678 1833 in
703 1789 767 1834 uno
791 1774 934 1837 alterove
957 1780 1069 1840 tamen
1092 1781 1294 1856 diligentiam

24 1881 138 1951 poetae
174 1892 348 1953 exponere,
381 1892 443 1950 quo
467 1878 620 1952 appareat
644 1891 810 1951 quousque
833 1891 908 1937 eum
933 1876 1063 1941 duxerit
1085 1887 1295 1956 syncretismi

26 1980 144 2039 odium.

67 2209 196 2268 Rheam
228 2221 303 2266 cnm
334 2205 421 2266 Gaea
444 2205 512 2280 alii,
545 2205 601 2265 alii
632 2220 706 2265 curn
738 2203 869 2281 Cybele,
902 2209 1048 2270 nonnulli
1080 2227 1154 2273 cnm
1182 2214 1296 2278 Cerere

27 2323 219 2386 componere
253 2308 376 2368 iamdiu
410 2308 498 2367 soliti
532 2309 624 2367 eraut
659 2322 723 2366 non
757 2307 864 2367 solum
894 2309 1075 2388 philosophi
1107 2318 1163 2376 sed
1194 2320 1295 2380 etiam

27 2418 149 2490 poetae.
182 2412 222 2472 Et
252 2411 381 2484 longius
410 2425 508 2484 quam
531 2409 673 2484 plerique
697 2422 887 2482 progressus
909 2410 1077 2487 Euripides
1099 2419 1196 2479 modo
1220 2436 1294 2482 cnm

27 2515 227 2595 philosophis
256 2547 294 2555 -
324 2514 539 2585 Anaxagorae
577 2511 771 2586 sapientiam
806 2512 914 2571 verbis
948 2514 1160 2591 Pythagoreis
1194 2525 1293 2597 prote·

28 2637 100 2682 rens
121 2614 142 2689 ¹)
168 2651 209 2661 —
234 2616 356 2676 Caeam
379 2614 529 2674 Hostiam
553 2613 681 2672 dixerat
704 2612 752 2683 (fr.
777 2612 867 2682 938l:

249 2714 300 2776 ant
322 2718 399 2774 Γαῖα
423 2722 520 2792 μῆτερ·
538 2709 660 2773 Ἑστίαν
683 2711 716 2773 δέ
739 2708 765 2772 o'
793 2713 825 2773 οἱ
845 2713 934 2789 σοφοὶ

250 2821 365 2899 βροτῶν
387 2821 544 2892 καλοῦσιν,
566 2811 681 2894 ἡμένην
704 2813 736 2875 ἐν
760 2812 874 2893 αἰθέρι,
896 2809 916 2886 ¹)

30 2929 123 2989 modo
147 2923 324 2997 tellurem,
348 2921 465 2994 quippe
488 2934 571 2993 qnae
594 2917 745 2978 Aetheris
766 2918 937 2992 complexu
957 2924 1091 2996 gravida
1107 2930 1294 2993 omniaani·

30 3029 155 3090 mantia
178 3025 290 3100 gignat
315 3055 354 3065 -
379 3036 461 3097 quae
484 3020 634 3096 Sophocli
656 3020 762 3080 fuerat
780 3013 932 3099 Ὀρεστέρα
951 3024 1103 3103 neppam
1123 3031 1182 3106 la,
1200 3031 1296 3113 μάτηρ

30 3129 122 3190 αὐτοῦ
155 3123 227 3197 Διὸς
255 3117 277 3194 ²)
303 3156 342 3166 -
371 3122 507 3182 eandem
545 3136 618 3181 esse
648 3121 757 3196 deam,
793 3137 891 3195 quam
927 3124 1076 3188 homines
1109 3130 1297 3195 Demetrem

29 3233 173 3293 salutare
196 3225 455 3300 consuevissent,
480 3224 611 3284 disertis
635 3223 742 3283 verbis
765 3224 918 3285 docuerat
941 3226 1064 3296 (Bacch.
1088 3232 1180 3304 tibi:

653 3323 797 3405 Antea
819 3325 892 3404 θεά,

252 3432 296 3506 Γῆ
320 3421 347 3487 δ’
374 3424 467 3503 ἐστὶν,
489 3423 585 3502 ὄνομα
609 3421 636 3485 δ’
664 3422 807 3506 ὁπότερον
831 3429 933 3506 βούλει
956 3430 1045 3491 κάλει.

31 3536 118 3611 Quae
149 3533 203 3593 hic
231 3532 392 3605 Demeter,
424 3546 463 3590 ea
493 3545 572 3590 mox
601 3528 701 3589 simul
733 3532 839 3590 mater
869 3529 986 3606 Cybele
1014 3535 1112 3595 simul
1137 3538 1236 3600 Rhea.
1261 3542 1299 3601 In

30 3637 146 3698 eadem
177 3635 264 3694 enim
295 3633 495 3693 Baccharum
527 3631 694 3706 tragoedia
724 3646 788 3691 non
818 3630 925 3692 solum
956 3634 1119 3710 Dionysus
1142 3643 1301 3716 tympana

29 3736 169 3814 phrygia
187 3733 310 3794 salutat
326 3727 413 3803 ‘Peg
435 3752 464 3791 τε
488 3730 597 3809 μητρὸς
620 3729 675 3808 ἐμά
697 3724 728 3790 θ’
755 3729 927 3810 εὑρήματα”
952 3739 1011 3804 (vs.
1037 3738 1105 3814 58),
1130 3742 1187 3801 sed
1211 3744 1299 3804 chori

30 3838 176 3900 carmine
190 3869 230 3880 —
244 3835 327 3909 qnod
351 3835 422 3909 ipsa
444 3836 606 3909 gravitate
629 3835 754 3895 dicendi
778 3837 811 3895 et
834 3838 925 3895 casta
944 3839 1065 3912 pietate
1082 3841 1299 3923 demonstrat,

29 3942 192 4017 quantum
223 3938 290 3997 iam
320 3941 391 3997 tum
422 3938 606 3998 theocrasia
635 3938 775 3998 valuerit
805 3939 845 3998 ad
876 3939 1047 4000 hominum
1070 3944 1198 4006 animos
1230 3963 1301 4010 con-

29 4041 189 4104 ciliandos
219 4055 238 4100 a
261 4039 367 4113 prisca
390 4039 544 4113 religione
568 4039 769 4100 abalienatos
790 4072 830 4083 —
855 4043 950 4115 poeta
974 4039 1144 4104 Cretenses
1168 4045 1302 4110 Curetes

29 4161 107 4206 oum
133 4141 275 4216 Phrygia
298 4139 432 4216 Cybele,
458 4156 531 4201 cum
556 4140 617 4202 dea
644 4141 786 4217 Phrygia
809 4142 921 4202 Iovem
946 4145 1120 4224 Κρηταγενῆ
1142 4150 1176 4208 et
1198 4153 1343 4235 Acopa„-

62 4490 82 4545 ¹)
111 4491 216 4537 Arimi·
237 4487 267 4535 dt
290 4487 499 4538 oaeb11.o.1e
525 4487 659 4548 Ἀναξιμνης
676 4489 702 4536 dl
719 4491 757 4537 nni
775 4487 930 4554 Ἀναξαγόρας
947 4491 985 4536 καὶ
1004 4493 1150 4556 Δημόκριτος
1170 4493 1197 4539 τὸ
1217 4497 1304 4549 πλάτος

26 4577 106 4622 alem
125 4565 184 4616 ulmi
200 4585 259 4630 φασι
276 4576 318 4615 τοῦ
334 4570 410 4626 μένειν
428 4571 505 4628 αὐτὴν.

63 4652 86 4718 2)
108 4649 188 4710 soph.
206 4646 272 4694 nnc.
289 4649 346 4695 ssa
