3104 5296
842 488 882 549 84
1240 487 1297 549 111.
1325 489 1492 551 iao—142

225 679 315 740 misit
342 676 560 741 Callimachus
589 679 667 753 quin
699 681 871 740 exornaret
894 677 1169 754 amplificaretque
1193 679 1317 739 vetusti
1342 679 1491 739 carminis

223 782 477 856 simplicitatem.
511 780 598 858 Quod
623 783 820 856 quantopere
849 781 1026 855 corruperit
1045 795 1093 856 ea,
1118 783 1154 840 ut
1177 781 1207 840 ei
1231 779 1412 856 videbatur,
1436 781 1491 841 eic·

224 883 344 958 gantia,
379 897 443 943 non
473 897 555 957 opus
585 887 637 943 est
667 883 819 944 indicare.
843 882 905 942 Hic
927 897 1053 957 quoque
1080 881 1235 942 nonnulla
1258 882 1393 942 admisit
1415 897 1492 955 quae

223 984 263 1043 ab
298 984 400 1058 ipsius
430 983 563 1045 Homeri
598 985 738 1045 dictione
761 984 867 1045 aliena
891 987 977 1044 sunt.
1001 984 1064 1044 Vix
1087 985 1175 1044 enim
1199 985 1311 1058 opinor
1335 984 1493 1045 Homerus

224 1088 345 1161 Λητοῦς
378 1083 474 1163 γάμον
509 1086 647 1146 dixisset
680 1076 719 1146 de
755 1101 793 1147 ea
836 1086 896 1146 dea
927 1100 1009 1159 quae
1041 1100 1153 1146 revera
1188 1100 1252 1146 non
1286 1086 1375 1146 iusta
1410 1089 1493 1147 esset

222 1186 310 1248 Iovis
342 1202 424 1247 uxor
442 1179 474 1256 ¹).
509 1188 633 1262 Hymni
666 1190 779 1249 contra
813 1188 866 1248 ubi
897 1188 968 1247 sive
996 1187 1188 1247 mortalibus
1211 1186 1404 1248 mulieribus
1426 1188 1491 1248 sire

223 1288 344 1349 deabus
378 1289 409 1349 di
443 1303 554 1350 amore
588 1305 624 1350 se
655 1290 793 1363 iungunt
824 1289 856 1349 id
890 1288 986 1367 γάμον
1017 1288 1123 1348 solent
1146 1303 1269 1349 vocare.
1301 1289 1352 1349 Ita
1384 1289 1491 1364 hymn.

223 1389 340 1450 XVIII.
366 1391 407 1450 35
443 1386 493 1464 „is
517 1385 544 1449 δ’
583 1388 709 1451 ἐτέλεσσε
732 1390 828 1469 γάμον
851 1389 1014 1469 θαλερόν”,
1040 1394 1073 1451 et
1095 1391 1207 1465 hymn.
1235 1391 1292 1451 III.
1319 1392 1360 1452 29
1388 1390 1493 1467 „tulba

222 1487 308 1568 γέρας
328 1488 393 1550 ἀντὶ
413 1491 540 1570 γάμοιο”
566 1493 620 1553 ubl
647 1494 754 1567 magis
778 1491 849 1572 ἔργα
875 1491 982 1571 γάμοιο
1007 1495 1040 1552 ο1
1067 1492 1174 1552 omnis
1197 1507 1289 1552 amor
1312 1508 1413 1565 quam
1435 1495 1491 1554 ius·

222 1599 293 1655 tum
326 1595 573 1655 matrimonium
609 1595 779 1655 indicatur.
808 1628 846 1638 -
873 1595 1044 1655 Praeterea
1078 1609 1181 1669 pauca
1216 1596 1346 1655 tantum
1380 1595 1420 1656 de
1447 1597 1492 1656 his

223 1697 370 1757 versibus
405 1698 483 1757 sunt
505 1698 676 1758 monenda.
702 1696 857 1757 insolitus
885 1697 972 1756 enim
996 1696 1072 1756 ordo
1097 1695 1269 1756 verborum
1293 1711 1409 1757 versus
1435 1698 1491 1756 139

223 1813 488 1871 -quamquam
522 1798 768 1872 praepositionis
802 1794 834 1857 λν
867 1798 1015 1873 repetitio
1047 1798 1086 1858 ad
1112 1797 1246 1858 Homeri
1277 1798 1490 1859 imitationem

222 1902 347 1974 spectat
378 1904 505 1970 (versus
535 1899 656 1975 pepigit
686 1901 727 1961 ad
759 1914 907 1960 normam
939 1913 1051 1960 eorum
1083 1899 1200 1971 quibus
1227 1902 1338 1960 cestus
1361 1900 1491 1961 Veneris

222 2000 255 2064 Ξ.
270 2002 334 2062 215
354 2006 388 2062 et
404 2002 504 2075 Aegis
518 2003 555 2062 E.
571 2003 633 2062 140
658 2001 892 2071 describuntur)
908 2034 945 2043 -
961 2016 998 2061 eo
1011 2001 1116 2075 magis
1135 2001 1269 2062 offendit
1280 2002 1365 2074 quod
1385 2004 1490 2063 contra

224 2119 321 2164 usum
356 2104 556 2164 homericum
594 2104 758 2164 adiectum
793 2106 844 2163 est
880 2103 1055 2163 articulum
1091 2107 1120 2174 (ι.
1151 2104 1215 2164 498
1245 2103 1302 2163 ούν
1333 2125 1385 2163 κεν
1413 2097 1488 2182 ἄραξ’

223 2199 323 2281 ἡμέων
346 2203 487 2281 κεφαλάς,
510 2209 544 2263 Δ.
561 2207 622 2265 174
647 2202 695 2265 σίο
724 2199 753 2263 d'
781 2200 866 2264 ὀστέα
889 2203 977 2264 πύσει
1000 2200 1124 2282 ἄρουρα,
1156 2206 1191 2263 Ε.
1216 2205 1278 2265 811
1304 2202 1379 2265 ἄλλοί
1403 2201 1489 2282 σευῆ

223 2305 352 2382 νάματος
371 2305 496 2378 πολοάιξ
516 2309 586 2384 γοῑο
607 2303 731 2376 δέδυκε).
751 2307 872 2367 Deinde
894 2302 1067 2385 ἄντυγας
1090 2306 1129 2367 de
1148 2308 1217 2367 toto
1237 2322 1343 2382 curru,
1357 2309 1395 2368 ut
1406 2309 1488 2383 parte

220 2410 328 2469 totum
362 2409 527 2478 indicaret,
563 2423 626 2468 non
661 2409 753 2493 dixit
777 2408 947 2468 Homerus.
983 2409 1054 2468 Iam
1077 2408 1192 2481 tragici
1220 2409 1260 2469 ad
1288 2408 1373 2469 hunc
1397 2423 1486 2469 usum

221 2512 428 2571 accesserunt
449 2510 550 2569 voluti
566 2509 734 2584 Euripides
754 2511 808 2582 qui
829 2509 940 2570 Ρλιοικ.
958 2511 1042 2570 1193
1062 2510 1146 2569 dixit
1169 2507 1341 2585 „titurium
1357 2508 1485 2589 ἀντύγων

220 2609 311 2686 ἄνθ’,
336 2611 391 2672 ubi
415 2609 524 2688 δίφρον
546 2611 680 2671 indicari
700 2613 841 2685 apparet.
864 2610 982 2671 Eodem
1005 2611 1070 2671 iere
1090 2610 1186 2671 modo
1199 2611 1372 2686 Sophocles
1385 2612 1483 2672 litertr.

224 2715 287 2774 746
315 2709 386 2789 ,κάξ
409 2709 546 2789 ἀντύγων
567 2709 707 2771 dicendi
737 2711 817 2772 (ium
842 2711 1038 2773 Callimacho
1062 2712 1139 2772 fecit
1165 2712 1356 2774 Theocritus
1375 2717 1430 2789 qul
1449 2713 1482 2773 ll.

225 2817 286 2875 166
307 2815 345 2875 de
369 2816 428 2875 hoc
451 2815 565 2875 eodem
589 2815 709 2875 Dianae
744 2815 814 2874 sive
837 2814 948 2874 Lunae
970 2829 1064 2874 curru
1090 2815 1168 2874 haec
1193 2814 1306 2876 habet:

448 2912 593 2995 ,ἄστε’ρες,
616 2914 752 2994 εὐκήλοιο
775 2909 835 2975 κατ’
861 2913 973 2994 ἄντυγα
997 2913 1103 2987 νυκτὸς
1127 2910 1266 2976 ὀπαδοί.”

222 3050 264 3059 -
288 3015 407 3094 θηητην
429 3033 493 3079 non
517 3034 558 3079 ex
581 3019 722 3080 Homero
746 3033 861 3078 verum
884 3032 925 3078 ex
950 3017 1133 3091 Theogonis
1155 3019 1292 3078 noverat
1314 3021 1374 3088 (vs.
1400 3019 1457 3087 31).

266 3221 336 3281 Iam
369 3221 515 3293 sequitur
544 3221 705 3296 olympiae
734 3221 821 3281 vitae
852 3220 1034 3296 descriptio,
1066 3235 1129 3293 qua
1167 3220 1358 3293 aequalibus
1388 3218 1479 3292 magis

222 3322 363 3396 profecto
387 3337 485 3395 quam
508 3322 600 3382 nobis
625 3323 745 3396 placuit
768 3322 879 3396 poeta:

267 3423 322 3483 Vs,
350 3425 422 3484 142.
468 3421 545 3482 ἔνθα
568 3445 613 3483 τοι
636 3420 809 3495 ἀντιόωντες
833 3419 877 3481 ἐνί
900 3424 1066 3506 προμολῇσι
1091 3418 1235 3499 δέχονται,

466 3523 542 3585 ὅπλα
565 3521 618 3602 μὲν
634 3520 773 3603 Ἑρμείης
797 3520 968 3602 ἄκακήσιος,
992 3520 1086 3602 αὐτὰρ
1110 3522 1256 3583 Ἀπόλλων

466 3627 577 3705 θηρίον
601 3626 660 3688 ὅττι
685 3624 825 3711 φίρησθα
838 3659 880 3669 -
893 3622 1023 3704 πάροιθέ
1045 3646 1087 3704 γε,
1108 3624 1178 3703 πρίν
1201 3646 1255 3704 περ
1279 3622 1397 3684 ἱκέσθαι

347 3729 409 3788 145
466 3725 607 3807 καρτερὸν
631 3727 788 3806 Ἀλκείδην·
812 3734 870 3787 νῦν
895 3721 922 3786 δ’
949 3726 1006 3788 οὐκ
1028 3724 1069 3786 ἔτι
1091 3733 1197 3785 τοῦτον
1220 3723 1333 3786 ἄεθλον

468 3831 579 3910 Φοῖβος
602 3828 667 3908 ἔχει.
691 3834 770 3901 τοῖος
793 3827 850 3908 γᾶρ
874 3825 920 3889 ἄελ
946 3829 1108 3907 Τιρύνθιος
1135 3824 1238 3904 ἄκμων

465 3927 566 4009 ἕστηκε
589 3930 647 4011 πρὸ
670 3928 798 4008 πολέων,
819 3927 1028 4010 ποτιδέγμενος
1052 3929 1126 3990 εἴτι
1149 3927 1282 4008 φέρουσα

465 4035 542 4093 νεῖαι
565 4037 635 4093 πῖον
658 4030 774 4109 ἔδεσμα·
797 4027 865 4091 θεολ
889 4026 919 4091 d’
947 4028 994 4091 ἕπλ
1016 4030 1124 4102 πάντες
1147 4027 1249 4116 ἐκείνῳ

465 4131 609 4213 ἄλληκτον
631 4132 764 4215 γελόωσι,
787 4133 910 4212 μάλιστα
934 4128 966 4193 δὲ
989 4130 1121 4211 πενθερη
1145 4130 1231 4210 αὕτη,

345 4235 407 4295 150
463 4243 574 4314 ταῦρον
598 4230 635 4297 ὅτ’
662 4233 694 4296 ἐκ
719 4236 839 4313 δίφροιο
864 4233 941 4311 μάλα
965 4232 1068 4316 μέγαν,
1090 4230 1110 4312 ll
1134 4231 1180 4293 ὅτε
1203 4234 1334 4313 χλούνην

463 4336 578 4416 κάπρον
601 4334 785 4399 ὀπισθιᾶίοιο
810 4334 895 4414 φέροι
918 4333 1011 4408 ποδὸς
1034 4332 1226 4414 ἀσπαίροντα.

266 4437 378 4498 Obiter
404 4440 531 4500 tanturn
558 4441 747 4502 indicandae
778 4443 855 4500 sunt
886 4439 1086 4500 imitationes
1109 4437 1293 4498 homericae
1316 4436 1390 4497 illae
1411 4441 1480 4507 quas

255 4653 273 4720 ¹)
292 4657 329 4702 01.
348 4670 450 4716 quoqne
468 4658 510 4703 IV.
528 4661 569 4714 38,
588 4661 650 4717 ll40;
670 4665 696 4707 et
715 4660 760 4706 111.
781 4661 829 4705 loa
846 4659 982 4717 (μνᾶσθαι).
