3068 5294
58 465 117 528 lv.
145 468 321 528 uto-265
498 464 500 466 ’
673 460 734 524 175

57 654 223 732 αἴρεται
253 653 472 734 πορφύρων
502 657 584 725 τοῖς
611 653 788 730 ιύμασι”.
813 652 952 713 Omnino
975 667 1038 713 non
1061 652 1100 712 ad
1127 652 1259 713 verbum
1285 667 1337 712 ax·

58 757 225 831 pressisse
256 757 412 818 contendo
442 754 678 817 Callimachum
705 754 817 815 Alcaei
841 769 957 814 versus
981 769 1062 828 quos
1085 753 1136 813 hio
1159 753 1264 814 reddit
1287 753 1338 812 Hi-

61 858 202 917 merius.
227 857 271 917 At
293 859 322 918 si
344 873 414 918 rem
438 859 577 932 spectas,
598 857 674 931 quid
695 857 831 916 interest
850 854 1027 916 interillos
1046 854 1214 930 Delphicos
1234 855 1341 917 fontes

62 962 202 1032 argento
233 960 451 1020 redundantes
483 962 516 1019 et
547 959 655 1019 lacum
686 957 853 1018 Deliacum
880 965 978 1039 χρυσῷ
1002 953 1131 1034 orooro?
1155 956 1241 1018 Num
1265 957 1341 1030 quid

63 1062 193 1121 distant
226 1060 381 1135 cephisus
403 1061 458 1135 qui
482 1057 571 1139 μέγας
595 1059 706 1140 αἴρεται
727 1059 904 1137 πορφύραν,
932 1060 966 1119 et
991 1058 1110 1132 Inopus
1134 1059 1188 1131 qui
1212 1056 1341 1136 βαθὺς

62 1159 244 1240 ἑλιχθιὶς
274 1159 528 1240 ἐπληρηιορεθ
550 1161 636 1222 Nam
658 1161 690 1222 id
711 1162 842 1222 omnino
865 1161 1041 1222 tenendum
1066 1163 1127 1236 est,
1151 1158 1255 1238 βαθὺν
1279 1161 1342 1221 dici

62 1279 85 1324 a
108 1265 222 1324 nostro
241 1263 378 1323 fluvium
398 1279 462 1325 non
482 1262 586 1323 altum
607 1263 702 1324 modo
723 1264 780 1323 sed
800 1262 888 1335 larga
911 1262 1068 1322 fluentem
1080 1263 1132 1333 (cf.
1146 1278 1194 1324 vs.
1209 1264 1294 1338 206),
1308 1265 1342 1323 et

65 1364 167 1424 verbo
190 1364 456 1442 πλημμύρειν,
480 1363 557 1424 licet
574 1363 714 1424 fortasse
734 1363 867 1424 Homeri
888 1363 1045 1424 memoria
1065 1363 1097 1423 id
1120 1378 1206 1424 nunc
1229 1379 1340 1439 suppe-

64 1467 222 1527 ditaverit
245 1471 274 1538 (ι.
298 1467 362 1527 486
393 1462 581 1544 ,πλημμυρὶς
605 1463 802 1541 laudatore),
835 1465 902 1525 iam
930 1466 984 1525 diu
1008 1468 1082 1525 ante
1106 1464 1342 1526 Callimachum

65 1569 226 1643 ampliore
248 1584 348 1630 sensu
371 1583 448 1629 usos
472 1583 544 1628 esse
568 1569 681 1643 poetas
705 1569 741 1627 ut
764 1568 954 1628 aestuantes
979 1567 1081 1627 undas
1105 1566 1339 1642 significarent,

65 1671 155 1744 quod
175 1671 203 1730 si
223 1686 338 1731 verum
355 1673 416 1747 ost,
441 1671 501 1730 boo
524 1670 631 1743 ipsum
654 1670 826 1742 respondet
846 1669 912 1729 illis
934 1668 1118 1748 ,πορφύρων
1138 1669 1341 1747 οοῖςιιύμασι”

66 1788 153 1846 quae
177 1788 219 1832 ex
242 1773 360 1834 Alcaeo
385 1772 489 1832 sumit
511 1771 689 1833 Himerius.

114 1873 186 1933 Non
214 1875 401 1935 substitisse
424 1875 477 1934 hic
504 1874 664 1934 eruditam
688 1873 906 1934 imitationem
929 1875 1042 1947 poetae
1067 1873 1170 1933 nostri
1193 1872 1286 1933 docet
1308 1872 1342 1933 ni

68 1975 166 2036 fallor
190 1991 237 2036 vs.
259 1977 333 2037 260.
358 1976 524 2052 Quaenam
548 1976 635 2036 enirn
659 1975 715 2035 illa
739 1976 815 2034 sunt
838 1973 1023 2051 θεμείλια
1047 1990 1130 2049 quae
1153 1975 1197 2035 ibi
1222 1990 1340 2035 memo-

67 2078 209 2138 rantur?
232 2078 318 2137 Num
338 2078 445 2138 solum
464 2081 517 2136 est
535 2077 686 2137 insulae?
710 2077 753 2136 At
773 2065 866 2146 οὖδας
886 2090 1021 2136 aureum
1034 2076 1192 2137 habemus
1206 2092 1253 2137 vs.
1267 2077 1342 2138 264.

69 2182 123 2239 An
136 2178 347 2239 fundamenta
360 2177 578 2240 aedificiorum
592 2179 780 2238 sacrorum?
791 2177 817 2236 N
821 2193 861 2238 on
873 2178 994 2254 opinor,
1006 2193 1084 2238 nam
1096 2179 1247 2238 omnibus
1254 2182 1343 2239 caret

69 2280 228 2342 aedificiis
249 2282 357 2342 insula
380 2281 564 2355 nuperrime
584 2283 672 2351 nata.
693 2280 776 2341 Sunt
794 2280 865 2354 ipsa
886 2279 1012 2340 insulae
1032 2279 1244 2340 fundamenta
1262 2280 1343 2341 haec

69 2383 215 2461 θεμείλια,
249 2384 365 2457 quibus
399 2382 500 2443 infixa
534 2381 629 2442 Delos
664 2383 730 2442 iam
762 2397 825 2442 non
857 2382 998 2456 amplius
1022 2383 1214 2444 movebitur.
1238 2382 1288 2457 ut,
1313 2383 1342 2442 si

69 2485 148 2558 quid
186 2487 287 2563 video,
322 2485 481 2547 succurrit
516 2485 548 2544 in
582 2484 643 2544 hac
677 2500 711 2545 re
745 2485 884 2560 Pindari,
919 2485 1003 2558 quod
1034 2484 1164 2559 saepius
1188 2485 1341 2560 respexit,

67 2584 241 2663 προσόδιον.
263 2586 349 2662 Quos
369 2587 541 2648 Thebanus
561 2589 656 2663 poeta
675 2588 723 2658 (fr.
738 2587 790 2657 88)
811 2587 1030 2663 appellaverat
1050 2583 1342 2664 ἀδαμαντοπείίλοας

67 2685 187 2764 κιόνας,
217 2687 434 2749 Callimachus
465 2689 646 2763 simplicius
672 2689 750 2750 dicit
770 2688 913 2766 θεμείλια.
937 2721 980 2730 -
1004 2689 1157 2762 Sequenti
1181 2704 1277 2750 vorsu
1301 2705 1342 2750 ex

68 2788 254 2863 Theognida
278 2790 398 2850 sumsit
420 2787 475 2867 τὴν
498 2789 650 2869 νρογοειδη
674 2789 782 2868 λίμνην
806 2791 956 2864 (Theogn.
982 2806 1030 2852 vs.
1049 2791 1089 2867 7),
1113 2805 1211 2864 quem
1234 2790 1342 2852 lacum

69 2906 134 2966 quo
158 2891 293 2953 consilio
315 2893 426 2951 noster
448 2891 663 2971 νροχόεσοαν
685 2892 789 2952 dicere
813 2892 975 2968 maluerit,
1000 2892 1120 2965 ignoro.

115 2991 231 3052 Varias
265 2993 414 3053 evocavit
448 2994 732 3069 interpretationes
770 2991 1004 3072 ,γενέθλιον
1036 2991 1151 3073 ἔρνος
1185 2990 1342 3072 ίλαίης”

71 3110 120 3155 vs.
157 3095 232 3154 262.
264 3093 442 3154 Meinekius
476 3095 622 3156 arborem
656 3096 812 3157 elicorum
838 3096 975 3171 ferocem
998 3095 1147 3170 explicat.
1172 3096 1345 3157 Schneider

69 3195 199 3256 mavult
229 3195 277 3255 ita
306 3194 415 3256 locum
445 3197 584 3272 intelligi
607 3201 644 3259 ut
667 3198 790 3260 dictum
818 3198 862 3257 sit
885 3194 1039 3276 γενέθλιον
1059 3195 1144 3276 ἔρνος
1167 3195 1265 3275 ἐλαίης
1288 3213 1344 3272 pro

72 3294 259 3375 ,γίνεθλον”
280 3296 349 3358 sive
377 3295 522 3377 ,γενέθλη
542 3296 674 3377 ἐλοίης”.
693 3300 815 3361 Neuter
834 3300 914 3359 mihi
933 3301 1104 3373 persuasit.
1125 3299 1210 3360 Nam
1232 3300 1264 3360 in
1285 3302 1344 3360 hac

69 3414 198 3473 quoque
232 3414 267 3459 re
298 3400 406 3474 potius
438 3401 577 3461 dixerim
608 3402 655 3462 ita
678 3417 753 3462 cum
781 3401 953 3461 homericis
977 3402 1136 3475 tragicum
1160 3418 1345 3464 sermonem

70 3500 245 3561 miscuisse
268 3504 428 3578 nostrum,
449 3506 486 3563 ut
509 3503 623 3565 reddat
644 3505 724 3565 illud
748 3501 832 3582 ἔρνος
853 3500 951 3580 ἐλαίης
975 3504 1073 3564 verba
1100 3503 1254 3580 ,φοίνικος
1277 3504 1346 3565 νεὸν

70 3599 177 3678 ἕρνος”
200 3601 234 3672 (ζ.
249 3604 333 3677 163),
354 3604 413 3664 sed
433 3605 631 3666 adiectivum
649 3603 803 3685 γενέθλιος
823 3621 861 3666 aa
881 3605 1004 3665 ratione
1017 3606 1069 3666 hic
1081 3605 1346 3681 adhibeaturque

70 3703 218 3764 adhibuit
252 3704 435 3779 Aeschylus
469 3706 563 3769 Eum.
601 3709 664 3769 293
703 3707 849 3785 Τρίτωνος
892 3704 970 3784 ἀμφὶ
1003 3715 1096 3786 χεῦμα
1130 3708 1345 3787 γενεθλίου

69 3803 179 3885 πόρου,
213 3804 260 3865 ita
295 3805 394 3879 igitur
428 3811 465 3868 ut
500 3809 660 3871 adiectivo
690 3806 844 3889 γενέθλιος
879 3825 952 3870 eam
984 3810 1132 3871 arborem
1155 3810 1347 3871 indicaverit

70 3911 176 3984 poeta,
201 3907 291 3966 iuxta
314 3922 412 3980 quum
440 3906 571 3989 ,ἐγένετο
597 3906 612 3970 ὁ
640 3911 783 3989 dotted&

116 4007 305 4069 ιιόλναοιοι
336 4025 385 4071 vs.
412 4011 487 4087 265,
512 4027 587 4072 cum
611 4012 673 4073 alio
697 4028 796 4073 sensu
820 4012 958 4073 dixisset
981 4013 1006 4072 1.
1032 4013 1088 4086 153
1112 4011 1166 4072 IV.
1195 4012 1270 4087 214,
1295 4012 1345 4082 (cl.

71 4127 101 4185 p.
136 4112 199 4185 11),
237 4125 322 4171 nunc
352 4115 389 4173 ut
412 4114 469 4175 ΙΙΙ.
496 4117 536 4175 71
562 4114 662 4190 accipi
686 4115 789 4176 voluit
811 4115 990 4175 secundum
1014 4114 1188 4174 dictionem
1211 4114 1344 4174 homeri-

71 4228 144 4272 cam
169 4212 246 4284 (nisi
269 4215 353 4286 quod
373 4214 489 4288 plurali
508 4232 643 4277 numero
669 4217 799 4291 utitur);
824 4217 951 4290 spectat
971 4216 1057 4275 anim
1076 4215 1186 4291 byrca.
1209 4215 1291 4275 bom.
1312 4216 1347 4274 ia

74 4312 139 4376 Ger.
163 4329 211 4375 vs.
234 4314 298 4374 287
326 4311 432 4390 ,παῖδ’
459 4314 518 4376 ἀνὰ
541 4316 638 4396 χερσὶν
668 4316 776 4378 ἑλοῦσα
799 4316 837 4402 ἐς)
863 4315 1020 4396 ἐγκάτθετο
1044 4317 1176 4402 κόλπῳ”,
1200 4319 1255 4392 qui
1280 4334 1345 4379 ver·

72 4433 131 4477 sus
154 4418 226 4492 ipse
249 4416 398 4479 imitatur
421 4416 453 4483 Ξ.
478 4421 553 4481 223.
581 4454 620 4464 -
645 4420 691 4481 De
715 4421 811 4482 verbo
836 4416 1028 4499 φθέγξασθαι
1051 4420 1090 4482 cf.
1114 4434 1186 4495 pag.
1213 4423 1285 4482 131.

119 4624 175 4686 Vs,
201 4625 278 4685 266.
328 4614 370 4700 ,ὦ
393 4623 498 4703 μεγάλε
522 4623 679 4704 πολύβωμε
702 4624 874 4702 totostoto,
896 4622 990 4685 πολλὰ
1014 4621 1139 4706 φέρουσι
