3068 5294
32 477 84 538 iv.
113 477 287 536 183-191
629 475 690 534 155

33 666 218 743 arbitratur,
242 667 299 727 sed
326 667 366 727 ad
390 666 537 726 animum
561 665 630 726 eius
653 665 709 738 qui
732 665 835 725 telum
859 667 951 738 gerit.
985 665 1134 726 Ceterum
1159 678 1199 723 ne
1222 677 1307 721 nunc

36 769 165 842 quidem
189 784 321 844 prorsus
344 768 492 841 congruit
515 783 589 828 curn
614 767 765 843 Homer0,
800 783 878 828 nam
912 768 1053 845 ζαστῆρες
1086 762 1219 836 ἀναιδέες
1243 780 1306 825 non

37 870 208 931 crudelium
234 872 291 930 aut
314 872 472 932 durorum
491 869 635 930 hostium
656 884 748 929 arma
767 869 797 929 ei
817 871 969 930 suntsed
996 884 1109 929 eorum
1136 859 1232 943 ,olore
1251 864 1307 927 οὐκ

37 967 149 1030 ἔνεστιν
172 969 296 1043 αἰδώς”.
317 971 438 1032 Hostes
457 972 568 1031 autern
589 984 654 1030 non
674 985 767 1030 arma
786 971 923 1046 spectari
946 970 1043 1030 verba
1066 965 1308 1050 ,lxoopr'vao

37 1093 68 1131 τε
91 1068 192 1131 σἰσπί
199 1070 216 1130 δ
223 1073 288 1144 ας”
312 1073 344 1144 (i.
369 1089 397 1134 e.
420 1069 549 1144 ἀσπίδας
572 1080 631 1131 τῶν
653 1075 737 1142 θεοῖς
761 1068 887 1151 ἐχθρῶν)
911 1071 1015 1132 lucide
1039 1071 1273 1132 demonstrant.

75 1173 127 1234 Illi
150 1174 249 1248 igitur
271 1174 413 1254 ζαστηρες
437 1170 570 1245 ἀναιδέες
586 1207 624 1217 -
638 1173 670 1233 id
694 1176 745 1234 est
764 1188 803 1233 ea
822 1169 958 1231 ἀναίδεια
977 1187 1059 1245 quae
1083 1175 1216 1246 gentem
1236 1174 1303 1234 bar·

38 1277 146 1336 baram
167 1276 275 1350 adegit
295 1277 332 1337 ut
351 1278 462 1337 eontra
481 1276 578 1336 deum
591 1291 683 1336 arma
694 1275 878 1348 accingeret
891 1307 930 1318 -
947 1272 1114 1358 ,Poidrpor
1125 1274 1221 1354 κακὴν
1234 1273 1306 1336 ὁδὸν

38 1377 222 1455 σιήσονται”.
255 1376 424 1439 sufficeret
446 1379 526 1439 haec
553 1378 686 1453 dixisse,
710 1378 884 1452 postquam
907 1377 974 1436 iarn
999 1391 1091 1438 arma
1115 1373 1238 1437 ἀναιδέα
1262 1378 1307 1438 in·

38 1480 158 1554 crepuit
181 1481 215 1540 et
236 1476 392 1557 ἐχθόμενα.
417 1479 479 1540 Sed
502 1481 550 1540 ita
573 1480 676 1540 deerit
700 1479 859 1540 versiculo
881 1493 955 1552 pars
974 1481 1131 1539 extrema.
1153 1479 1309 1540 Subvenit

38 1581 195 1642 laboranti
238 1583 351 1656 poetae
391 1581 550 1642 memoria
590 1582 755 1656 prompta:
793 1581 906 1640 extare
942 1578 1059 1639 alicubi
1097 1579 1129 1640 in
1165 1579 1311 1654 Odyssea

38 1687 77 1757 (φ.
93 1684 167 1754 105)
189 1698 331 1759 versum,
351 1684 406 1756 qui
426 1684 522 1744 exeat
542 1684 576 1743 in
598 1683 695 1744 verba
712 1678 842 1759 ,lippam
854 1684 965 1764 tvpp”
980 1681 1148 1742 commode
1160 1682 1309 1743 occurrit.

38 1787 71 1847 id
90 1787 190 1860 igitur
209 1786 325 1847 leniter
347 1787 562 1847 immutatum
582 1785 679 1847 adicit
701 1785 899 1846 sententiae:
921 1778 1088 1861 ,lippam
1113 1782 1254 1868 φύιρνζ
1270 1817 1309 1828 -

36 1888 70 1948 In
93 1887 212 1949 ceteris
235 1888 332 1948 huius
356 1902 470 1949 versus
495 1888 602 1948 verbis
625 1888 732 1962 magis
756 1887 895 1948 fortasse
922 1885 1122 1958 tragoediam
1152 1887 1310 1947 imitetur.

36 2005 111 2050 narn
142 1991 230 2050 reete
261 1989 475 2051 Schneiderus
506 1989 627 2066 attulit,
651 2005 713 2063 quo
743 1988 912 2061 vulgatum
936 1986 1093 2064 repererat
1116 1987 1310 2063 defenderet,

37 2092 153 2152 Aesch.
178 2090 272 2155 Eum.
297 2092 359 2152 811
386 2090 509 2168 στήσητε
534 2089 683 2168 δύσκηλον
706 2089 812 2168 χθόνα.

77 2191 124 2252 Ut
157 2207 255 2252 versu
287 2194 348 2252 184
376 2190 476 2252 finem
502 2207 616 2253 versus
640 2191 796 2252 homerici
821 2189 966 2265 arripuit,
991 2189 1037 2250 ita
1061 2205 1109 2251 vs.
1137 2191 1199 2252 186
1222 2205 1311 2251 exor-

36 2293 136 2354 dium.
172 2293 256 2353 Nam
281 2290 313 2352 ἐν
337 2290 409 2371 πυρὶ
432 2309 510 2354 sane
535 2294 737 2354 homericum
761 2293 858 2352 sonat
880 2291 929 2362 (oi.
953 2290 992 2349 it.
1017 2291 1086 2366 38);
1114 2307 1217 2366 neque
1241 2293 1311 2352 imi·

36 2396 97 2455 tari
121 2393 302 2455 Homerum
325 2410 382 2470 per
405 2395 563 2469 reliquam
589 2394 734 2455 eiusdem
759 2409 873 2455 versus
896 2395 1023 2467 partem
1047 2393 1175 2471 desinit,
1200 2409 1310 2468 quarn·

34 2511 134 2569 quam
166 2492 506 2568 ἀναπνεύσαντας
538 2497 621 2557 dixit
647 2496 737 2557 nullo
761 2496 884 2557 obiecto
908 2495 1025 2572 addito,
1050 2511 1125 2557 oum
1149 2496 1312 2558 Homerus

38 2598 154 2659 addere
178 2598 294 2659 solitus
317 2601 405 2660 esset
427 2597 529 2677 θυμόν
555 2599 605 2669 (ol.
631 2601 665 2657 Δ.
688 2600 768 2674 524;
793 2599 833 2657 N.
857 2600 942 2668 654).
964 2598 1002 2657 In
1022 2599 1180 2659 extremis
1199 2600 1310 2659 autem

36 2700 135 2759 huius
158 2700 261 2774 partis
284 2701 432 2761 versibus
455 2700 606 2761 imitandi
629 2701 834 2774 neglegentia
856 2700 998 2773 quadam
1020 2701 1133 2774 peooat
1153 2714 1250 2772 quam
1278 2703 1312 2761 et

36 2801 115 2861 alibi
138 2801 375 2876 deprendimus.
410 2803 530 2863 Parum
563 2802 650 2863 enirn
674 2803 748 2877 apte
772 2802 812 2863 ad
835 2802 944 2876 ipsum
967 2816 1078 2875 regem
1102 2816 1200 2874 quem
1224 2818 1310 2862 sum·

35 2903 102 2962 mis
122 2902 226 2963 voluit
247 2904 360 2964 tollere
383 2903 532 2965 leudibus
556 2904 655 2965 verba
677 2904 777 2964 refert
802 2900 946 2978 ,notit
969 2901 1202 2980 καμόντος”,
1226 2918 1309 2976 quae

35 3004 142 3064 cuivis
176 3003 289 3065 lectori
318 3007 351 3067 in
382 3007 577 3068 memoriam
600 3008 754 3068 revocant
776 3007 845 3067 sive
868 3007 955 3083 dene,
980 3007 1102 3067 frustra
1124 3006 1309 3067 laborantes

34 3105 187 3166 aduersus
221 3105 285 3166 νιίτι
318 3108 399 3169 Ioor'a
428 3102 531 3184 (,odt’
564 3102 595 3167 σι’
630 3107 707 3185 μάλα
737 3105 832 3167 πολλὰ
862 3107 1002 3185 κάμοιτε”
1031 3109 1063 3168 Θ.
1088 3109 1142 3178 22)
1166 3108 1235 3168 sive
1258 3108 1311 3168 bu·

34 3207 170 3268 buloum
198 3208 302 3286 illum,
330 3213 501 3270 strenuum
525 3226 604 3271 sane
624 3210 791 3270 hominem
814 3210 871 3270 sed
895 3209 1053 3270 humilem
1077 3209 1112 3282 (ξ.
1138 3211 1179 3271 65
1207 3206 1258 3283 ,89
1283 3208 1315 3268 οἱ

33 3306 131 3369 πολλὰ
154 3308 286 3393 κάμῃσι).
310 3311 414 3372 Versu
438 3312 548 3372 autern
567 3312 630 3373 190
650 3309 871 3390 ξυμβάλλει
891 3312 973 3371 dixit
990 3327 1052 3385 quo
1076 3326 1175 3372 sensu
1196 3310 1311 3370 Home·

33 3427 94 3473 rus
129 3409 186 3488 ,ot
218 3407 251 3471 δὲ
279 3410 413 3473 σννθέο”
447 3412 552 3474 dioere
578 3413 696 3473 solitus
719 3413 798 3473 erat.
826 3446 866 3456 -
891 3413 936 3473 De
961 3428 1038 3474 voce
1061 3408 1147 3472 εἰσέτι
1180 3412 1248 3472 dixi
1271 3411 1311 3471 ad

33 3515 97 3576 III.
125 3515 177 3589 77,
202 3529 274 3589 pag.
300 3516 352 3577 67.

83 3717 137 3778 Vs.
167 3718 240 3778 191.
268 3713 346 3792 ,fera
370 3714 538 3795 διειδομένη
561 3738 603 3788 τις
627 3714 659 3776 ἐν
682 3716 769 3777 lidum
792 3725 882 3795 νῆσος
906 3715 995 3796 ἀραιὴ

262 3813 429 3894 πλαζομένη
452 3818 615 3898 πελάγεσσι·
641 3817 731 3890 πόδες
755 3816 788 3879 δέ
810 3819 842 3879 οἱ
861 3818 916 3898 οὐχ
938 3816 982 3879 ἑνὶ
1005 3817 1099 3902 χώρην,

263 3916 336 3979 ἀλλὰ
360 3919 518 4003 παλιρροίη
541 3917 709 3999 ἐπινήχεται
730 3917 889 4000 ἀνθέρικος
913 3916 963 3997 ὣς,

263 4018 340 4080 ἔνθα
363 4020 459 4098 νότος,
482 4015 545 4081 ἕνθ’
571 4011 668 4101 εὖρος,
692 4019 751 4106 ὅπη
774 4019 899 4106 φορόησι
922 4021 1068 4080 θάλασσα·

176 4125 238 4185 195
262 4132 297 4208 τῇ
320 4145 355 4201 με
378 4121 489 4202 φέροις·
513 4122 616 4200 κείνην
638 4121 694 4203 γὰρ
718 4121 848 4184 ἐλεύσεαι
873 4123 913 4195 εἰς
939 4120 1135 4183 ἔθέλουσαν”.

84 4227 257 4288 Homerico
278 4227 381 4287 utitur
401 4226 540 4287 exordio.
567 4226 667 4286 Amat
691 4227 778 4286 enirn
800 4227 963 4286 Homerus
986 4224 1040 4285 ubi
1065 4238 1102 4285 eo
1125 4224 1221 4284 modo
1243 4238 1312 4284 sen·

32 4330 178 4391 tentiam
210 4328 342 4405 orditur,
374 4328 499 4389 adicere
525 4328 622 4388 verbo
646 4325 703 4386 ἔστι
729 4342 905 4402 pronomen
929 4326 1151 4388 indefinitum:
1179 4322 1257 4401 ,lon
1282 4321 1314 4384 ol

32 4454 81 4503 τις
103 4428 259 4506 πσταμδς”
284 4430 335 4491 vel
357 4428 441 4500 πόλις
467 4428 517 4489 vel
542 4425 630 4500 σπέος
654 4427 736 4508 εὐρὺ,
762 4429 811 4490 vel
836 4433 871 4508 (y.
905 4430 979 4499 293)
1008 4426 1085 4504 ,dou
1109 4425 1141 4487 tl
1163 4449 1206 4498 τις
1228 4424 1313 4503 λισσὴ

32 4531 139 4593 αἰπεῖά
173 4552 203 4591 τε
237 4529 277 4602 εἰς
312 4528 368 4589 ἅλα
395 4526 519 4608 πέτρη”,
554 4533 586 4591 et
617 4531 760 4607 tandem,
785 4530 818 4590 in
842 4545 903 4603 quo
928 4545 1024 4590 versu
1046 4529 1203 4590 imitando
1227 4543 1313 4589 nunc

19 4633 193 4696 delectari
219 4635 367 4692 nostrum
391 4634 503 4693 monet
526 4646 587 4692 nos
609 4633 750 4693 nominis
773 4631 962 4708 similitudo,
988 4630 1013 4690 δ.
1039 4633 1102 4692 845
