3104 5296
71 480 129 541 ΙΙΙ.
158 481 332 541 lat—136
680 480 722 539 83

72 668 287 730 ostentandae
306 681 405 728 eausa
423 666 598 728 adhiberet.
624 666 732 726 Etiam
755 666 829 738 post
848 679 923 724 eum
944 663 983 725 de
1011 665 1127 726 harum
1149 680 1267 727 vocum
1287 680 1349 729 usu

73 771 282 844 disputarunt
316 768 517 829 Herodianus
552 768 604 838 (ad
639 769 675 826 Χ.
707 768 783 836 lla)
817 767 851 826 et
893 765 1007 825 Aelius
1046 766 1220 841 Dionysius
1255 769 1350 843 (apud

74 871 181 933 Sobel.
215 874 247 929 Z.
277 872 363 940 378).
394 869 436 930 m
466 885 665 944 quamquam
689 870 736 930 ita
758 885 797 930 ea
820 868 952 929 nomina
975 868 1109 928 admisit
1133 867 1351 930 Callimachus

74 977 113 1033 ut
143 973 200 1033 vix
231 972 353 1033 efficias
381 972 434 1032 oui
464 972 605 1046 opinioni
636 971 756 1046 faveat,
788 969 908 1030 dixeris
939 970 1051 1030 tamen
1075 971 1162 1031 idem
1191 971 1257 1032 iere
1280 973 1351 1033 eius

73 1075 177 1135 fuisse
201 1074 355 1134 iudicium
387 1073 470 1145 quod
495 1073 608 1133 deinde
637 1072 783 1146 Dionysii
808 1071 870 1131 fuit
896 1068 948 1145 „ai
968 1073 1030 1142 τοῖς
1053 1066 1187 1148 ἀλλήλων
1210 1068 1351 1148 ἀδελφοῖς

73 1172 277 1256 γεγαμημέναι
300 1173 476 1253 εἰνάτερες”.

120 1278 211 1354 Quod
241 1292 372 1353 prorsus
402 1277 514 1337 contra
544 1276 753 1350 antiquorum
776 1277 944 1350 poetarum
971 1288 1095 1335 morem
1119 1273 1211 1353 δίφροι
1235 1276 1351 1351 plurali

74 1381 182 1440 forma
204 1379 311 1440 neutri
334 1378 480 1439 adhibuit
503 1378 534 1439 id
558 1377 630 1438 leve
654 1378 794 1438 sortasse
819 1376 988 1437 videbitur.
1009 1376 1054 1436 At
1074 1378 1157 1439 unde
1178 1378 1240 1439 sibi
1260 1379 1349 1440 illam

73 1480 201 1559 θυωρὸν
230 1480 386 1544 sumserit
413 1480 445 1540 id
476 1495 513 1541 eo
543 1481 659 1554 magia,
683 1494 884 1553 quamquam
907 1478 1038 1554 frustra,
1062 1481 1253 1553 quaerimus
1275 1496 1351 1542 oum

73 1583 252 1657 singularis
278 1583 335 1644 illa
352 1582 504 1655 Diogenis
524 1582 643 1642 Laertii
667 1581 832 1642 adnotatio
857 1581 889 1639 in
912 1582 1059 1640 mentem
1085 1583 1182 1658 venit,
1206 1583 1261 1657 qui
1286 1598 1352 1644 me·

72 1686 185 1746 morat
207 1685 385 1745 seeundum
410 1683 615 1756 Pherecyden
639 1684 717 1743 deos
740 1683 855 1743 solitos
886 1697 959 1743 esse
982 1678 1036 1759 τὴν
1059 1681 1204 1761 τράπεζαν
1227 1680 1352 1762 θυωρὸν

71 1791 176 1847 καλεῖν
206 1785 305 1859 (Diog.
329 1785 435 1845 Laert.
457 1785 482 1844 I.
506 1786 579 1854 119)
603 1799 679 1846 oum
702 1786 815 1845 contra
838 1784 893 1845 alii
914 1785 1106 1859 interpretes
1133 1787 1183 1856 (oi.
1211 1786 1351 1861 Hesyoh.

70 1890 94 1950 i.
108 1893 148 1958 ο.)
168 1888 209 1948 ad
221 1887 310 1948 vocis
327 1885 559 1960 etymologiam
573 1887 679 1959 magis
690 1886 829 1946 fortasse
842 1886 1049 1946 attendentes
1060 1902 1211 1948 mensam
1224 1903 1352 1950 sacram

71 1991 123 2053 ita
142 1989 205 2051 dici
227 1988 432 2063 perhiberent
456 1983 583 2066 (θοορλς
606 1986 731 2066 τράπεζα
754 1988 871 2049 Pollux
892 1988 946 2049 IV.
970 1988 1054 2064 123),
1079 1989 1163 2050 unde
1187 1990 1353 2065 Lyoophro

71 2092 174 2153 Parin
196 2090 324 2151 dixerat
347 2094 407 2160 (VS.
432 2090 486 2160 93)
513 2087 686 2168 „bombiano
709 2088 866 2161 κάλλους.”

119 2294 176 2354 Vs,
204 2295 277 2354 136.
325 2291 441 2368 πότνια,
464 2300 523 2352 τῶν
546 2290 591 2369 εἴη
615 2288 669 2368 μὲν
692 2289 761 2370 ἐμὸς
784 2292 871 2369 φίλος
895 2291 927 2365 ὅς
949 2315 992 2365 τις
1015 2289 1142 2371 ἀληθὴς,

324 2392 389 2472 εἴην
413 2387 440 2453 δ’
468 2391 557 2465 αὐτὸς
580 2389 704 2453 ἄνασσα·
728 2391 810 2472 μέλοι
834 2392 866 2454 δέ
888 2417 939 2472 μοι
962 2391 1026 2454 αἰὲν
1049 2391 1148 2473 ἀοιδὴ,

323 2503 358 2578 τῇ
382 2492 426 2554 ἔνι
449 2491 502 2573 μὲν
526 2499 647 2573 Λητοῦς
670 2496 764 2577 γάμος
787 2494 909 2575 ἔσσεται,
932 2494 965 2557 ἐν
988 2493 1020 2556 δὲ
1043 2496 1081 2557 σὺ
1104 2496 1208 2575 πολλή,

324 2592 355 2655 ἔν
379 2592 412 2655 δὲ
434 2592 484 2656 καλ
508 2596 664 2675 Ἀπόλλων,
686 2595 718 2658 ἐν
742 2593 773 2658 δ’
799 2598 833 2658 οἴ
850 2615 899 2659 σεο
924 2596 1031 2671 πάντες
1054 2595 1176 2677 ἄεθλοι,
1277 2627 1278 2630 ’

204 2701 268 2760 140
327 2694 359 2757 ἐν
383 2692 415 2757 δὲ
437 2698 525 2770 κύνες
548 2695 598 2758 καλ
622 2698 692 2772 τόξα
715 2697 766 2759 καὶ
788 2697 922 2782 ἄντυγες,
944 2699 981 2759 αἴ
997 2697 1027 2760 τέ
1049 2718 1081 2760 σε
1105 2699 1169 2780 ῥεῖα

325 2797 446 2877 θνητὴν
468 2797 640 2878 φορέουσιν,
664 2795 701 2861 ὅτ’
727 2798 757 2873 ἔς
781 2800 853 2873 Διὸς
878 2794 961 2862 οἶκον
984 2798 1124 2874 ἐλαύνεις.

124 2902 236 2964 Solent
258 2902 418 2963 eiusmodi
440 2902 644 2964 invocatione
666 2904 798 2977 qualem
821 2903 981 2964 hahemus
1003 2903 1036 2964 in
1056 2903 1172 2965 horum
1197 2919 1352 2964 versuum

73 3005 239 3081 prioribus
274 3004 399 3065 duobus
430 3003 496 3064 fere
528 3004 633 3066 claudi
664 3005 778 3079 hymni
809 3006 879 3067 sive
906 3006 1071 3080 prooemia
1101 3021 1183 3080 quae
1211 3021 1296 3066 nuno
1319 3007 1352 3066 in

73 3106 254 3167 homericis
277 3105 410 3180 hymnis
433 3105 580 3166 feruntur
603 3097 633 3177 ¹).
654 3105 694 3166 Et
718 3105 800 3167 solet
823 3107 870 3166 ita
890 3121 1015 3180 quoque
1031 3110 1105 3182 post
1123 3107 1352 3167 Ruhnkenium

73 3214 136 3284 (ep.
167 3207 234 3268 orit.
254 3223 307 3282 pr.
332 3221 362 3281 p.
396 3208 425 3276 8)
449 3206 523 3267 finis
546 3208 668 3283 imponi
692 3208 857 3269 homerico
881 3211 1003 3283 hymno
1027 3209 1060 3269 in
1087 3209 1270 3284 Apollinem
1295 3209 1352 3283 Py·
1372 3273 1374 3275 ,

73 3311 187 3371 thium
212 3325 308 3370 versu
336 3309 397 3369 178
421 3309 475 3369 ubi
498 3311 593 3383 poeta
616 3312 728 3370 cantat

348 3406 440 3488 αὐτὰρ
464 3406 539 3490 ἐγὼν
563 3408 599 3470 οὐ
625 3409 702 3488 λήξω
730 3408 875 3489 ἕκήβολον
899 3409 1065 3471 Ἀπόλλωνα

349 3510 467 3588 ὑμνέων
490 3510 689 3592 ἀργυρότοξον
713 3508 748 3573 ὃν
772 3510 904 3591 ἠύκομος
928 3509 990 3573 τέκε
1014 3513 1114 3592 Λητώ.

77 3613 172 3691 Quod
215 3628 289 3674 vero
325 3613 553 3691 CallimachuS‚
596 3616 650 3687 qui
686 3629 764 3675 mox
798 3630 854 3689 per
890 3630 1003 3675 versus
1041 3616 1101 3675 141
1139 3631 1208 3688 sqq.
1243 3615 1354 3675 sedulo

76 3730 153 3776 eam
185 3718 313 3789 partem
337 3716 450 3790 hymni
474 3717 629 3777 homerici
652 3717 802 3777 imitatur
825 3732 907 3791 quae
931 3721 1005 3792 post
1028 3719 1111 3778 istos
1135 3719 1216 3779 duos
1242 3733 1355 3777 versus

76 3816 182 3892 venit,
214 3831 300 3877 nuno
334 3818 443 3892 ipsum
477 3819 591 3878 inserit
626 3834 700 3879 earn
733 3820 812 3880 deae
847 3820 1095 3896 invocationem,
1129 3835 1212 3892 quae
1239 3820 1267 3879 si
1291 3834 1355 3880 non

77 3917 190 3980 verbis
211 3919 246 3977 at
269 3933 303 3978 re
327 3920 438 3980 tamen
462 3919 580 3979 similis
604 3922 654 3979 est
677 3919 833 3980 homerici
856 3920 970 3994 hymni
994 3921 1140 3981 versibus
1166 3916 1299 3998 iissre,
1322 3920 1355 3980 id

76 4022 194 4097 opinor
216 4020 302 4082 haud
328 4022 462 4082 minime
485 4022 574 4082 iavet
597 4036 709 4082 eorum
730 4022 871 4096 opinioni
890 4022 945 4095 qui
966 4025 1013 4091 (ut
1033 4021 1222 4092 Gemollius)
1242 4023 1356 4082 vetant

77 4128 245 4199 hymnum
277 4123 310 4182 in
341 4123 523 4197 Apollinem
564 4122 754 4196 Delphicum
786 4138 806 4182 a
839 4123 968 4183 Deliaco
996 4123 1141 4184 discindi.
1174 4123 1358 4184 Verisimile

77 4227 170 4289 enim
205 4227 257 4285 est
290 4225 495 4286 coniunctam
530 4227 701 4298 utramque
733 4228 859 4299 partem
894 4224 1014 4285 vidisse
1043 4224 1277 4285 Callimachum
1304 4225 1359 4297 qui

78 4329 281 4391 coniunctim
306 4327 456 4387 imitatus
479 4327 533 4387 sit.

125 4429 197 4491 Non
224 4432 346 4504 tamem
373 4444 448 4489 oum
473 4429 659 4489 imitaretur
682 4428 843 4502 hymnum
867 4427 969 4488 ullam
993 4427 1197 4488 oooasiouem
1221 4429 1359 4502 praeter·

116 4663 136 4733 ¹)
155 4665 192 4714 De
207 4668 278 4713 voois
293 4666 376 4712 πότνια
390 4680 439 4713 usn
456 4663 623 4711 callimacheo
637 4663 739 4710 dicetur
752 4663 819 4709 inira
835 4663 868 4709 ad
877 4663 917 4710 IV.
930 4663 986 4709 225.
1002 4664 1039 4709 De
1049 4661 1131 4708 subst.
1142 4662 1230 4713 ἅοθλος
1239 4661 1272 4707 ei.
1282 4674 1306 4721 p.
1317 4662 1348 4708 ‘lo
