3104 5296
75 471 135 532 lv.
164 473 336 533 roa-163
690 476 753 535 149

75 663 136 720 tus
155 660 299 721 insulam
319 676 357 722 eo
378 676 474 722 versu
490 661 610 723 dixerit
625 662 796 738 Obolahpoa
811 663 955 723 berctam
978 659 1106 741 „isphr
1126 657 1269 738 μαχὸν”
1291 659 1355 720 nisi

75 762 241 837 templum
272 762 471 824 sacellumve
502 764 703 825 indicaturus
726 765 759 825 in
783 780 845 838 quo
869 765 920 825 sui
943 764 1096 837 aequales
1118 762 1237 824 divinis
1259 763 1354 822 hono·

75 864 169 924 ribus
193 863 384 939 Chalciopen
408 864 608 927 celebrarent
633 860 663 936 ¹).

123 965 170 1025 De
204 966 363 1027 adiectivo
397 963 568 1046 ὠμύμιος
600 969 667 1029 ianr
691 969 813 1030 dictum
837 970 889 1029 est
911 983 983 1043 pag.
1012 970 1062 1029 10.
1091 967 1251 1043 Ceterum,
1280 966 1356 1026 licet

74 1067 263 1141 Apollinem
298 1070 399 1129 etiam
429 1070 462 1129 iu
500 1072 592 1131 utero
627 1071 800 1131 homericis
839 1070 944 1130 verbis
981 1070 1213 1130 vaticinantem
1249 1069 1354 1129 iacere

75 1169 220 1229 voluerit
252 1173 357 1246 poeta,
392 1186 636 1244 nonnumquam
672 1175 784 1232 tamen
814 1172 952 1233 aberrat.
983 1173 1059 1232 Mihi
1091 1171 1210 1231 saltem
1234 1169 1355 1229 frustra

73 1271 294 1332 Schneiderus
323 1273 355 1333 id
386 1274 492 1346 egisse
524 1275 650 1334 videtur
679 1278 715 1335 ut
742 1290 789 1335 vs.
817 1277 879 1335 163
902 1275 998 1335 verba
1022 1269 1298 1349 ἐπιμέμφομαι
1321 1274 1356 1332 et

72 1372 251 1450 μεγαίρω
286 1375 391 1448 magis
427 1376 466 1436 ad
500 1374 698 1436 homericam
737 1376 910 1436 dictionem
947 1374 1164 1435 conformaret
1197 1372 1354 1434 divellens

72 1475 322 1536 substantivum
364 1484 458 1554 νῆσον
499 1477 538 1538 ab
578 1479 630 1538 his
666 1479 783 1554 verbis²
819 1481 852 1539 et
886 1478 983 1539 scribi
1018 1477 1132 1537 iubens
1166 1482 1257 1552 νῆσος
1293 1470 1354 1533 ἐπεὶ

72 1598 100 1634 α.
114 1579 176 1634 αλ.
195 1571 225 1647 ²).
248 1578 415 1638 Traditam
440 1579 526 1640 enim
550 1580 722 1641 lectionem
747 1581 874 1639 tutatur
897 1578 1082 1651 aequalium
1106 1592 1144 1637 ac
1163 1577 1349 1648 aequiorum

72 1694 159 1739 usus
182 1680 316 1740 dicendi.
340 1680 430 1741 Dixit
452 1682 562 1741 noster
589 1677 829 1758 „larptppopm”
855 1696 918 1754 quo
941 1695 1040 1741 sensu
1060 1679 1222 1752 antiquior
1245 1677 1351 1750 quivis

70 1783 214 1855 scriptor
236 1782 380 1842 dicturus
411 1782 517 1842 fuerat
543 1778 708 1860 μέμφομαι,
732 1782 873 1856 iecitque
896 1783 976 1843 talia
998 1796 1062 1842 non
1085 1781 1137 1841 hic
1164 1779 1270 1840 solum
1293 1779 1349 1839 sed

69 1883 207 1957 saepius
227 1885 264 1943 ut
283 1883 391 1943 addita
410 1884 646 1959 praepositione
666 1886 799 1957 augeret
821 1885 888 1943 vim
902 1883 1000 1944 verbi.
1026 1883 1138 1943 Simile
1150 1881 1224 1954 quid
1235 1880 1351 1941 facien·

70 1986 145 2044 tem
184 1985 381 2046 Nicandrum
424 1986 547 2047 videbis
590 2001 664 2047 cum
700 2001 737 2047 eo
773 2001 871 2046 sensu
906 2001 969 2060 quo
1005 1985 1089 2045 solet
1124 1984 1186 2044 dici
1224 1979 1352 2060 μεμπτὸς

69 2085 205 2147 mavult
232 2083 439 2164 „impactis”
465 2088 513 2157 (fr.
540 2090 590 2150 74.
618 2090 658 2149 15
683 2088 830 2148 Schneid.
856 2104 885 2162 p.
914 2089 982 2162 19);
1007 2101 1139 2161 prorsus
1162 2085 1249 2146 idem
1274 2097 1351 2144 vero

69 2204 112 2249 ac
135 2191 248 2249 noster
271 2189 368 2250 iaciat
391 2188 496 2250 multo
519 2192 632 2264 postea
656 2189 861 2251 Macedonius
886 2189 994 2260 (Anth.
1019 2188 1073 2249 VI.
1099 2186 1154 2264 83)

298 2287 351 2367 τὴν
374 2289 506 2370 κιθάρην
531 2287 692 2367 Εὔμολπος
717 2287 764 2349 ἐπὶ
787 2288 936 2368 τριπόδων
960 2284 1030 2348 ποτὲ
1056 2288 1159 2372 Φοίβῳ

365 2388 484 2452 ἄνθετο·
507 2389 656 2472 γηραλέην
679 2385 746 2470 χεῖρ’
772 2388 1018 2469 ἐπιμεμφόμενος.

116 2492 236 2552 Itidem
263 2507 374 2553 vereor
397 2508 438 2554 ne
462 2493 495 2553 in
521 2494 618 2555 verbo
641 2493 790 2572 μεμαίοειν
815 2494 938 2554 maiora
958 2492 1019 2552 sibi
1035 2492 1131 2553 licere
1152 2493 1246 2566 poeta
1262 2492 1351 2565 puta·

70 2594 160 2653 verit
197 2608 295 2666 quam
328 2594 410 2668 quod
446 2594 591 2656 concedit
622 2594 845 2669 Schneiderus,
877 2594 932 2667 qui
961 2594 1008 2654 ita
1037 2608 1167 2653 versum
1199 2594 1350 2666 interpre-

68 2696 165 2754 tatur
203 2695 287 2770 „noli
322 2711 375 2755 me
408 2696 442 2755 iu
477 2698 537 2756 hac
567 2697 697 2769 quidem
729 2695 836 2756 insula
870 2695 982 2771 edere;
1013 2709 1077 2753 non
1107 2694 1244 2768 vitupero
1276 2694 1350 2764 (hoc)

69 2813 130 2857 acc
164 2812 271 2857 recuso
314 2799 493 2872 (quominus
527 2799 576 2858 bic
605 2813 654 2857 me
685 2798 800 2867 cdoal”.
846 2796 940 2857 Verbi
975 2793 1123 2874 μεμαίρειν
1158 2795 1351 2869 significatio

69 2913 174 2971 quam
210 2914 326 2972 parum
356 2900 442 2960 inter
471 2901 704 2974 grammaticos
727 2899 924 2959 recentiores
948 2897 1140 2972 constiterit,
1162 2898 1274 2958 docere
1299 2914 1351 2972 po·

70 3000 153 3060 terit
175 2998 338 3060 Eustathii
361 3001 543 3076 explicatio,
568 3016 647 3062 sane
672 3000 906 3062 absurdissima
934 3001 1042 3071 (1334.
1069 3000 1121 3069 21)
1149 2999 1296 3079 „ylyveruc
1321 2994 1353 3058 rt

71 3099 106 3160 τὸ
140 3095 193 3176 μὲν
223 3100 372 3181 μεγαίρειν
406 3099 466 3162 ἀπὸ
498 3109 552 3163 τοῦ
586 3099 683 3182 μέγα
714 3099 765 3161 καὶ
786 3109 839 3162 τοῦ
863 3100 968 3179 αἴρω.
994 3097 1009 3161 ὁ
1032 3099 1088 3181 γὰρ
1113 3099 1259 3181 μεγαίρων
1288 3097 1354 3178 ticos

71 3205 205 3278 φθονῶν
239 3199 271 3261 τὸ
306 3207 460 3282 μεγαλεῖον
494 3202 571 3282 αἴρει
604 3224 667 3275 πως
698 3211 751 3263 τοῦ
783 3199 1033 3280 φθονουμένου”.
1065 3203 1115 3264 Ad
1144 3204 1240 3263 istius
1264 3203 1352 3264 modi

70 3304 377 3378 interpretationem
387 3321 467 3365 num
480 3306 555 3380 quid
565 3306 721 3366 deducere
734 3306 839 3381 potuit
850 3304 1058 3365 Eustathium
1068 3306 1180 3366 eiusve
1193 3306 1351 3380 auctores,

72 3406 140 3466 nisi
162 3405 242 3466 clim
261 3407 384 3467 abisset
403 3408 530 3481 propria
550 3408 601 3467 vis
621 3408 720 3483 verbi,
745 3422 827 3481 quae
849 3408 917 3467 est:
939 3406 1059 3480 aliquid
1079 3407 1175 3467 nirata
1198 3420 1354 3480 munaum

71 3507 211 3567 ducac?
232 3506 359 3567 Sensim
385 3508 513 3568 videtur
536 3511 614 3568 nata
637 3524 710 3569 esse
730 3508 847 3582 opinio,
869 3511 999 3584 φθονεῖν
1022 3509 1055 3567 et
1074 3506 1223 3587 μεμαίρειν
1239 3521 1352 3582 parum

73 3609 204 3669 differre
232 3609 293 3668 nisi
328 3608 410 3682 quod
444 3609 477 3668 iu
508 3609 605 3669 verbo
632 3608 781 3688 μεμαίρειν
812 3608 852 3668 ad
884 3608 1042 3668 invidiam
1074 3609 1242 3669 accederet
1265 3607 1354 3666 notio

72 3710 248 3785 spernendi
278 3711 347 3772 sive
377 3711 604 3772 contemnendi
635 3712 669 3771 et
698 3711 897 3786 repudiandi.
933 3711 1052 3788 Quodsi
1083 3711 1117 3770 in
1143 3708 1230 3770 verbi
1254 3723 1354 3768 seusu

73 3812 278 3886 aberrarunt,
309 3826 372 3871 non
407 3812 529 3871 mirum
558 3813 833 3873 constructionem
866 3828 992 3885 quoque
1021 3813 1185 3871 mutatam
1212 3808 1355 3869 esseio

73 3915 189 3974 autem
212 3927 277 3973 non
301 3912 408 3973 solum
433 3912 557 3973 iactum
581 3915 732 3975 videmus
752 3916 785 3974 in
806 3917 955 3975 extrema
975 3913 1151 3987 graecitate
1171 3927 1247 3973 cum
1268 3912 1354 3972 idern

109 4163 132 4230 ¹)
149 4168 187 4215 Ad
215 4168 313 4215 iontem
339 4169 462 4216 Buriucm
488 4170 634 4218 chalcedon
659 4172 712 4219 sire
731 4172 842 4219 Chalcon
861 4173 994 4221 colebatur
1012 4170 1122 4217 heroicis
1148 4169 1289 4217 honoribus
1310 4165 1354 4233 (ci.

73 4249 186 4296 Theca.
202 4247 311 4294 moe.
330 4243 428 4310 Sciet).
445 4248 521 4296 Haud
538 4250 632 4297 nimiae
656 4251 779 4298 audaciae
799 4252 908 4298 tortasse
935 4251 982 4297 erit
1007 4250 1141 4310 suspicari,
1159 4262 1241 4308 aequo
1259 4248 1355 4295 honore

72 4328 175 4376 incolas
191 4331 326 4375 veneratos
348 4341 405 4375 osae
424 4341 545 4389 sororem,
564 4330 637 4377 cuius
654 4332 776 4391 pietatem
794 4332 821 4377 in
839 4334 939 4391 patrem
957 4330 1100 4390 antiquitus
1123 4329 1219 4387 mythis
1240 4327 1354 4374 celebra·

74 4412 130 4455 tam
153 4420 210 4454 esso
229 4410 378 4455 mactator
395 4409 488 4467 Hygini
506 4409 592 4456 verbis
609 4411 727 4469 quamvis
745 4410 861 4457 obscuris
883 4409 934 4469 fab.
952 4411 1008 4456 254.

109 4483 133 4548 Ξ)
152 4487 216 4534 Vide
240 4501 306 4547 quaa
328 4488 500 4536 Schneiderus
521 4489 553 4535 de
574 4490 699 4538 hocloco
723 4491 840 4551 disputat
863 4492 890 4538 iu
912 4504 1028 4538 excursu.
1053 4491 1142 4549 Neque
1162 4487 1354 4536 Wilamorritnio

75 4578 107 4612 aa
125 4569 317 4626 persuaserunt
339 4567 366 4614 Is
383 4570 469 4614 autom
488 4580 610 4629 cumpro
634 4569 681 4615 οὔτ’
707 4565 747 4616 οὖν
764 4583 802 4616 re.
824 4571 871 4617 163
891 4571 918 4616 ot
935 4570 976 4629 rip
994 4570 1047 4628 legi
1069 4569 1143 4616 iubat
1160 4570 1258 4614 temere
1277 4567 1353 4625 parti·

76 4645 163 4693 culam
181 4641 222 4692 οὖν
240 4644 309 4692 tollit
328 4659 379 4704 qua
396 4647 439 4693 vix
457 4660 544 4694 carere
562 4651 647 4707 potest
664 4648 799 4695 sententia.
