3104 5286
819 410 882 473 156

210 599 388 660 scholiasta
418 599 452 659 in
489 599 579 660 Iliad.
605 600 637 656 Β.
662 600 737 676 547,
771 599 827 660 illa
858 599 958 661 Verba
980 597 1093 676 ἱστορεῖ
1112 598 1300 678 Καλλίμαχος
1324 596 1356 658 ἒν
1374 593 1490 680 Ἓιιάλρ

210 702 258 762 ita
290 703 419 777 oportet
451 701 554 777 accipi
592 702 685 775 quasi
724 704 821 777 poeta
859 702 1006 762 vetulam
1040 701 1198 777 Hecalen,
1235 716 1336 761 anum
1367 701 1490 775 pietate

210 803 386 877 insignem,
419 801 540 878 hospiti
570 817 629 863 suo
660 818 717 877 pro
748 804 836 865 veris
866 806 1085 879 exponentem
1112 803 1227 864 iecerit
1253 802 1338 863 tales
1364 802 1488 863 sordes.

211 903 315 964 Sicuti
343 905 432 964 enim
462 919 533 964 rem
564 903 732 978 indignam
761 904 869 979 tangit
899 905 1030 979 quidem
1056 905 1091 965 Ιο
1115 905 1307 980 Euripideus
1331 901 1490 964 Creusam

211 1004 416 1079 interrogans
440 1004 518 1076 (Ιοιι.
543 1020 591 1066 vs.
618 1006 709 1076 toti:

433 1102 465 1164 ἐκ
487 1113 542 1184 γῆς
565 1105 675 1183 πατρός
699 1121 754 1165 σου
777 1106 926 1186 πρόγονος
949 1105 1088 1184 ἔβλαστεν
1112 1105 1226 1184 πατήρ;

210 1207 246 1265 at
267 1206 376 1281 turpia
398 1205 530 1267 silentio
553 1221 706 1282 premens
729 1206 785 1267 illa
808 1209 998 1283 respondet:

435 1304 464 1379 ἐς
487 1305 660 1387 παρθένους
683 1329 715 1387 γε
738 1312 851 1387 χεῖρας,
873 1307 910 1369 οὐ
932 1309 1059 1371 τεκοῦσά
1082 1333 1146 1387 νιν,

209 1410 256 1469 ita
279 1411 336 1470 aut
358 1408 506 1470 subteote
530 1410 707 1471 indicatam
731 1411 843 1472 reiecit
859 1411 1006 1473 tabulam
1028 1411 1149 1477 Hecale
1173 1410 1410 1486 Callimaehea,
1433 1414 1491 1469 aut

209 1510 330 1571 saltem
360 1512 522 1588 modeste,
554 1526 611 1587 per
641 1512 797 1587 ambages
821 1514 995 1591 quasdam,
1020 1515 1129 1575 verbis
1148 1513 1337 1587 exquisitis,
1359 1511 1489 1572 obscoe-

157 1640 159 1644 >
210 1627 289 1673 nam
322 1628 393 1673 rem
423 1612 579 1674 indicavit
601 1608 632 1683 ¹).
665 1614 733 1690 Sic,
767 1616 803 1676 ut
831 1615 957 1676 ferebat
986 1616 1139 1692 eruditio,
1176 1616 1210 1676 in
1245 1614 1363 1675 ceteris
1398 1612 1490 1673 libris

210 1714 374 1775 interdurn
407 1730 445 1775 ea
475 1730 602 1789 quoque
634 1718 773 1791 tangens
801 1733 884 1791 quae
915 1733 990 1778 eum
1021 1718 1155 1779 deorum
1186 1717 1345 1791 dignitate
1373 1730 1490 1790 parum

211 1816 448 1877 conveniebant
472 1810 508 1891 ²),
545 1817 733 1879 castitatem
764 1820 895 1880 tantum
930 1835 995 1879 non
1025 1800 1159 1894 'semper
1195 1815 1333 1877 fideliter
1366 1817 1489 1875 servat.

211 1915 310 1977 Cuius
340 1918 387 1977 rei
419 1932 520 1978 unum
553 1918 694 1993 amplius
729 1919 868 1980 adiciam
903 1920 1092 1995 exemplum
1127 1935 1170 1980 ex
1207 1920 1330 1994 hymno
1364 1917 1489 1992 quinto.

210 2018 320 2078 Multis
344 2019 432 2078 enim
456 2018 499 2078 ibi
522 2019 631 2080 verbis
654 2024 824 2081 enarratur
848 2022 1023 2083 Actaeonis
1046 2019 1184 2081 historia
1204 2022 1238 2079 et
1257 2018 1377 2079 diserte
1394 2033 1490 2093 expo·

210 2121 298 2180 nitur
328 2120 453 2181 nullam
484 2119 584 2180 aliam
615 2121 645 2181 ei
674 2121 776 2182 fuisse
807 2122 960 2184 interitus
984 2138 1117 2184 causam
1142 2137 1241 2196 quam
1264 2120 1348 2201 quod
1376 2119 1491 2179 invitis

209 2223 335 2297 legibus
361 2222 481 2282 divinis
503 2221 625 2283 Dianae
649 2238 766 2301 eorpus
788 2225 972 2300 virgineum
996 2225 1196 2286 denudatum
1220 2222 1367 2282 vestibus
1390 2221 1487 2281 vidis·

210 2329 271 2385 set.
306 2323 375 2400 Qua
405 2338 505 2384 causa
531 2325 796 2400 expositapoete
818 2327 888 2386 tam
912 2326 1058 2389 Acusilai
1081 2325 1264 2400 opinionem
1289 2323 1490 2398 oppugnavit

210 2425 266 2499 qui
301 2426 512 2486 contenderat
547 2441 618 2485 eam
655 2429 780 2488 sortem
811 2426 983 2488 obvenisse
1014 2427 1173 2488 Actaeoni
1206 2424 1407 2502 ,μηνίσαντος
1436 2432 1488 2483 τοῦ

210 2525 283 2598 Διὸς
307 2525 350 2587 ὅτι
374 2524 589 2604 ἐμνηστεύσατο
613 2525 667 2609 τὴν
688 2526 855 2606 Σεμέλην”,
876 2544 975 2603 quam
999 2528 1176 2589 Stesichori
1197 2528 1332 2590 inventa
1354 2523 1488 2602 ,ἐλάφου

209 2630 379 2708 περιβαλεῖν
410 2626 503 2709 δέρμα
535 2628 685 2688 Ἀκταίωνι
716 2626 771 2706 τὴν
801 2628 887 2707 θεὸν,
917 2628 1204 2705 παρασκευάζουσάν
1235 2627 1267 2689 οἱ
1296 2626 1347 2687 τὸν
1376 2625 1490 2686 ἐκτῶν

208 2739 311 2795 κυνῶν
332 2729 484 2807 θάνατον,
507 2729 556 2789 ἴνα
581 2728 619 2808 δὴ
644 2728 684 2808 μὴ
708 2735 837 2810 γυναῖκα
863 2728 998 2809 Σεμέλην
1021 2726 1108 2809 λάβοι
1131 2723 1162 2800 ³).

243 2960 264 3027 ¹)
281 2964 322 3012 Itu
339 2965 426 3013 unere
445 2963 537 3014 Hecale
554 2978 580 3026 p.
599 2967 640 3013 88.

244 3040 264 3104 ²)
287 3045 392 3092 Praeter
417 3058 448 3092 οι
469 3058 535 3104 quae
561 3045 611 3093 iam
635 3046 776 3095 memoruvi
799 3046 849 3093 hue
870 3046 948 3092 etiam
976 3045 1067 3094 referri
1092 3047 1178 3104 potest
1202 3041 1271 3105 quod
1298 3044 1435 3089 enarratur
1461 3042 1492 3089 11.

211 3120 321 3170 100110.
343 3123 389 3171 87:
414 3127 467 3178 „nat
491 3126 543 3189 σερλ
565 3131 607 3170 τοῦ
625 3125 685 3170 κατὰ
711 3124 752 3182 τὴν
773 3127 866 3189 Κρήτην
893 3125 988 3170 itariae
1011 3121 1038 3170 οὖ
1064 3127 1085 3169 ei
1112 3124 1318 3186 ὑπερκαθίζοειες,
1344 3122 1401 3167 ὅσον
1429 3122 1494 3174 ὑετὸς

210 3196 236 3263 ᾗ,
254 3202 398 3250 διατελοῦσιν
420 3204 534 3267 ἄβροχοι,
558 3204 801 3265 παραδεδόσθαι
826 3204 851 3250 di
872 3214 918 3257 τοῖς
939 3205 1027 3267 Κρρο1ν
1044 3204 1085 3249 tu'
1105 3206 1192 3250 λιιείεου
1205 3205 1339 3249 λούσασθαι
1356 3201 1398 3259 τὴν
1413 3203 1493 3264 Εὐρώ·

209 3295 255 3340 πρε
280 3282 328 3328 but
354 3290 394 3340 της
418 3290 460 3329 wo
483 3283 541 3337 Διὸς
565 3280 670 3342 μλξεως”.
690 3310 721 3318 -
740 3283 872 3330 Pertinent
895 3283 946 3330 hue
964 3295 1067 3343 quoqne
1086 3283 1117 3329 fr.
1135 3282 1165 3329 tu
1186 3280 1219 3328 de
1236 3280 1331 3341 populo
1349 3280 1493 3339 symbolice

210 3361 308 3407 ratione
326 3364 436 3421 purguto
454 3376 468 3408 ι
485 3362 602 3410 Bruneho
618 3365 684 3423 vate,
708 3363 738 3409 ir.
751 3358 796 3410 82¹³
815 3363 847 3410 de
863 3362 1057 3410 Casiniensibns
1071 3362 1164 3410 Veneri
1180 3374 1252 3408 suem
1268 3360 1493 3414 nominantibus,

211 3452 289 3499 quam
310 3453 365 3487 rem
385 3441 497 3501 explicet
514 3440 702 3502 quodummodo
721 3442 815 3490 udditis
833 3442 919 3489 verbis
941 3446 970 3503 ,1
989 3443 1044 3495 θεὸς
1066 3439 1425 3505 γὰρο1μ11.1οοιι·1ιιι1αιιι
1444 3439 1494 3485 hoo

212 3519 269 3565 loeo
290 3523 367 3580 poeta
390 3525 498 3581 eppuret
521 3534 552 3568 ex
569 3522 684 3581 itaquae
702 3520 850 3567 adiciuntur
868 3519 971 3579 (Strabo
989 3534 1014 3580 p.
1033 3522 1094 3581 488)
1111 3520 1289 3567 Casinieneem
1307 3519 1377 3565 iliam
1393 3523 1495 3565 ceterae

215 3598 326 3647 Venere·
342 3602 531 3664 ὑπερβάλλεσθαι
545 3608 577 3663 τῷ
591 3608 684 3663 φρονιῐε
699 3601 733 3646 ὅτι
747 3602 808 3659 μόνη
828 3601 987 3664 παραδέχεται
997 3600 1037 3658 τὴν
1054 3608 1099 3645 rav
1119 3601 1164 3645 ὑῶν
1181 3602 1276 3645 ivetam
1294 3598 1404 3644 Prorsus
1425 3599 1494 3644 eius·

214 3678 273 3725 dem
294 3681 397 3739 generis
419 3683 460 3728 est
476 3681 507 3727 fr.
526 3681 556 3728 18
574 3679 675 3739 (itidem
692 3692 723 3726 ex
740 3678 848 3739 lambis)
871 3678 903 3726 de
921 3679 1003 3725 Dianu
1021 3679 1168 3734 amaruan,
1187 3677 1244 3740 ,nir
1259 3677 1415 3735 ὠγαμὸμεαι,
1434 3681 1495 3733 utet

215 3763 303 3814 μῦθος,
317 3760 406 3814 εἵσατο,
425 3767 452 3822 τῇ
470 3763 508 3809 καλ
524 3752 625 3823 λλπουρα
643 3760 681 3805 nui
698 3759 798 3816 μοειυειὰ
816 3760 924 3807 bunut?

248 3832 270 3897 3)
287 3838 405 3898 apollon.
426 3840 473 3886 ΙΙΙ.
500 3841 540 3887 44.
567 3840 642 3886 Puue.
666 3835 686 3883 Ι.
705 3839 779 3885 tna
803 3838 842 3885 Oi.
860 3851 963 3897 quoque
987 3838 1052 3897 Hyg.
1063 3835 1119 3901 fab.
1139 3839 1200 3884 18οε
1220 3835 1343 3892 „Diunem
1362 3836 1495 3884 lavantem

216 3914 677 3976 1111111111οο1ο1οἰολανεοολιι11”
697 3921 724 3963 et
735 3915 792 3980 fab.
810 3918 856 3977 181
875 3917 921 3964 nbi
938 3921 1070 3964 enurrutnr
1087 3929 1197 3977 poenam
1215 3916 1239 3962 ei
1255 3929 1269 3961 ι
1286 3914 1494 3978 deaimpoeitem

215 4008 272 4043 esee
286 4011 316 4043 ιιι
331 3997 411 4061 eloqui
423 4001 512 4059 posset.
530 3999 594 4045 (inm
611 3998 683 4045 hisne
701 3996 894 4057 componendus
911 4000 952 4045 eet
969 3995 1076 4044 Ovidius
1085 3995 1132 4042 111.
1145 3996 1200 4052 188,
1215 4008 1267 4056 quo
1277 3996 1360 4054 megia
1369 4001 1497 4057 appetent

215 4080 340 4136 quantum
363 4079 396 4126 ab
413 4079 525 4137 etegenti
542 4079 646 4126 levitate
663 4091 715 4136 qna
733 4079 827 4123 traebat
844 4076 906 4124 deos
925 4077 1038 4125 Greeoos
1054 4079 1130 4136 poeta
1145 4077 1289 4133 Bomunus,
1311 4089 1399 4123 sermo
1418 4076 1496 4124 Cuili-

216 4158 301 4205 machi
318 4158 397 4206 distet
414 4158 516 4218 gravior
533 4162 559 4206 et
576 4159 627 4206 fide
645 4158 751 4217 antique
769 4156 877 4215 dignior.
