<?xml version="1.0" encoding="UTF-8"?>
<!DOCTYPE html PUBLIC "-//W3C//DTD XHTML 1.0 Transitional//EN"
    "http://www.w3.org/TR/xhtml1/DTD/xhtml1-transitional.dtd">
<html xmlns="http://www.w3.org/1999/xhtml" xml:lang="en" lang="en">
 <head>
  <title>
</title>
<meta http-equiv="Content-Type" content="text/html;charset=utf-8" />
  <meta name='ocr-system' content='tesseract 3.04.00' />
  <meta name='ocr-capabilities' content='ocr_page ocr_carea ocr_par ocr_line ocrx_word'/>
</head>
<body>
  <div class='ocr_page' id='page_1' title='image "./studiacallimach01kuipgoog_0339.png"; bbox 0 0 3104 5286; ppageno 0'>
   <div class='ocr_carea' id='block_1_1' title="bbox 186 104 1535 1815">
    <p class='ocr_par' dir='ltr' id='par_1_1' title="bbox 186 104 1535 1310">
     <span class='ocr_line' id='line_1_1' title="bbox 231 104 1535 188; baseline -0.005 -15"><span class='ocrx_word' id='word_1_1' title='bbox 231 112 433 173; x_wconf 90' lang='lat' dir='ltr'><strong>Herodotum</strong></span> <span class='ocrx_word' id='word_1_2' title='bbox 464 110 573 171; x_wconf 90' lang='lat' dir='ltr'><strong>solum</strong></span> <span class='ocrx_word' id='word_1_3' title='bbox 603 107 802 169; x_wconf 84' lang='lat' dir='ltr'><strong>callimacho</strong></span> <span class='ocrx_word' id='word_1_4' title='bbox 832 107 934 168; x_wconf 85' lang='lat' dir='ltr'><strong>fuisse</strong></span> <span class='ocrx_word' id='word_1_5' title='bbox 962 112 1128 171; x_wconf 84' lang='lat' dir='ltr'><strong>auctorem</strong></span> <span class='ocrx_word' id='word_1_6' title='bbox 1152 127 1195 172; x_wconf 81' lang='lat' dir='ltr'><strong>ex</strong></span> <span class='ocrx_word' id='word_1_7' title='bbox 1217 110 1280 174; x_wconf 91' lang='lat' dir='ltr'><strong>hac</strong></span> <span class='ocrx_word' id='word_1_8' title='bbox 1303 128 1338 173; x_wconf 89' lang='lat' dir='ltr'><strong>re</strong></span> <span class='ocrx_word' id='word_1_9' title='bbox 1362 104 1535 188; x_wconf 76' lang='lat' dir='ltr'><strong>appares:</strong></span> 
     </span>
     <span class='ocr_line' id='line_1_2' title="bbox 232 203 1535 291; baseline -0.001 -17"><span class='ocrx_word' id='word_1_10' title='bbox 232 214 356 291; x_wconf 79' lang='lat' dir='ltr'><strong>Audiit,</strong></span> <span class='ocrx_word' id='word_1_11' title='bbox 381 214 415 274; x_wconf 92' lang='lat' dir='ltr'><strong>ni</strong></span> <span class='ocrx_word' id='word_1_12' title='bbox 438 213 545 289; x_wconf 78' lang='lat' dir='ltr'><strong>fallor,</strong></span> <span class='ocrx_word' id='word_1_13' title='bbox 567 212 664 287; x_wconf 91' lang='lat' dir='ltr'><strong>poeta</strong></span> <span class='ocrx_word' id='word_1_14' title='bbox 685 225 769 285; x_wconf 83' lang='lat' dir='ltr'><strong>quae</strong></span> <span class='ocrx_word' id='word_1_15' title='bbox 792 211 878 286; x_wconf 92' lang='lat' dir='ltr'><strong>apud</strong></span> <span class='ocrx_word' id='word_1_16' title='bbox 897 211 985 286; x_wconf 89' lang='lat' dir='ltr'><strong>ipsos</strong></span> <span class='ocrx_word' id='word_1_17' title='bbox 1003 211 1072 272; x_wconf 88' lang='lat' dir='ltr'>Deli</span> <span class='ocrx_word' id='word_1_18' title='bbox 1094 211 1218 273; x_wconf 86' lang='lat' dir='ltr'><strong>incolas</strong></span> <span class='ocrx_word' id='word_1_19' title='bbox 1239 212 1451 274; x_wconf 83' lang='lat' dir='ltr'>credebantur</span> <span class='ocrx_word' id='word_1_20' title='bbox 1468 203 1535 273; x_wconf 59' lang='lat' dir='ltr'><strong>ad</strong></span> 
     </span>
     <span class='ocr_line' id='line_1_3' title="bbox 231 308 1535 391; baseline -0.002 -15"><span class='ocrx_word' id='word_1_21' title='bbox 231 331 271 376; x_wconf 90' lang='lat' dir='ltr'><strong>ea</strong></span> <span class='ocrx_word' id='word_1_22' title='bbox 293 314 410 391; x_wconf 81' lang='lat' dir='ltr'>selegit</span> <span class='ocrx_word' id='word_1_23' title='bbox 434 330 516 389; x_wconf 87' lang='lat' dir='ltr'><strong>quae</strong></span> <span class='ocrx_word' id='word_1_24' title='bbox 538 328 652 374; x_wconf 90' lang='lat' dir='ltr'><strong>sacrae</strong></span> <span class='ocrx_word' id='word_1_25' title='bbox 675 312 802 373; x_wconf 89' lang='lat' dir='ltr'><strong>insulae</strong></span> <span class='ocrx_word' id='word_1_26' title='bbox 825 312 974 374; x_wconf 90' lang='lat' dir='ltr'><strong>maximo</strong></span> <span class='ocrx_word' id='word_1_27' title='bbox 997 329 1070 375; x_wconf 88' lang='lat' dir='ltr'><strong>esse</strong></span> <span class='ocrx_word' id='word_1_28' title='bbox 1093 314 1288 376; x_wconf 89' lang='lat' dir='ltr'><strong>videbantur</strong></span> <span class='ocrx_word' id='word_1_29' title='bbox 1310 315 1435 376; x_wconf 88' lang='lat' dir='ltr'><strong>honori.</strong></span> <span class='ocrx_word' id='word_1_30' title='bbox 1464 308 1535 373; x_wconf 73' lang='lat' dir='ltr'><strong>in</strong></span> 
     </span>
     <span class='ocr_line' id='line_1_4' title="bbox 230 414 1535 490; baseline -0.004 -12"><span class='ocrx_word' id='word_1_31' title='bbox 230 433 310 478; x_wconf 90' lang='lat' dir='ltr'><strong>sane</strong></span> <span class='ocrx_word' id='word_1_32' title='bbox 339 416 474 477; x_wconf 91' lang='lat' dir='ltr'><strong>maioris</strong></span> <span class='ocrx_word' id='word_1_33' title='bbox 504 414 669 477; x_wconf 88' lang='lat' dir='ltr'><strong>iudicabat</strong></span> <span class='ocrx_word' id='word_1_34' title='bbox 698 415 927 490; x_wconf 82' lang='lat' dir='ltr'><strong>etgravitatis</strong></span> <span class='ocrx_word' id='word_1_35' title='bbox 951 417 984 475; x_wconf 93' lang='lat' dir='ltr'><strong>et</strong></span> <span class='ocrx_word' id='word_1_36' title='bbox 1006 417 1193 477; x_wconf 80' lang='lat' dir='ltr'><strong>sanctitatis</strong></span> <span class='ocrx_word' id='word_1_37' title='bbox 1216 417 1246 476; x_wconf 90' lang='lat' dir='ltr'><strong>si</strong></span> <span class='ocrx_word' id='word_1_38' title='bbox 1259 450 1299 461; x_wconf 93' lang='lat'>-</span> <span class='ocrx_word' id='word_1_39' title='bbox 1320 416 1407 490; x_wconf 90' lang='lat' dir='ltr'><strong>quod</strong></span> <span class='ocrx_word' id='word_1_40' title='bbox 1436 416 1535 475; x_wconf 81' lang='lat' dir='ltr'><strong>sire</strong></span> 
     </span>
     <span class='ocr_line' id='line_1_5' title="bbox 232 516 1532 595; baseline -0.002 -16"><span class='ocrx_word' id='word_1_41' title='bbox 232 519 342 580; x_wconf 91' lang='lat' dir='ltr'><strong>Olenis</strong></span> <span class='ocrx_word' id='word_1_42' title='bbox 372 518 517 593; x_wconf 86' lang='lat' dir='ltr'>hymnus</span> <span class='ocrx_word' id='word_1_43' title='bbox 546 517 679 592; x_wconf 89' lang='lat' dir='ltr'><strong>quidam</strong></span> <span class='ocrx_word' id='word_1_44' title='bbox 709 517 779 577; x_wconf 90' lang='lat' dir='ltr'><strong>sive</strong></span> <span class='ocrx_word' id='word_1_45' title='bbox 811 516 874 577; x_wconf 89' lang='lat' dir='ltr'><strong>alia</strong></span> <span class='ocrx_word' id='word_1_46' title='bbox 905 518 1052 578; x_wconf 85' lang='lat' dir='ltr'><strong>carmina</strong></span> <span class='ocrx_word' id='word_1_47' title='bbox 1080 518 1211 580; x_wconf 88' lang='lat' dir='ltr'><strong>Deliaca</strong></span> <span class='ocrx_word' id='word_1_48' title='bbox 1240 519 1386 595; x_wconf 86' lang='lat' dir='ltr'><strong>profecto</strong></span> <span class='ocrx_word' id='word_1_49' title='bbox 1416 517 1532 578; x_wconf 81' lang='lat' dir='ltr'><strong>doce·</strong></span> 
     </span>
     <span class='ocr_line' id='line_1_6' title="bbox 230 614 1531 696; baseline -0.002 -14"><span class='ocrx_word' id='word_1_50' title='bbox 230 620 311 682; x_wconf 89' lang='lat' dir='ltr'><strong>bant</strong></span> <span class='ocrx_word' id='word_1_51' title='bbox 332 614 353 692; x_wconf 89' lang='lat'><strong>¹)</strong></span> <span class='ocrx_word' id='word_1_52' title='bbox 376 653 415 664; x_wconf 97' lang='lat'>-</span> <span class='ocrx_word' id='word_1_53' title='bbox 430 621 579 681; x_wconf 80' lang='lat' dir='ltr'><strong>constare</strong></span> <span class='ocrx_word' id='word_1_54' title='bbox 611 619 777 679; x_wconf 83' lang='lat' dir='ltr'><strong>videretur</strong></span> <span class='ocrx_word' id='word_1_55' title='bbox 806 633 986 692; x_wconf 85' lang='lat' dir='ltr'><strong>numquam</strong></span> <span class='ocrx_word' id='word_1_56' title='bbox 1018 619 1051 679; x_wconf 93' lang='lat' dir='ltr'><strong>in</strong></span> <span class='ocrx_word' id='word_1_57' title='bbox 1082 621 1223 696; x_wconf 78' lang='lat' dir='ltr'><strong>patriam</strong></span> <span class='ocrx_word' id='word_1_58' title='bbox 1245 621 1383 681; x_wconf 84' lang='lat' dir='ltr'><strong>reduces</strong></span> <span class='ocrx_word' id='word_1_59' title='bbox 1404 620 1531 680; x_wconf 82' lang='lat' dir='ltr'><strong>fuisse</strong></span> 
     </span>
     <span class='ocr_line' id='line_1_7' title="bbox 230 720 1520 797; baseline 0.001 -17"><span class='ocrx_word' id='word_1_60' title='bbox 230 722 374 797; x_wconf 85' lang='lat' dir='ltr'><strong>virgines</strong></span> <span class='ocrx_word' id='word_1_61' title='bbox 404 721 602 795; x_wconf 87' lang='lat' dir='ltr'><strong>iuvenesque</strong></span> <span class='ocrx_word' id='word_1_62' title='bbox 632 721 688 794; x_wconf 91' lang='lat' dir='ltr'><strong>qui</strong></span> <span class='ocrx_word' id='word_1_63' title='bbox 716 722 810 781; x_wconf 91' lang='lat' dir='ltr'><strong>tanto</strong></span> <span class='ocrx_word' id='word_1_64' title='bbox 840 720 962 780; x_wconf 94' lang='lat' dir='ltr'><strong>honore</strong></span> <span class='ocrx_word' id='word_1_65' title='bbox 985 720 1074 795; x_wconf 79' lang='lat' dir='ltr'><strong>digni</strong></span> <span class='ocrx_word' id='word_1_66' title='bbox 1096 720 1230 782; x_wconf 87' lang='lat' dir='ltr'><strong>iudicati</strong></span> <span class='ocrx_word' id='word_1_67' title='bbox 1253 723 1366 782; x_wconf 88' lang='lat' dir='ltr'><strong>essent</strong></span> <span class='ocrx_word' id='word_1_68' title='bbox 1389 724 1428 783; x_wconf 89' lang='lat' dir='ltr'><strong>ut</strong></span> <span class='ocrx_word' id='word_1_69' title='bbox 1448 721 1520 781; x_wconf 85' lang='lat' dir='ltr'><strong>De·</strong></span> 
     </span>
     <span class='ocr_line' id='line_1_8' title="bbox 229 821 925 898; baseline -0.003 -14"><span class='ocrx_word' id='word_1_70' title='bbox 229 823 312 884; x_wconf 90' lang='lat' dir='ltr'><strong>liaco</strong></span> <span class='ocrx_word' id='word_1_71' title='bbox 335 824 394 884; x_wconf 89' lang='lat' dir='ltr'><strong>deo</strong></span> <span class='ocrx_word' id='word_1_72' title='bbox 417 821 580 898; x_wconf 85' lang='lat' dir='ltr'><strong>primitias</strong></span> <span class='ocrx_word' id='word_1_73' title='bbox 602 822 733 897; x_wconf 80' lang='lat' dir='ltr'><strong>frugum</strong></span> <span class='ocrx_word' id='word_1_74' title='bbox 757 822 925 897; x_wconf 84' lang='lat' dir='ltr'><strong>offerrent,</strong></span> 
     </span>
     <span class='ocr_line' id='line_1_9' title="bbox 455 914 1201 1003; baseline -0.003 -19"><span class='ocrx_word' id='word_1_75' title='bbox 455 914 553 995; x_wconf 75' lang='grc' dir='ltr'><strong><em>Οὖπίς</em></strong></span> <span class='ocrx_word' id='word_1_76' title='bbox 575 943 605 982; x_wconf 77' lang='grc' dir='ltr'><strong>τε</strong></span> <span class='ocrx_word' id='word_1_77' title='bbox 628 922 718 995; x_wconf 81' lang='grc' dir='ltr'><em>Λοξώ</em></span> <span class='ocrx_word' id='word_1_78' title='bbox 741 943 770 982; x_wconf 77' lang='grc' dir='ltr'><strong>τε</strong></span> <span class='ocrx_word' id='word_1_79' title='bbox 793 920 845 982; x_wconf 71' lang='grc' dir='ltr'><strong>καὶ</strong></span> <span class='ocrx_word' id='word_1_80' title='bbox 866 921 977 983; x_wconf 77' lang='grc' dir='ltr'><strong><em>εὐαίων</em></strong></span> <span class='ocrx_word' id='word_1_81' title='bbox 995 916 1142 1003; x_wconf 72' lang='grc' dir='ltr'><strong><em>Ἑκαέργῃ</em></strong></span> <span class='ocrx_word' id='word_1_82' title='bbox 1163 916 1201 999; x_wconf 79' lang='lat'><strong>²),</strong></span> 
     </span>
     <span class='ocr_line' id='line_1_10' title="bbox 186 1025 1508 1107; baseline -0.001 -20"><span class='ocrx_word' id='word_1_83' title='bbox 186 1097 188 1100; x_wconf 10' lang='grc' dir='ltr'><em>Α</em></span> <span class='ocrx_word' id='word_1_84' title='bbox 230 1042 313 1103; x_wconf 90' lang='lat' dir='ltr'><strong>quae</strong></span> <span class='ocrx_word' id='word_1_85' title='bbox 332 1025 675 1107; x_wconf 56' lang='lat' dir='ltr'><strong>virginesnpollineie</strong></span> <span class='ocrx_word' id='word_1_86' title='bbox 694 1025 881 1086; x_wconf 89' lang='lat' dir='ltr'><strong>nominibus</strong></span> <span class='ocrx_word' id='word_1_87' title='bbox 901 1025 1095 1103; x_wconf 84' lang='lat' dir='ltr'><strong>appellatae,</strong></span> <span class='ocrx_word' id='word_1_88' title='bbox 1109 1041 1173 1087; x_wconf 93' lang='lat' dir='ltr'><strong>non</strong></span> <span class='ocrx_word' id='word_1_89' title='bbox 1185 1028 1294 1102; x_wconf 85' lang='lat' dir='ltr'><strong>magis</strong></span> <span class='ocrx_word' id='word_1_90' title='bbox 1306 1042 1406 1102; x_wconf 88' lang='lat' dir='ltr'><strong>quarn</strong></span> <span class='ocrx_word' id='word_1_91' title='bbox 1418 1027 1508 1086; x_wconf 90' lang='lat' dir='ltr'><strong>iuve-</strong></span> 
     </span>
     <span class='ocr_line' id='line_1_11' title="bbox 230 1128 1384 1205; baseline 0.001 -17"><span class='ocrx_word' id='word_1_92' title='bbox 230 1143 289 1190; x_wconf 87' lang='lat' dir='ltr'><strong>nes</strong></span> <span class='ocrx_word' id='word_1_93' title='bbox 316 1128 598 1205; x_wconf 89' lang='lat' dir='ltr'><strong>Hyperboreorum</strong></span> <span class='ocrx_word' id='word_1_94' title='bbox 622 1128 803 1188; x_wconf 88' lang='lat' dir='ltr'><strong>humanam</strong></span> <span class='ocrx_word' id='word_1_95' title='bbox 826 1129 967 1188; x_wconf 91' lang='lat' dir='ltr'><strong>mortem</strong></span> <span class='ocrx_word' id='word_1_96' title='bbox 991 1128 1110 1189; x_wconf 90' lang='lat' dir='ltr'><strong>obiisse</strong></span> <span class='ocrx_word' id='word_1_97' title='bbox 1133 1129 1268 1205; x_wconf 88' lang='lat' dir='ltr'><strong>putandi</strong></span> <span class='ocrx_word' id='word_1_98' title='bbox 1290 1131 1384 1204; x_wconf 90' lang='lat' dir='ltr'><strong>sunt,</strong></span> 
     </span>
     <span class='ocr_line' id='line_1_12' title="bbox 452 1222 1305 1310; baseline -0.002 -20"><span class='ocrx_word' id='word_1_99' title='bbox 452 1226 586 1310; x_wconf 77' lang='grc' dir='ltr'><strong><em>εὔμοιροι</em></strong></span> <span class='ocrx_word' id='word_1_100' title='bbox 609 1223 637 1289; x_wconf 82' lang='grc' dir='ltr'><strong>δ’</strong></span> <span class='ocrx_word' id='word_1_101' title='bbox 664 1226 798 1310; x_wconf 72' lang='grc' dir='ltr'><strong>ἐγένοντο</strong></span> <span class='ocrx_word' id='word_1_102' title='bbox 821 1226 872 1288; x_wconf 72' lang='grc' dir='ltr'><strong>καὶ</strong></span> <span class='ocrx_word' id='word_1_103' title='bbox 895 1226 995 1301; x_wconf 60' lang='lat' dir='ltr'><strong>dutiae</strong></span> <span class='ocrx_word' id='word_1_104' title='bbox 1018 1224 1118 1290; x_wconf 73' lang='grc' dir='ltr'><strong>οὔποτ’</strong></span> <span class='ocrx_word' id='word_1_105' title='bbox 1145 1228 1260 1290; x_wconf 80' lang='grc' dir='ltr'><strong><em>ἐκεῖνοι.</em></strong></span> <span class='ocrx_word' id='word_1_106' title='bbox 1282 1222 1305 1299; x_wconf 77' lang='lat'><strong>⁸)</strong></span> 
     </span>
    </p>

    <p class='ocr_par' dir='ltr' id='par_1_2' title="bbox 229 1331 1496 1815">
     <span class='ocr_line' id='line_1_13' title="bbox 275 1331 1496 1408; baseline -0.002 -15"><span class='ocrx_word' id='word_1_107' title='bbox 275 1331 328 1393; x_wconf 81' lang='lat' dir='ltr'><strong>Sic</strong></span> <span class='ocrx_word' id='word_1_108' title='bbox 346 1346 403 1407; x_wconf 91' lang='lat' dir='ltr'><strong>pro</strong></span> <span class='ocrx_word' id='word_1_109' title='bbox 423 1332 509 1393; x_wconf 90' lang='lat' dir='ltr'><strong>virili</strong></span> <span class='ocrx_word' id='word_1_110' title='bbox 527 1334 619 1408; x_wconf 89' lang='lat' dir='ltr'><strong>parte</strong></span> <span class='ocrx_word' id='word_1_111' title='bbox 638 1331 755 1392; x_wconf 89' lang='lat' dir='ltr'><strong>Delum</strong></span> <span class='ocrx_word' id='word_1_112' title='bbox 774 1346 873 1407; x_wconf 90' lang='lat' dir='ltr'><strong>supra</strong></span> <span class='ocrx_word' id='word_1_113' title='bbox 892 1333 1018 1392; x_wconf 85' lang='lat' dir='ltr'><strong>ceteras</strong></span> <span class='ocrx_word' id='word_1_114' title='bbox 1036 1331 1133 1393; x_wconf 87' lang='lat' dir='ltr'><strong>urbes</strong></span> <span class='ocrx_word' id='word_1_115' title='bbox 1153 1347 1264 1392; x_wconf 85' lang='lat' dir='ltr'><strong>sacras</strong></span> <span class='ocrx_word' id='word_1_116' title='bbox 1276 1332 1393 1393; x_wconf 92' lang='lat' dir='ltr'><strong>tollere</strong></span> <span class='ocrx_word' id='word_1_117' title='bbox 1412 1347 1496 1393; x_wconf 91' lang='lat' dir='ltr'><strong>cona·</strong></span> 
     </span>
     <span class='ocr_line' id='line_1_14' title="bbox 229 1426 1495 1504; baseline -0.003 -9"><span class='ocrx_word' id='word_1_118' title='bbox 229 1437 284 1495; x_wconf 90' lang='lat' dir='ltr'><strong>tus</strong></span> <span class='ocrx_word' id='word_1_119' title='bbox 307 1435 527 1497; x_wconf 85' lang='lat' dir='ltr'><strong>callimachus</strong></span> <span class='ocrx_word' id='word_1_120' title='bbox 550 1432 812 1494; x_wconf 90' lang='lat' dir='ltr'><strong>Ptolemaeorum</strong></span> <span class='ocrx_word' id='word_1_121' title='bbox 836 1432 981 1493; x_wconf 90' lang='lat' dir='ltr'><strong>consiliis</strong></span> <span class='ocrx_word' id='word_1_122' title='bbox 1002 1433 1202 1495; x_wconf 87' lang='lat' dir='ltr'><strong>inserviebat</strong></span> <span class='ocrx_word' id='word_1_123' title='bbox 1219 1426 1252 1504; x_wconf 76' lang='lat'><strong>⁴).</strong></span> <span class='ocrx_word' id='word_1_124' title='bbox 1280 1434 1392 1495; x_wconf 84' lang='lat' dir='ltr'><strong>Novas</strong></span> <span class='ocrx_word' id='word_1_125' title='bbox 1415 1433 1495 1493; x_wconf 84' lang='lat' dir='ltr'><strong>iabu-</strong></span> 
     </span>
     <span class='ocr_line' id='line_1_15' title="bbox 230 1533 1494 1611; baseline -0.003 -13"><span class='ocrx_word' id='word_1_126' title='bbox 230 1537 281 1598; x_wconf 87' lang='lat' dir='ltr'><strong>las</strong></span> <span class='ocrx_word' id='word_1_127' title='bbox 311 1538 351 1598; x_wconf 90' lang='lat' dir='ltr'><strong>ad</strong></span> <span class='ocrx_word' id='word_1_128' title='bbox 381 1537 561 1598; x_wconf 88' lang='lat' dir='ltr'><strong>ornandam</strong></span> <span class='ocrx_word' id='word_1_129' title='bbox 589 1551 663 1596; x_wconf 91' lang='lat' dir='ltr'><strong>eam</strong></span> <span class='ocrx_word' id='word_1_130' title='bbox 687 1535 877 1610; x_wconf 85' lang='lat' dir='ltr'><strong>religionem</strong></span> <span class='ocrx_word' id='word_1_131' title='bbox 901 1535 953 1595; x_wconf 87' lang='lat' dir='ltr'><strong>cui</strong></span> <span class='ocrx_word' id='word_1_132' title='bbox 976 1549 1035 1595; x_wconf 85' lang='lat' dir='ltr'><strong>rex</strong></span> <span class='ocrx_word' id='word_1_133' title='bbox 1057 1533 1204 1611; x_wconf 78' lang='lat' dir='ltr'><strong>larebat,</strong></span> <span class='ocrx_word' id='word_1_134' title='bbox 1229 1536 1356 1597; x_wconf 82' lang='lat' dir='ltr'><strong>invenit</strong></span> <span class='ocrx_word' id='word_1_135' title='bbox 1379 1534 1494 1605; x_wconf 88' lang='lat' dir='ltr'><strong>nullas;</strong></span> 
     </span>
     <span class='ocr_line' id='line_1_16' title="bbox 230 1634 1493 1714; baseline -0.006 -15"><span class='ocrx_word' id='word_1_136' title='bbox 230 1639 287 1699; x_wconf 91' lang='lat' dir='ltr'><strong>sed</strong></span> <span class='ocrx_word' id='word_1_137' title='bbox 321 1654 412 1700; x_wconf 89' lang='lat' dir='ltr'><strong>more</strong></span> <span class='ocrx_word' id='word_1_138' title='bbox 446 1653 506 1699; x_wconf 91' lang='lat' dir='ltr'><strong>suo</strong></span> <span class='ocrx_word' id='word_1_139' title='bbox 540 1638 755 1699; x_wconf 88' lang='lat' dir='ltr'><strong>eruditionem</strong></span> <span class='ocrx_word' id='word_1_140' title='bbox 785 1637 949 1711; x_wconf 87' lang='lat' dir='ltr'><strong>copiosam</strong></span> <span class='ocrx_word' id='word_1_141' title='bbox 974 1636 1121 1696; x_wconf 89' lang='lat' dir='ltr'><strong>adhibuit</strong></span> <span class='ocrx_word' id='word_1_142' title='bbox 1143 1639 1342 1714; x_wconf 87' lang='lat' dir='ltr'><strong>constanter,</strong></span> <span class='ocrx_word' id='word_1_143' title='bbox 1373 1639 1411 1698; x_wconf 90' lang='lat' dir='ltr'><strong>ut</strong></span> <span class='ocrx_word' id='word_1_144' title='bbox 1432 1634 1493 1694; x_wconf 90' lang='lat' dir='ltr'><strong>Deli</strong></span> 
     </span>
     <span class='ocr_line' id='line_1_17' title="bbox 231 1735 1186 1815; baseline -0.001 -16"><span class='ocrx_word' id='word_1_145' title='bbox 231 1740 374 1815; x_wconf 84' lang='lat' dir='ltr'><strong>dignitas</strong></span> <span class='ocrx_word' id='word_1_146' title='bbox 396 1755 527 1801; x_wconf 89' lang='lat' dir='ltr'><strong>summo</strong></span> <span class='ocrx_word' id='word_1_147' title='bbox 552 1739 758 1814; x_wconf 88' lang='lat' dir='ltr'><strong>antiquitatis</strong></span> <span class='ocrx_word' id='word_1_148' title='bbox 780 1737 968 1799; x_wconf 89' lang='lat' dir='ltr'><strong>testimonio</strong></span> <span class='ocrx_word' id='word_1_149' title='bbox 992 1735 1186 1799; x_wconf 83' lang='lat' dir='ltr'><strong>firmaretur.</strong></span> 
     </span>
    </p>
   </div>
   <div class='ocr_carea' id='block_1_2' title="bbox 227 2020 1490 2643">
    <p class='ocr_par' dir='ltr' id='par_1_3' title="bbox 266 2020 272 2052">
     <span class='ocr_line' id='line_1_18' title="bbox 266 2020 272 2052; baseline 0 0"><span class='ocrx_word' id='word_1_150' title='bbox 266 2020 272 2052; x_wconf 88' lang='grc' dir='ltr'>ι</span> 
     </span>
    </p>

    <p class='ocr_par' dir='ltr' id='par_1_4' title="bbox 227 2020 1490 2643">
     <span class='ocr_line' id='line_1_19' title="bbox 263 2020 1490 2167; baseline -0.005 -16"><span class='ocrx_word' id='word_1_151' title='bbox 263 2020 285 2167; x_wconf 58' lang='lat'><strong>²3</strong></span> <span class='ocrx_word' id='word_1_152' title='bbox 302 2022 468 2151; x_wconf 46' lang='lat' dir='ltr'><strong>33:⁰⁸1]thss</strong></span> <span class='ocrx_word' id='word_1_153' title='bbox 486 2023 591 2149; x_wconf 42' lang='lat' dir='ltr'><strong>affine</strong></span> <span class='ocrx_word' id='word_1_154' title='bbox 616 2099 733 2148; x_wconf 77' lang='lat' dir='ltr'><strong>venerint</strong></span> <span class='ocrx_word' id='word_1_155' title='bbox 754 2099 924 2162; x_wconf 72' lang='lat' dir='ltr'><strong>Callimacho,</strong></span> <span class='ocrx_word' id='word_1_156' title='bbox 946 2112 1024 2160; x_wconf 84' lang='lat' dir='ltr'><strong>quem</strong></span> <span class='ocrx_word' id='word_1_157' title='bbox 1048 2113 1098 2147; x_wconf 91' lang='lat' dir='ltr'><strong>non</strong></span> <span class='ocrx_word' id='word_1_158' title='bbox 1121 2100 1281 2159; x_wconf 74' lang='lat' dir='ltr'><strong>excogitasse</strong></span> <span class='ocrx_word' id='word_1_159' title='bbox 1305 2113 1337 2147; x_wconf 89' lang='lat' dir='ltr'><strong>ss</strong></span> <span class='ocrx_word' id='word_1_160' title='bbox 1362 2112 1409 2160; x_wconf 87' lang='lat' dir='ltr'><strong>pro</strong></span> <span class='ocrx_word' id='word_1_161' title='bbox 1431 2099 1490 2145; x_wconf 79' lang='lat' dir='ltr'><strong>cero</strong></span> 
     </span>
     <span class='ocr_line' id='line_1_20' title="bbox 230 2175 1490 2243; baseline -0.006 -15"><span class='ocrx_word' id='word_1_162' title='bbox 230 2181 353 2230; x_wconf 81' lang='lat' dir='ltr'><strong>sfflrmari</strong></span> <span class='ocrx_word' id='word_1_163' title='bbox 373 2182 475 2239; x_wconf 84' lang='lat' dir='ltr'><strong>licebit,</strong></span> <span class='ocrx_word' id='word_1_164' title='bbox 497 2195 548 2229; x_wconf 91' lang='lat' dir='ltr'><strong>non</strong></span> <span class='ocrx_word' id='word_1_165' title='bbox 571 2181 680 2228; x_wconf 62' lang='lat' dir='ltr'><strong>conant.</strong></span> <span class='ocrx_word' id='word_1_166' title='bbox 702 2180 835 2239; x_wconf 69' lang='lat' dir='ltr'><strong>Hecaerge</strong></span> <span class='ocrx_word' id='word_1_167' title='bbox 855 2180 907 2227; x_wconf 80' lang='lat' dir='ltr'><strong>ism</strong></span> <span class='ocrx_word' id='word_1_168' title='bbox 923 2179 1036 2226; x_wconf 87' lang='lat' dir='ltr'><strong>occurrit</strong></span> <span class='ocrx_word' id='word_1_169' title='bbox 1052 2179 1079 2226; x_wconf 90' lang='lat' dir='ltr'><strong>in</strong></span> <span class='ocrx_word' id='word_1_170' title='bbox 1096 2179 1226 2239; x_wconf 76' lang='lat' dir='ltr'><strong>Melsnopi</strong></span> <span class='ocrx_word' id='word_1_171' title='bbox 1242 2178 1340 2238; x_wconf 79' lang='lat' dir='ltr'><strong>hymno</strong></span> <span class='ocrx_word' id='word_1_172' title='bbox 1364 2175 1408 2243; x_wconf 87' lang='lat' dir='ltr'><strong>(ci.</strong></span> <span class='ocrx_word' id='word_1_173' title='bbox 1424 2179 1490 2226; x_wconf 79' lang='lat' dir='ltr'><strong>Psns.</strong></span> 
     </span>
     <span class='ocr_line' id='line_1_21' title="bbox 228 2258 1489 2405; baseline -0.004 -17"><span class='ocrx_word' id='word_1_174' title='bbox 228 2258 438 2405; x_wconf 42' lang='lat' dir='ltr'><strong>V&#39;’ioth-soterici</strong></span> <span class='ocrx_word' id='word_1_175' title='bbox 463 2339 580 2387; x_wconf 86' lang='lat' dir='ltr'><strong>consulto</strong></span> <span class='ocrx_word' id='word_1_176' title='bbox 606 2351 673 2399; x_wconf 77' lang='lat' dir='ltr'><strong>qnae</strong></span> <span class='ocrx_word' id='word_1_177' title='bbox 699 2338 732 2386; x_wconf 91' lang='lat' dir='ltr'><strong>de</strong></span> <span class='ocrx_word' id='word_1_178' title='bbox 757 2338 862 2398; x_wconf 75' lang='lat' dir='ltr'><strong>ilithyia</strong></span> <span class='ocrx_word' id='word_1_179' title='bbox 888 2339 1017 2386; x_wconf 72' lang='lat' dir='ltr'><strong>docebunt</strong></span> <span class='ocrx_word' id='word_1_180' title='bbox 1042 2338 1181 2399; x_wconf 75' lang='lat' dir='ltr'><strong>scriptores</strong></span> <span class='ocrx_word' id='word_1_181' title='bbox 1207 2339 1259 2386; x_wconf 83' lang='lat' dir='ltr'><strong>ism</strong></span> <span class='ocrx_word' id='word_1_182' title='bbox 1285 2337 1398 2386; x_wconf 79' lang='lat' dir='ltr'><strong>vidimus</strong></span> <span class='ocrx_word' id='word_1_183' title='bbox 1422 2348 1489 2398; x_wconf 77' lang='lat' dir='ltr'><strong>supra</strong></span> 
     </span>
     <span class='ocr_line' id='line_1_22' title="bbox 227 2420 1488 2563; baseline -0.003 -16"><span class='ocrx_word' id='word_1_184' title='bbox 227 2420 369 2561; x_wconf 55' lang='grc' dir='ltr'><strong>μ’ἷιὸιιιο</strong></span> <span class='ocrx_word' id='word_1_185' title='bbox 387 2499 419 2547; x_wconf 88' lang='lat' dir='ltr'><strong>de</strong></span> <span class='ocrx_word' id='word_1_186' title='bbox 427 2498 602 2560; x_wconf 84' lang='lat' dir='ltr'><strong>Hyperboreis</strong></span> <span class='ocrx_word' id='word_1_187' title='bbox 618 2501 752 2559; x_wconf 73' lang='lat' dir='ltr'><strong>praetereo</strong></span> <span class='ocrx_word' id='word_1_188' title='bbox 769 2497 876 2546; x_wconf 81' lang='lat' dir='ltr'><strong>tradidit</strong></span> <span class='ocrx_word' id='word_1_189' title='bbox 893 2498 1066 2547; x_wconf 80' lang='lat' dir='ltr'><strong>Osllimcchne</strong></span> <span class='ocrx_word' id='word_1_190' title='bbox 1080 2494 1172 2563; x_wconf 76' lang='lat' dir='ltr'><strong>(veluti</strong></span> <span class='ocrx_word' id='word_1_191' title='bbox 1185 2498 1219 2545; x_wconf 88' lang='lat' dir='ltr'><strong>de</strong></span> <span class='ocrx_word' id='word_1_192' title='bbox 1233 2499 1386 2560; x_wconf 71' lang='grc' dir='ltr'><strong>ὀιοσφαγὶαις</strong></span> <span class='ocrx_word' id='word_1_193' title='bbox 1399 2498 1429 2545; x_wconf 83' lang='lat' dir='ltr'><strong>ir.</strong></span> <span class='ocrx_word' id='word_1_194' title='bbox 1442 2496 1488 2555; x_wconf 79' lang='lat' dir='ltr'><strong>let,</strong></span> 
     </span>
     <span class='ocr_line' id='line_1_23' title="bbox 227 2578 1060 2643; baseline 0.002 -18"><span class='ocrx_word' id='word_1_195' title='bbox 227 2578 260 2626; x_wconf 89' lang='lat' dir='ltr'><strong>de</strong></span> <span class='ocrx_word' id='word_1_196' title='bbox 282 2578 413 2627; x_wconf 85' lang='lat' dir='ltr'><strong>montibus</strong></span> <span class='ocrx_word' id='word_1_197' title='bbox 436 2578 558 2639; x_wconf 66' lang='lat' dir='ltr'><strong>Rhipaeis</strong></span> <span class='ocrx_word' id='word_1_198' title='bbox 582 2578 612 2625; x_wconf 85' lang='lat' dir='ltr'><strong>ir.</strong></span> <span class='ocrx_word' id='word_1_199' title='bbox 631 2580 688 2639; x_wconf 71' lang='lat' dir='ltr'><strong>ilc)</strong></span> <span class='ocrx_word' id='word_1_200' title='bbox 712 2579 775 2626; x_wconf 86' lang='lat' dir='ltr'><strong>nihil</strong></span> <span class='ocrx_word' id='word_1_201' title='bbox 801 2579 923 2628; x_wconf 78' lang='lat' dir='ltr'><strong>adierunt</strong></span> <span class='ocrx_word' id='word_1_202' title='bbox 944 2580 1011 2627; x_wconf 79' lang='lat' dir='ltr'><strong>novi.</strong></span> <span class='ocrx_word' id='word_1_203' title='bbox 1057 2632 1060 2643; x_wconf 40' lang='grc' dir='ltr'>Ι</span> 
     </span>
    </p>
   </div>
   <div class='ocr_carea' id='block_1_3' title="bbox 0 0 1556 5286">
    <p class='ocr_par' dir='ltr' id='par_1_5' title="bbox 0 0 1556 5286">
     <span class='ocr_line' id='line_1_24' title="bbox 0 0 1556 5286; baseline 0 0"><span class='ocrx_word' id='word_1_204' title='bbox 0 0 1556 5286; x_wconf 95' lang='lat' dir='ltr'><strong> </strong></span> 
     </span>
    </p>
   </div>
  </div>
 </body>
</html>
