3104 5286
804 455 866 516 144

195 647 283 707 Inter
296 644 459 719 nymphas
472 643 559 703 enirn
577 642 621 701 ibi
633 645 796 703 memorat
807 642 1005 717 Dictynnam
1021 642 1207 722 ,Γορτννλδα
1219 644 1377 723 νύμφην”,
1390 661 1471 709 mox

193 765 270 808 vero
295 763 342 806 vs.
369 747 447 819 206,
473 745 558 804 inter
580 745 732 804 heminas
753 745 876 805 Dianae
895 745 1102 820 gratissimas
1121 750 1291 807 enumerat
1307 748 1470 825 Cyrenen,

195 850 326 910 Procrin
350 846 534 906 Anticleam
558 846 749 920 Atalanten,
773 847 918 921 virgines
941 847 1073 908 mortali
1091 863 1155 907 non
1175 849 1267 923 patre
1285 849 1394 910 solum
1413 851 1471 910 sed

195 957 301 1013 matre
325 962 451 1022 quoque
474 948 569 1006 natas
593 947 628 1005 at
650 961 750 1022 supra
774 949 899 1007 ceteras
918 948 1075 1008 mortales
1094 949 1206 1009 favore
1224 950 1334 1011 divino
1353 951 1470 1012 elatas.

195 1056 256 1115 Sed
276 1067 391 1129 parurn
411 1050 445 1108 in
465 1048 526 1107 hac
545 1063 580 1107 re
594 1049 731 1120 -quod
753 1049 809 1107 vix
821 1050 950 1109 mireris
965 1085 1005 1093 -
1018 1050 1081 1109 sibi
1093 1051 1241 1112 constitit
1259 1055 1364 1127 poeta.
1384 1053 1471 1112 Nam

193 1159 231 1216 ir.
260 1156 336 1228 126,
368 1151 439 1210 sive
466 1150 729 1223 Argonautarum
761 1165 863 1210 unum
887 1152 958 1211 sive
981 1151 1083 1212 alium
1106 1153 1268 1225 quendam
1292 1154 1353 1214 hac
1376 1170 1472 1229 prece

197 1258 371 1318 adeuntem
396 1251 517 1326 Libyae
539 1252 702 1326 nymphas
725 1252 820 1313 facit:

420 1351 583 1412 Δέσποιναν
607 1353 727 1429 Λιβύης
749 1348 889 1431 ἡρωΐόες,
912 1353 946 1412 αἳ
967 1353 1167 1431 Νασαμώνων

464 1449 552 1512 αόλια
575 1450 625 1512 καλ
649 1452 767 1532 θολιχὰς
789 1458 880 1527 θῖνας
903 1452 1084 1534 ἔπιβλόττετε,

419 1552 529 1633 μητέρα
551 1576 601 1630 μοι
625 1553 761 1626 ζώουσαν
785 1551 920 1631 ὀφέλλετε

197 1680 279 1739 quae
297 1665 410 1722 tamen
429 1658 524 1718 divae
543 1656 694 1731 Virgines
712 1660 844 1718 tanturn
868 1659 962 1719 abest
980 1662 1018 1720 ut
1037 1660 1153 1720 ceteris
1173 1660 1334 1735 Nymphis
1352 1660 1472 1720 cedant

196 1766 367 1840 dignitate,
403 1763 440 1820 ut
473 1759 569 1819 titulo
604 1759 713 1819 divino
744 1756 898 1819 δέσποιναι
929 1761 1114 1822 salutentur
1143 1777 1163 1821 a
1190 1760 1403 1836 Callimacho,
1430 1762 1471 1821 ab

196 1865 365 1942 Apollonio
400 1862 511 1922 autern
542 1859 606 1929 (IV.
635 1861 719 1919 1322
751 1861 789 1920 ci.
826 1863 922 1933 1309)
954 1863 1068 1922 eodem
1099 1862 1195 1922 modo
1222 1877 1296 1922 cum
1320 1862 1471 1923 Athenae

195 1967 359 2028 natalibus
394 1963 632 2036 coniungantur
666 1977 728 2035 quo
772 1978 847 2022 curn
886 1963 963 2024 Iove
999 1964 1181 2025 Oceaninae
1217 1980 1236 2024 a
1270 1963 1471 2024 Callimacho

197 2071 326 2129 iunctae
350 2066 442 2126 erant
466 2063 502 2133 (Ι.
527 2063 591 2134 36).
616 2063 700 2123 Nam
725 2064 771 2124 ita
794 2065 1001 2139 Apollonius:

416 2160 549 2247 ἡρῷσσαι
572 2165 693 2243 Λιβύης
715 2164 865 2244 τιμήοροι,
887 2164 924 2225 αἴ
942 2160 1005 2226 ποτ’
1031 2164 1178 2243 Ἀθήνην,

417 2256 493 2343 ἧμας
517 2259 555 2325 ὅτ’
581 2262 613 2324 ἔτι
635 2264 746 2345 πατρὸς
769 2270 901 2345 κεφαλῆς
924 2266 998 2348 θόρε
1021 2264 1255 2345 παμφαίνουσα,

417 2365 577 2444 ἀντόμεναι
602 2367 749 2445 Τρίτωνος
773 2363 816 2444 ἐφ’
843 2369 933 2429 όόασι
956 2368 1159 2449 χυτλώσαντο,

196 2478 228 2536 et
251 2474 362 2534 divina
386 2470 525 2531 scientia
548 2470 712 2544 praeditas
736 2486 792 2530 eas
814 2470 918 2546 fingit.

240 2577 303 2650 Ita,
336 2576 372 2634 ut
402 2587 516 2646 saepe,
549 2586 591 2630 ex
613 2572 740 2646 proprio
764 2573 867 2647 ipsius
891 2573 981 2632 vocis
1005 2588 1080 2649 usu,
1105 2573 1238 2633 nomine
1260 2573 1367 2651 νύμφη
1390 2575 1470 2635 indi·

193 2678 281 2737 cavit
303 2674 523 2736 Callimachus
546 2688 602 2732 eas
625 2688 708 2746 quae
731 2689 765 2734 re
789 2690 866 2734 vera
882 2675 1054 2749 Nymphae
1073 2689 1137 2735 non
1156 2677 1263 2750 erant,
1284 2676 1342 2735 sed
1360 2678 1471 2751 potius

193 2779 346 2839 heroinae
377 2776 471 2850 (quod
502 2775 620 2834 accidit
650 2776 683 2834 in
715 2774 857 2848 Cyrenes
888 2776 1021 2836 nomine
1052 2775 1092 2836 ΙΙ.
1126 2778 1193 2851 90),
1225 2776 1277 2837 vel
1308 2777 1469 2854 virgines,

193 2881 369 2941 deorumve
400 2891 533 2951 uxores,
563 2876 611 2935 ita
638 2891 724 2936 nunc
754 2877 924 2951 Nymphas
955 2877 1108 2937 heroinas
1138 2877 1235 2953 dixit,
1261 2879 1409 2938 attamen
1434 2881 1471 2939 ut

193 2998 306 3042 earum
340 2980 533 3054 dignitatern
570 2980 686 3039 ceteris
721 2980 922 3054 superiorem
957 2980 1115 3040 indicaret
1145 2980 1278 3040 titulum
1309 2978 1470 3052 δεσποίνας

193 3083 319 3142 adiecit.

237 3185 358 3244 Verum
381 3182 431 3242 his
455 3197 581 3254 quoque
605 3182 768 3255 nymphas
788 3181 947 3254 quasdam
969 3180 1084 3251 Μελίας
1104 3183 1197 3243 dixit.
1218 3183 1350 3257 Hymno
1362 3183 1469 3259 primo

192 3302 240 3346 vs.
262 3288 304 3345 45
329 3287 440 3343 narrat
466 3282 706 3358 ,corybantum
730 3282 868 3358 amicae,
897 3281 1049 3344 Dictaeas
1073 3283 1206 3344 Melias”
1230 3285 1342 3345 Iovem
1366 3285 1468 3345 infan-

191 3393 260 3448 tem
282 3386 443 3460 recepisse
466 3400 484 3444 ο
507 3384 659 3444 manibus
687 3384 794 3443 Nedao
827 3384 1010 3444 Oceaninae
1041 3399 1122 3457 quae
1153 3388 1246 3445 trans
1277 3400 1368 3446 mare
1392 3401 1469 3446 eum

191 3491 363 3564 portasset.
383 3487 585 3546 Nominatim
598 3488 709 3545 autem
722 3486 918 3546 Adrasteam
932 3486 1066 3561 indicat,
1087 3501 1171 3559 quae
1190 3487 1223 3545 in
1236 3487 1343 3546 aureis
1357 3487 1469 3547 cuneis

191 3591 303 3651 Iovem
326 3590 487 3664 sopivisse
510 3587 621 3646 fertur.
647 3586 770 3646 Iterum
794 3588 906 3646 autem
931 3587 1044 3647 eodem
1069 3587 1183 3647 Mellae
1208 3588 1339 3648 nomine
1365 3590 1469 3648 utitur

191 3694 314 3766 hymno
336 3690 389 3751 IV.
415 3691 471 3765 50,
505 3703 704 3762 quamquam
733 3687 776 3747 ibi
801 3688 1035 3763 appellativum
1059 3703 1124 3748 non
1147 3691 1199 3749 est
1221 3689 1278 3748 sed
1300 3689 1467 3764 proprium

191 3809 310 3854 nomeu
343 3790 521 3868 ,αὐτόχθων
551 3788 682 3866 Μελίη.”
709 3825 748 3833 -
774 3790 887 3850 Melias
918 3791 1094 3865 nymphas,
1127 3790 1204 3851 licet
1233 3791 1347 3851 eodem
1371 3790 1467 3852 titulo

191 3897 297 3970 ornet,
330 3908 392 3966 quo
423 3907 503 3952 usus
538 3891 609 3951 erat
643 3890 819 3966 Hesiodus,
856 3890 920 3950 alia
955 3892 1067 3951 donari
1103 3891 1293 3966 genealogia
1323 3907 1344 3951 a
1375 3892 1466 3953 (lalli-

191 3996 307 4056 macho
349 4009 446 4054 nemo
484 3993 632 4053 miratur.
673 3992 731 4051 Est
766 3992 854 4052 enim
891 3993 976 4053 inter
1009 3990 1163 4072 ἀπόρρητα
1198 4007 1280 4067 quae
1315 3993 1468 4054 abhorret

190 4097 299 4157 fabula
330 4112 429 4170 quarn
459 4095 593 4169 exponit
624 4094 786 4154 Hesiodus
817 4095 856 4154 de
888 4094 991 4154 lieliis
1020 4110 1062 4155 ex
1087 4094 1218 4154 Saturni
1244 4095 1372 4155 semine
1395 4110 1466 4156 san·

188 4199 376 4274 guinolento
406 4197 500 4271 ortiS,
536 4211 641 4269 neque
672 4210 729 4255 eas
760 4194 923 4255 intellexit
954 4197 1014 4256 hoc
1044 4195 1114 4255 loco
1139 4194 1359 4256 Callimachus
1383 4194 1468 4256 illias

190 4301 336 4375 Saturni,
369 4315 450 4373 quas
481 4313 556 4358 cum
587 4297 693 4357 Furiis
724 4299 821 4370 atque
853 4296 1045 4371 Gigantibus
1073 4297 1216 4357 infausto
1239 4296 1344 4357 sidere
1369 4296 1468 4357 Terra

189 4401 369 4477 peperisset
392 4400 532 4470 (Hesiod.
560 4392 667 4475 Τλαομ.
696 4400 881 4470 183-187)

411 4500 496 4560 όσσαι
519 4497 575 4580 γὰρ
598 4499 782 4580 ῥαθάμιγγες
808 4497 980 4560 ἀπέσσυθεν
1004 4497 1211 4577 αἱματόεσσαι,

412 4602 509 4674 ιιώσας
534 4598 636 4673 δέξατο
661 4602 746 4659 Γαῖα·
770 4596 995 4680 περιπλομένων
1018 4595 1046 4661 θ’
1073 4597 1219 4662 ἐνιαυτῶν
