3090 5294
818 443 857 500 24
1285 442 1309 499 I.
1335 444 1468 501 49-52

192 642 391 701 quamquam
425 629 532 689 verbis
578 624 646 704 ,έπλ
690 624 722 687 δὲ
755 626 849 707 γλυνῦ
883 626 989 706 κηρίον
1023 624 1136 706 teser·
1173 629 1283 701 aperte
1317 628 1469 689 imitatur

192 728 305 804 hymni
328 730 483 791 homerici
506 745 639 790 versum
662 730 701 790 de
724 729 871 804 Apolline
895 744 1008 791 recens
1034 730 1111 790 nato
1136 725 1197 806 (vs,
1223 731 1297 800 197)

438 828 531 910 αὐτὰρ
555 828 657 908 ἐπειδὴ
685 832 776 910 Φοῖβε
800 827 948 910 κατέβρως
971 826 1121 909 ὖίμβροτον
1144 822 1237 909 εἶδαρ,

192 947 254 993 non
286 934 398 993 tamen
426 934 552 994 occulta
583 935 635 994 est
666 948 765 994 causa
796 948 853 994 cur
883 948 939 1008 pro
971 933 1133 994 ambrosia
1161 932 1227 993 mel
1249 931 1469 993 substituerit.

192 1033 389 1108 Explicenda
419 1035 507 1095 enim
538 1035 625 1108 origo
659 1034 779 1108 egregii
811 1033 920 1094 mellis
953 1034 1125 1109 cretensis,
1149 1034 1233 1107 quod
1256 1034 1471 1107 sequentibus

194 1135 341 1195 versibus
364 1130 493 1196 ensrrat
517 1137 550 1196 in
574 1135 662 1196 Iovis
686 1150 784 1195 usum
809 1135 915 1196 subito
939 1139 1055 1197 natum
1081 1150 1162 1196 esse.

237 1237 342 1299 Versu
355 1240 395 1300 50
417 1236 557 1299 formam
574 1239 786 1312 syncopatam
805 1234 889 1316 γέντο
913 1252 969 1312 pro
981 1234 1080 1317 γένετο
1092 1238 1256 1311 adhibens,
1269 1251 1471 1310 quamquam

192 1354 256 1400 non
276 1341 426 1400 convenit
445 1356 519 1401 cum
539 1355 603 1400 usu
622 1340 795 1415 homerico,
816 1342 874 1401 eut
886 1339 1066 1401 Hesiodum
1083 1339 1203 1415 (Theop.
1219 1339 1292 1399 199.
1307 1339 1394 1407 283.)
1410 1340 1470 1398 aut

192 1439 310 1514 lyricos
333 1445 465 1503 secutus
489 1457 561 1502 esse
586 1442 715 1502 videtur
740 1456 843 1514 neque
866 1442 1009 1515 graviter
1031 1456 1182 1516 peccasse
1205 1443 1317 1502 contra
1339 1456 1486 1521 morem

192 1543 353 1603 sermonis
395 1544 476 1618 epici
520 1543 574 1616 qui
616 1543 648 1602 in
683 1542 756 1602 eliis
789 1542 897 1603 verbis
929 1558 1091 1618 syncopen
1132 1543 1209 1603 tulit
1242 1543 1292 1614 (ci.
1329 1545 1355 1603 Ι.
1394 1544 1469 1603 171.

191 1638 295 1720 φέρτε.)
320 1637 349 1712 ¹).
373 1643 522 1704 Alterum
548 1643 627 1704 illud
651 1639 734 1722 γέντο
764 1645 972 1718 „prehendit”
993 1660 1057 1705 non
1077 1645 1140 1705 nisi
1159 1644 1192 1704 in
1210 1645 1333 1718 hymno
1353 1643 1472 1705 Dorica

190 1743 326 1805 dialecto
364 1745 543 1820 conscripto
579 1745 726 1806 adhibuit
761 1745 824 1815 (Vi.
849 1747 902 1821 44,
928 1746 968 1806 ci.
994 1746 1104 1807 scholl.
1137 1747 1176 1806 ad
1209 1747 1249 1807 N.
1278 1748 1328 1806 15.
1355 1743 1470 1825 ,γέντο

191 1843 285 1925 έλαβε.
311 1845 448 1926 Δωρικὸν
471 1843 521 1906 καλ
544 1845 730 1917 Αίολιιιόν”).
757 1881 797 1890 -

235 1951 272 2010 In
296 1951 444 2024 sequenti
470 1965 566 2011 versu
590 1964 790 2023 quamquam
815 1950 967 2010 imitatus
989 1973 1015 2029 γ.
1040 1950 1103 2011 338

413 2046 468 2133 ἔργ’
496 2049 617 2131 ἀνδρῶν
641 2073 671 2111 τε
695 2056 778 2112 θεῶν
802 2073 831 2111 τε
851 2052 887 2111 τά
910 2073 939 2112 τε
961 2052 1110 2113 κλείουσιν
1133 2046 1239 2130 ἀοιδοί,

191 2170 255 2215 non
291 2156 402 2215 tamen
437 2155 573 2215 verbum
609 2152 713 2213 κλείειν
745 2153 859 2215 eodem
893 2169 992 2214 sensu
1027 2170 1089 2228 quo
1123 2154 1285 2215 Homerus
1318 2155 1470 2230 adhibet;

192 2256 295 2317 utitur
318 2257 407 2316 enim
426 2270 464 2316 eo
488 2255 587 2316 verbo
611 2256 704 2329 quasi
724 2256 769 2316 sit
788 2258 887 2314 καλεῖν
907 2255 990 2330 quod
1006 2257 1171 2317 idemiam
1183 2256 1304 2317 dudum
1316 2257 1350 2316 in
1369 2257 1471 2318 verbo

192 2354 308 2440 νλῄζειν
331 2357 476 2417 fecerant
489 2358 614 2431 poetae
636 2357 738 2417 Attici
755 2349 788 2427 ²).

147 2471 150 2476 ·
236 2458 350 2519 Plures
384 2459 423 2519 de
459 2459 606 2519 vocabuli
638 2449 726 2530 οὖλος
758 2475 820 2519 usu
844 2460 1054 2521 callimacheo
1077 2460 1242 2535 opiniones
1264 2459 1472 2534 protulerunt

192 2561 395 2636 interpretes,
427 2576 526 2634 quam
557 2562 595 2620 ut
625 2576 739 2621 omnes
770 2562 822 2622 hic
855 2562 1012 2635 referam;
1037 2562 1148 2637 paucis
1174 2563 1283 2635 itaque
1304 2577 1468 2637 exponam

192 2662 268 2735 quid
291 2662 371 2721 mihi
394 2663 433 2721 in
451 2663 511 2722 hac
531 2677 566 2722 re
586 2662 797 2722 statuendum
819 2662 977 2738 videatur,
998 2664 1029 2723 id
1050 2664 1134 2735 quod
1153 2678 1190 2723 eo
1211 2663 1340 2723 brevius
1360 2663 1470 2725 facere

112 2816 114 2821 .
190 2763 299 2823 licebit
333 2763 409 2837 quia
443 2765 602 2838 accurate,
640 2766 672 2823 et
710 2764 739 2823 si
772 2764 848 2836 quid
880 2764 973 2824 video
1003 2765 1191 2839 plerumque
1222 2766 1318 2830 recte.
1343 2765 1382 2824 de
1407 2767 1470 2826 hec

190 2866 378 2939 quaestione
413 2867 479 2940 egit
509 2866 548 2926 de
579 2866 647 2927 Ian.
685 2866 718 2927 ll.
743 2882 772 2941 p.
801 2869 852 2927 11.
877 2900 918 2909 —
943 2866 1069 2943 Quanta
1104 2867 1202 2927 fuerit
1232 2865 1272 2925 de
1309 2867 1468 2928 vocabulo

193 2957 280 3038 οὖλος
314 2968 399 3027 inter
432 2968 542 3029 doctos
577 2967 815 3028 Alexandrinos
845 2969 1014 3044 dissensio,
1047 2984 1142 3029 nemo
1173 2968 1289 3051 melius
1323 2969 1470 3029 ostendit

190 3085 289 3144 quam
321 3069 420 3130 schol.
454 3070 494 3130 ad
518 3070 541 3140 ζ.
567 3071 647 3129 231:
678 3067 735 3145 ,τὸ
767 3059 855 3141 οὖλος
881 3073 1033 3149 πολλαχῶς
1057 3067 1176 3150 λέγεται.
1201 3069 1290 3147 δηλοῖ
1309 3065 1341 3129 δέ
1363 3067 1416 3128 καλ
1435 3069 1468 3131 τὸ

191 3168 412 3250 ὁλόκληρον
438 3167 581 3246 καλιὴν
603 3178 676 3229 τῶν
707 3179 851 3257 τριχῶν
885 3170 1147 3249 διαστροφήν.
1182 3169 1336 3231 αἰνίττεται
1359 3166 1392 3230 δέ
1415 3171 1468 3232 καλ

189 3272 221 3333 τὸ
256 3269 447 3352 ὀλέθριον
481 3269 520 3343 ὡς
544 3269 575 3331 έν
603 3266 705 3331 Ἰλιάδι
729 3274 772 3344 (Β.
798 3275 829 3343 ὃ)
855 3270 1013 3350 φησὶν...
1038 3264 1128 3334 οὖλον
1152 3270 1267 3352 ὄνειρον
1290 3269 1386 3350 ἤγουν
1413 3272 1468 3334 τὸν

190 3369 239 3435 ἐπ’
268 3371 419 3460 ὀλέθρῳ
442 3372 702 3453 πεμπόμενον.
734 3375 870 3452 σημαίνει
894 3372 927 3436 δέ
954 3374 1005 3436 καί
1027 3376 1079 3437 τὸν
1109 3375 1211 3457 ὖγιῇ,
1233 3377 1329 3456 ὥσπερ
1352 3373 1469 3455 λέγεται

190 3467 264 3537 οὖλα
285 3477 437 3556 τραύματα
468 3478 499 3549 (l.
527 3475 604 3564 οὖλὴΙ
627 3477 815 3556 τραύματος),
843 3478 980 3555 σημαίνει
1004 3474 1036 3538 δέ
1058 3476 1109 3538 καὶ
1132 3477 1164 3539 τὸ
1187 3477 1345 3560 ὑγίαινε
1368 3474 1408 3549 ὡς
1434 3478 1467 3540 έν

189 3576 299 3664 εἰιείνηο·
333 3569 420 3654 ,οὖλέ
446 3599 476 3638 τε
506 3575 557 3637 καλ
580 3577 658 3655 μάλα
681 3581 783 3658 χαῖρε”
809 3584 852 3651 (oo.
878 3582 963 3652 402).
988 3582 1200 3642 Adiciendum
1225 3582 1276 3641 est
1299 3580 1397 3641 schol.
1424 3586 1465 3643 A.

189 3680 230 3741 ad
253 3682 286 3742 Β.
312 3683 342 3755 5,
371 3681 455 3740 unde
486 3681 618 3754 apparet
643 3681 682 3740 ab
710 3681 897 3742 Aristarcho
926 3684 1127 3757 oppugnatos
1147 3682 1247 3742 fuisse
1274 3681 1329 3754 qui
1356 3696 1466 3743 cense-

188 3783 260 3842 rent
301 3771 391 3841 οὖλον
434 3777 549 3856 ὄνειρον
592 3796 664 3842 esse
706 3780 773 3841 τὸν
816 3782 1006 3859 μαλακόν,
1044 3786 1078 3843 et
1112 3783 1285 3843 Herodiani
1320 3783 1464 3857 epitome

188 3883 298 3953 (Lentz
318 3883 358 3943 11.
380 3884 454 3943 973.
469 3883 532 3953 99.)
561 3898 604 3942 ex
627 3898 691 3956 qua
714 3885 864 3945 videmus
888 3887 1071 3946 accuratius
1097 3885 1137 3945 ab
1158 3901 1195 3945 eo
1215 3885 1368 3945 distincta
1388 3900 1464 3947 esse

188 3985 251 4044 tria
281 3985 437 4046 vocabula
468 3974 578 4055 οὖλος;
611 3983 747 4062 σημαίνει
777 3984 828 4045 τὸν
860 3985 960 4047 ὅλον·
994 3984 1102 4066 ,ίίρτον
1133 4007 1162 4046 τε
1186 3977 1276 4046 οὖλον
1299 3983 1394 4045 ἕλών”
1424 3987 1464 4057 (δ.

188 4088 339 4157 343)....
375 4086 511 4164 σημαίνει
541 4084 591 4146 καλ
617 4085 649 4146 τὸ
682 4086 868 4164 μαλακόν·
896 4086 1006 4165 ,οὔλας
1037 4079 1089 4165 ἧκε
1113 4085 1227 4165 κόμας”
1253 4089 1285 4160 (ζ.
1311 4089 1386 4157 231)
1410 4087 1465 4148 καλ
1528 4162 1530 4174 Ι

190 4185 306 4263 ,οὔλων
326 4209 354 4247 τε
385 4187 543 4265 ταπήτων”
574 4186 624 4266 (Π.
650 4191 724 4260 224)
748 4187 829 4268 παρὰ
851 4189 884 4250 τὸ
908 4190 974 4250 είλῶ
998 4189 1029 4250 τὸ
1054 4187 1219 4269 συστρέφον,
1241 4187 1331 4249 ἔνθεν
1354 4185 1405 4247 καὶ
1428 4187 1464 4249 τὸ

190 4310 408 4324 ---Δ-

221 4381 240 4447 ¹)
256 4385 353 4432 Eadem
379 4387 462 4433 forme
488 4388 564 4445 λγιντο
582 4388 693 4434 occurrit
710 4387 752 4435 IV.
773 4387 829 4447 147,
848 4387 873 4432 in
892 4390 964 4446 parte
983 4388 1103 4435 carminis
1121 4387 1165 4433 ubi
1183 4385 1352 4447 hoplopoeiae
1371 4396 1464 4436 versus

187 4465 234 4509 474
262 4477 318 4523 sqq.
346 4465 460 4512 imitetur
487 4468 532 4512 eut
557 4465 707 4512 reeordatus
731 4468 781 4512 ost:
810 4465 846 4512 ibi
864 4468 950 4512 autem
968 4461 1005 4529 (Σ.
1025 4467 1081 4513 476.
1103 4462 1162 4529 477)
1178 4466 1218 4513 bis
1232 4460 1343 4515 occurrit
1361 4470 1463 4526 „rino”

187 4565 219 4585 =
238 4545 293 4599 ,λλα
310 4545 346 4591 ο”.

223 4618 242 4685 ²)
260 4550 357 4670 Eosdem
375 4636 452 4671 sensu
469 4625 532 4670 έκλιο
549 4623 591 4670 iv.
610 4624 655 4678 ³8;
672 4626 698 4670 nt
716 4623 860 4671 secundum
876 4637 952 4671 usum
969 4625 1074 4672 Homeri
1092 4625 1126 4671 11.
1145 4626 1184 4687 18,
1202 4626 1247 4672 ubi
1264 4626 1329 4673 vide.
