3090 5294
686 423 727 482 47

311 617 347 691 τῇ
371 605 403 668 δέ
424 602 455 667 θ’
480 607 540 686 ἅμα
564 609 691 687 νύμφαι,
712 618 819 689 κοῦραι
843 609 915 682 Διὸς
938 610 1093 690 αἰγιόχοιο,

313 707 475 790 ἀγρονόμοι
498 710 689 782 παίζουσι
772 755 774 764 .

65 815 102 872 at
135 828 192 887 pro
222 813 320 872 verbo
354 812 467 883 παίζειν
506 812 603 872 aliam
637 828 749 873 vocem
788 814 986 874 homericam
1026 816 1160 890 mauult,
1198 817 1236 876 de
1271 814 1335 889 qua

65 915 235 975 certabant
256 914 471 987 grammatici.
497 914 609 973 Fuisse
634 917 744 974 autem
769 915 834 974 tale
858 917 1023 975 certamen
1048 917 1086 976 de
1110 917 1205 977 verbo
1229 913 1335 992 έψιύα-

64 1020 140 1075 σθαι
162 1017 326 1076 testantur
348 1014 471 1075 scholia
493 1015 644 1087 quamvis
670 1016 804 1076 confusa
827 1017 866 1076 ad
890 1016 947 1076 Od.
972 1038 998 1094 ρ.
1024 1017 1098 1077 530.
1123 1039 1155 1092 φ.
1181 1019 1255 1079 429.
1281 1018 1334 1078 ubi

64 1119 106 1178 ad
136 1131 248 1192 procos
272 1117 303 1176 id
331 1117 465 1176 verbum
493 1117 639 1178 refertur.
669 1116 821 1178 Consulto
850 1119 947 1192 igitur
976 1115 1121 1193 έψιᾶσδαι
1147 1136 1207 1194 pro·
1222 1120 1335 1191 παίζειν

63 1222 176 1279 nostro
210 1219 277 1278 loco
309 1232 430 1291 ponens
461 1218 644 1278 homericae
674 1220 760 1279 vocis
778 1219 1077 1292 interpretationem
1100 1223 1228 1295 profert.
1254 1223 1332 1281 Eam

64 1320 254 1394 Apollonius
288 1320 431 1379 Rhodius
469 1336 595 1393 quoque
634 1322 766 1380 secutus
801 1323 861 1394 est,
898 1322 953 1394 qui
988 1321 1044 1381 III.
1083 1323 1155 1397 lli,
1192 1325 1266 1396 950,
1302 1329 1334 1383 ot

63 1423 89 1482 1.
122 1422 205 1496 4583
240 1422 281 1482 11.
314 1423 376 1481 811
416 1423 530 1482 eodem
569 1423 665 1485 verbo
705 1423 816 1497 utitur,
853 1423 1081 1497 posterioribus
1113 1425 1223 1484 autem
1256 1425 1334 1484 locis

63 1523 190 1584 duobus
224 1524 271 1583 ita
301 1526 336 1582 ut
368 1522 434 1584 fere
469 1524 501 1583 in
537 1524 631 1584 dubio
666 1527 800 1598 poneret
833 1526 943 1584 utrum
979 1524 1248 1599 significationem
1283 1534 1334 1585 ιοῦ

62 1624 179 1696 παίζειν
202 1640 243 1684 an
266 1631 318 1683 ιοῦ
341 1620 435 1703 λέγειν
458 1629 604 1698 (utraque
628 1626 715 1685 euim
736 1626 958 1700 interpretatio
979 1627 1112 1701 vulgata
1130 1632 1210 1697 erat)
1230 1629 1335 1701 msgIs

62 1727 213 1802 probaret
236 1726 286 1796 (ci.
311 1725 440 1799 Merkel,
464 1728 543 1802 prol.
569 1728 609 1787 ad
633 1727 778 1801 Apollon.
803 1727 903 1787 Rhud.
929 1727 1139 1797 CLXXVIII).

111 1828 213 1889 Versu
233 1829 253 1887 4
274 1829 486 1889 Schneiderus
505 1831 670 1904 proposuit
694 1825 751 1904 „dg
773 1826 842 1887 ύιε”
864 1829 963 1900 (codd.
977 1826 1016 1900 ὡς
1030 1828 1095 1899 ὅτε).
1114 1831 1246 1890 Rectius
1261 1846 1334 1891 vero

62 1933 175 2020 opinor
209 1931 395 1991 Hermanno
431 1931 727 2005 obtemperabimus
760 1931 814 2003 qui
852 1931 948 1990 scribi
984 1931 1073 1991 iubet
1107 1920 1263 2009 „ripppeuor
1296 1931 1335 2003 ὥς

62 2034 165 2092 ποιε”.
190 2033 341 2092 Formam
365 2033 476 2091 autem
500 2028 688 2109 ύρχμενοι
709 2047 771 2092 non
792 2034 921 2091 tautum
945 2033 1090 2092 codicum
1114 2033 1259 2092 nonnulli
1278 2034 1335 2093 sed

63 2135 102 2194 fr.
119 2136 182 2194 113
203 2148 329 2206 quoque
349 2134 431 2193 satis
447 2133 597 2194 defendit.
611 2134 660 2193 Ab
674 2133 836 2193 homerica
848 2134 985 2203 dictione
999 2135 1077 2195 haec
1090 2135 1221 2207 quidem
1233 2135 1337 2195 forma

62 2237 179 2296 aliena.
202 2237 245 2295 At
268 2235 416 2308 componi
435 2236 552 2309 potest,
573 2238 659 2305 (nam
681 2236 843 2308 praesenti
862 2236 1108 2313 adscribendum
1129 2238 1255 2296 censuit
1268 2235 1334 2297 Cal·

62 2337 225 2397 limachus
256 2336 311 2409 qui
342 2330 485 2413 ύρχμενος
516 2336 646 2409 scripsit
672 2350 775 2407 neque
798 2352 873 2396 cum
898 2337 1058 2396 Herodoto
1081 2334 1235 2416 ύργμενος)
1260 2353 1334 2398 cum

61 2439 168 2499 forma
188 2439 365 2512 syncopata
384 2434 478 2516 φέρτε.
500 2437 550 2507 (ci.
565 2452 662 2511 supra
674 2453 703 2511 p.
718 2438 780 2505 24).
801 2438 887 2497 Num
908 2454 982 2498 vero
1004 2440 1065 2498 huo
1085 2440 1212 2499 duxerit
1226 2443 1334 2499 noster

59 2554 187 2613 quoque
208 2540 348 2599 formam
369 2535 576 2617 ποτιδέγμενος
593 2539 662 2598 sive
681 2536 817 2616 δέγμενος
835 2540 883 2609 (Il.
897 2540 930 2599 Β.
952 2542 1060 2615 I37,1.
1077 2542 1149 2609 191)
1165 2543 1331 2601 vehemen-

59 2646 111 2701 ter
130 2641 250 2701 dubito.
271 2640 395 2700 Posteri
415 2656 494 2700 sane
514 2644 551 2699 ut
571 2641 666 2699 testis
683 2643 733 2700 est
746 2640 947 2700 Herodianus
960 2658 998 2700 er
1025 2640 1180 2718 δεχόμενος
1192 2658 1248 2716 per
1260 2659 1330 2716 syn·

59 2758 160 2818 copen
196 2739 332 2819 δέγμενος
365 2747 398 2802 et
429 2757 485 2816 per
516 2741 802 2814 redupllcationem
831 2724 1001 2819 δεδέχμενος
1026 2746 1141 2802 natum
1166 2759 1238 2803 esse
1262 2759 1331 2804 oen·

57 2846 196 2903 suerunt
219 2843 403 2912 (cilentz.
427 2847 466 2905 ad
486 2845 662 2904 Herodian.
689 2843 817 2917 CXX.t;
843 2845 1029 2904 Aristarcho
1054 2845 1092 2904 de
1117 2846 1177 2904 hac
1202 2860 1236 2904 re
1261 2860 1331 2904 oon·

58 2946 172 3005 silium
207 2961 269 3005 nou
300 2948 445 3007 constitIt
472 2946 644 3017 (Ludwich.
676 2946 701 3005 I.
735 2961 763 3019 p.
789 2941 887 3026 289);
921 2948 955 3005 at
987 2945 1204 3006 Callimachus
1228 2942 1331 3023 δέχθαι

57 3063 116 3121 pro
139 3048 259 3107 aoristo
282 3049 385 3107 utitur
408 3048 474 3117 (lll.
502 3049 559 3117 63)
586 3048 665 3106 item
690 3043 787 3105 έδειιο
815 3048 882 3116 (ill.
911 3048 985 3117 109)
1005 3041 1036 3115 ¹).

103 3148 141 3207 In
161 3149 222 3207 bac
244 3164 319 3209 voce
339 3149 487 3208 novanda
506 3149 534 3208 si
554 3149 791 3221 quodammodo
804 3149 1004 3207 homericum
1026 3163 1122 3207 usum
1144 3164 1206 3208 non
1224 3165 1331 3209 exces-

57 3252 142 3309 sisse
171 3249 232 3308 sibi
265 3250 442 3325 videbatur,
473 3250 528 3308 vix
560 3248 629 3309 fieri
652 3251 759 3323 potest
789 3250 865 3322 quin
901 3250 1026 3309 noverit
1058 3258 1089 3308 ln
1122 3252 1331 3322 sequentibus

61 3346 302 3426 „tortopttvp
326 3349 558 3429 γονάιεσσι”
584 3351 722 3410 formam
748 3365 767 3409 a
791 3366 827 3410 se
851 3350 992 3410 adhiberi
1022 3350 1162 3411 Homero
1194 3353 1330 3425 incogni-

57 3456 139 3511 tam.
175 3452 234 3511 Ille
258 3454 344 3511 enim
368 3467 442 3512 cum
466 3451 615 3511 nonnisi
639 3450 752 3510 formis
775 3450 901 3529 γούνασι
925 3455 958 3511 et
979 3452 1117 3530 γούνεσσι
1141 3469 1220 3513 usus
1244 3457 1332 3512 esset

56 3552 180 3621 (Ludw.
206 3552 304 3613 Arist.
329 3554 354 3613 I.
378 3568 407 3627 p.
434 3553 508 3620 307)
533 3551 760 3626 Callimachus
793 3567 1002 3625 quamquam,
1031 3555 1067 3612 ut
1099 3569 1141 3613 ex
1173 3556 1329 3627 sequenti·

57 3654 119 3713 bus
153 3669 280 3727 quoque
314 3656 455 3729 apparet,
490 3656 615 3728 spectat
646 3654 752 3714 locum
784 3655 894 3714 Iliadis
928 3656 956 3713 Φ
983 3658 1046 3716 506
1075 3654 1276 3732 „danpvdrooa
1300 3650 1332 3713 δέ

56 3753 169 3833 πατρὸς
189 3752 303 3830 ἐφέζετο
327 3755 452 3834 γούνασι
475 3755 602 3833 πούρη”,
621 3757 653 3815 in
674 3757 733 3814 hac
755 3769 831 3815 voce
852 3756 939 3814 idem
959 3756 1020 3815 sibi
1041 3756 1136 3817 licere
1157 3758 1331 3817 arbitratus

55 3857 141 3930 quod
166 3856 329 3917 Homerus
351 3856 482 3917 iecisset
507 3857 539 3915 in
563 3856 696 3934 χείρεσσι,
717 3855 848 3930 πόδεσσι,
871 3858 1005 3917 indulsit
1028 3860 1130 3918 amori
1150 3858 1330 3931 longiorum

55 3957 238 4018 formarum
260 3973 323 4030 quo
351 3957 482 4017 ardebat
506 3953 524 4034 ἡ
549 3957 634 4033 ποινή
658 3958 708 4028 (cf.
734 3958 972 4017 thner·Blass
995 3959 1020 4017 Ι.
1046 3959 1120 4027 417)

102 4060 206 4119 Versu
229 4060 412 4132 insequenti
440 4061 494 4120 ubi
533 4063 643 4135 „reip
672 4057 726 4117 έιι
759 4058 1026 4136 πουρίζουσα”
1051 4060 1080 4118 ei
1105 4061 1195 4120 audit
1218 4060 1330 4136 Diana,

55 4177 138 4234 quae
163 4175 262 4234 quam
283 4161 418 4235 paruula
438 4161 541 4221 adhuc
559 4176 579 4220 a
598 4163 693 4234 poeta
711 4159 852 4232 fingatur
871 4161 952 4219 satis
965 4161 1139 4221 ostendunt
1151 4165 1329 4238 sequeutia,

52 4267 169 4338 peccat
204 4278 310 4323 errore
345 4263 437 4323 cuius
469 4263 626 4335 originem
656 4263 689 4321 ln
721 4261 795 4321 lusu
827 4262 1039 4335 etymologico
1063 4264 1162 4323 sitam
1190 4266 1329 4325 vidimus

62 4448 275 4459 ———

89 4595 108 4663 ¹)
126 4598 166 4644 De
185 4595 274 4642 formis
291 4597 423 4655 δειδέχαται
442 4599 467 4642 et
484 4596 625 4653 ύαύέγμοιος
644 4596 674 4641 fr.
694 4596 725 4641 32
744 4597 769 4641 et
787 4596 818 4645 fr.
838 4597 884 4641 138
903 4595 1032 4642 abstinere
1051 4596 1132 4642 satius
1153 4597 1260 4643 ridetur.
