3104 5296
815 450 876 510 112
1312 451 1367 513 IV.
1395 454 1480 514 l-t')

351 638 370 696 5
428 632 459 695 ἐκ
484 633 646 712 Μουσέων,
668 634 712 697 ὅτι
737 638 853 716 Φοῖβον
876 634 1009 698 ἀοιδάων
1033 634 1174 715 μεδέοντα

429 734 517 799 lodo}
538 735 640 799 τεκαὶ
662 737 805 818 οπείρωοε
827 736 878 798 καὶ
900 736 940 811 ὡς
963 737 1037 799 θεὸν
1064 737 1151 823 ᾔνεσα
1174 739 1284 819 πρώτη.
1314 736 1344 812 ¹).

249 843 300 903 Ad
323 841 505 903 homericos
528 840 727 900 imitationes
750 841 893 915 primum
913 842 1131 902 attendamus.
1157 840 1272 901 Delum
1296 842 1481 903 Ἀπόλλω·

208 964 273 1014 νος
295 939 573 1021 κουροτρόφον
597 944 691 1002 vocat
714 942 902 1015 exemplum
924 944 1069 1003 sectatus
1089 957 1203 1002 versus
1224 942 1381 1005 homerici
1401 968 1422 1006 ι.
1438 948 1479 1007 27

205 1146 387 1220 respexisse
417 1148 566 1206 nostrum
596 1160 633 1205 eo
658 1144 867 1205 verisimilius
890 1147 940 1205 est
963 1146 1040 1219 quia
1066 1160 1180 1206 versus
1202 1148 1320 1208 tertius
1344 1155 1479 1211 revocat

205 1271 223 1305 ι.
249 1249 290 1309 25
325 1244 419 1324 »αὐτὴ
443 1242 475 1306 δὲ
497 1243 636 1324 χθαμαλὴ
660 1245 868 1324 πανυπερτάτη
899 1245 944 1306 εἰν
969 1242 1016 1306 ἁλὶ
1039 1249 1161 1308 κεῖται”.
1186 1249 1342 1310 Adiecius
1366 1254 1480 1313 autem

204 1349 375 1424 genetivus
409 1348 541 1422 paulum
576 1348 766 1408 immutavit
800 1363 934 1408 sensum
969 1349 1130 1424 admetiri,
1177 1351 1261 1424 apud
1295 1351 1479 1414 Homerum

204 1453 398 1526 generalem.
432 1450 649 1511 Callimachus
683 1448 888 1528 κουροτρόφον
924 1449 1076 1525 Apollinis
1110 1450 1187 1511 dicit
1224 1452 1368 1513 insulam
1403 1457 1482 1528 quie

205 1550 315 1630 ἔθρεψε
343 1549 395 1612 τὸν
426 1548 592 1610 Ἀπόλλωνα
623 1557 773 1627 κοῦρον
804 1547 885 1627 ὄντα,
909 1552 929 1612 i.
954 1567 982 1612 e.
1006 1550 1110 1629 παῖδα,
1141 1568 1218 1613 nam
1249 1561 1358 1632 κοῦρος
1382 1556 1480 1636 κούρη

204 1652 352 1730 κουρίζειν
393 1653 477 1727 apud
512 1654 659 1712 nostrum
695 1666 938 1725 nonnumquam
975 1653 1117 1713 infantes
1152 1655 1298 1729 spectare
1333 1657 1480 1718 vidimus

204 1755 314 1828 1.ar;
350 1755 406 1814 ΙΙΙ.
432 1756 469 1829 5,
501 1768 604 1826 neque
634 1753 830 1815 luculentius
861 1754 933 1814 eius
963 1755 1009 1840 rei
1042 1756 1134 1815 extat
1164 1756 1352 1831 exemplum
1377 1774 1477 1832 quam

205 1857 346 1917 Latonae
369 1857 409 1917 ad
432 1854 534 1914 tilium
559 1854 701 1914 nondum
726 1856 841 1915 natum
864 1856 1060 1917 exclamatio
1088 1856 1151 1927 (IV.
1177 1857 1252 1926 214)

431 1956 542 2035 „yslvso
566 1955 660 2036 γείνεο
684 1963 783 2034 κοῦρε,
805 1953 855 2015 καὶ
878 1953 966 2033 ἤπιος
990 1954 1067 2029 ἔξιθι
1091 1955 1234 2017 κόλπου”.

248 2059 370 2120 Versus
393 2059 481 2119 tertii
504 2056 578 2117 finis
602 2056 795 2118 documento
819 2072 892 2117 esse
916 2059 1033 2132 potest,
1066 2073 1165 2131 quam
1190 2059 1338 2132 religiose
1362 2064 1478 2135 poetae

205 2163 286 2237 epici
320 2161 514 2221 recentiores
546 2162 617 2219 tum
641 2174 767 2232 quoque
790 2174 866 2219 cum
896 2159 1131 2220 homericarum
1156 2160 1335 2221 formarum
1359 2177 1478 2224 causas

206 2266 239 2324 et
260 2263 403 2323 rationes
434 2262 543 2321 miuus
565 2262 793 2336 perspicerent,
818 2261 992 2321 variandae
1021 2262 1144 2322 formae
1168 2263 1334 2323 licentiam
1358 2263 1478 2326 finibus

205 2364 321 2424 iisdem
344 2363 624 2437 circumscriptam
645 2363 817 2437 servarint,
841 2362 926 2421 intra
957 2377 1038 2435 quos
1062 2363 1101 2422 ab
1129 2363 1271 2423 Homero
1299 2365 1480 2426 adhibitam

206 2466 361 2527 viderent.
396 2465 479 2525 Nam
513 2464 761 2539 praepositionis
792 2461 823 2523 ἐν
851 2465 955 2524 forma
981 2464 1105 2537 longior
1127 2463 1187 2522 εἰν
1211 2480 1286 2525 cum
1312 2466 1423 2527 sexies
1445 2468 1479 2527 in

205 2565 494 2629 Callimacheorum
515 2565 659 2637 reliquiis
679 2565 827 2639 occurrit,
852 2565 967 2637 quater
989 2563 1134 2623 invenies
1158 2564 1190 2623 in
1211 2563 1317 2624 forma
1338 2566 1478 2627 solemni

203 2668 247 2727 εἰν
271 2665 321 2727 eiii
337 2669 401 2740 (IV.
419 2669 455 2741 23
477 2668 605 2742 Ep.19;
626 2666 663 2724 ir.
678 2666 737 2738 50;
751 2666 788 2725 lr.
804 2667 882 2734 209)
904 2664 954 2724 bis
980 2664 1013 2724 in
1038 2663 1176 2724 formula
1196 2663 1239 2723 εἰν
1265 2664 1344 2749 Ἀίδῃ
1358 2667 1424 2742 (Ep.
1439 2669 1476 2741 53

203 2773 257 2846 Ep.
286 2775 335 2831 lo.
361 2771 400 2831 ct.
423 2771 518 2830 Hom.
541 2772 578 2829 ll.
596 2768 671 2828 389.
693 2771 718 2827 l.
741 2768 833 2842 211);
856 2768 942 2828 idem
963 2767 1051 2826 valet
1073 2766 1111 2827 de
1130 2767 1367 2840 praepositione
1392 2763 1477 2846 ὑπὲρ,

202 2888 311 2948 quam,
343 2872 541 2933 homericam
571 2870 744 2931 dictionem
774 2871 917 2944 secutus,
943 2869 1073 2942 scripsit
1095 2866 1211 2946 ὑκείρ
1236 2869 1273 2929 ir.
1300 2871 1364 2930 aia
1391 2867 1477 2948 ὑκεὶρ

202 2972 268 3048 lie,
292 2975 325 3034 et
347 2970 502 3050 ὑπείροχος
525 2972 549 3032 Ι.
575 2968 617 3030 oi
644 2964 676 3040 ²).

247 3074 397 3135 Ceterum
416 3073 514 3133 simul
542 3087 617 3132 cum
642 3073 710 3146 ipso
733 3072 872 3132 Homero
897 3071 1067 3144 diligenter
1090 3070 1250 3144 hymnum
1274 3071 1474 3133 homericum

202 3177 234 3235 in
268 3175 449 3251 Apollinem
486 3189 505 3233 a
532 3176 641 3233 nostro
665 3174 886 3234 consultatum
919 3189 992 3234 esse
1024 3188 1120 3233 nemo
1143 3173 1256 3233 nescit.
1282 3174 1476 3234 Accuratius

202 3278 288 3338 enirn
312 3292 410 3350 quam
435 3291 549 3335 versus
571 3290 669 3348 quem
703 3290 744 3334 ex
773 3274 918 3349 Odyssea
943 3275 1061 3335 adduxi
1086 3274 1237 3335 convenit
1261 3288 1337 3333 cum
1364 3278 1474 3336 nostro

201 3379 309 3454 hymn.
332 3378 368 3436 ia
391 3376 489 3452 Apoll.
516 3377 576 3437 38:

422 3474 472 3536 nol
495 3477 580 3552 Χίος,
602 3473 621 3554 ἢ
644 3476 745 3554 νήσων
769 3476 955 3555 λιτταρώτατη
979 3476 1023 3537 εἰν
1048 3474 1095 3537 riti
1118 3481 1220 3552 κεῖται,

200 3582 303 3641 sumit
333 3596 374 3641 ex
405 3578 549 3639 eiusdem
582 3580 695 3653 hymni
726 3581 857 3640 exordio
890 3584 949 3649 (vs.
977 3580 1028 3648 19)
1057 3579 1220 3653 epitheton
1245 3575 1421 3655 εὔομνος
1443 3585 1477 3640 et

200 3683 380 3743 solemnem
403 3681 578 3741 formulam
605 3696 624 3740 a
648 3696 712 3754 qua
735 3681 847 3756 incipit
870 3681 942 3741 ille:

423 3782 573 3861 μνήσομαι
596 3778 667 3842 οὐδὲ
691 3781 830 3859 λάθωμαι
855 3781 1034 3853 Ἀπόλλωνος
1058 3779 1172 3841 ἑκάτοιο

199 3888 292 3947 ornat
315 3886 348 3944 et
371 3887 468 3958 auget
493 3884 639 3944 versibus
665 3886 682 3943 i
707 3885 740 3943 et
764 3884 794 3943 8.
1318 3934 1320 3936 ,

244 3987 298 4047 VS.
325 3989 355 4047 ὅ.
379 3983 414 4045 τά
437 3994 538 4064 πρῶτα
561 3982 706 4062 φέρεσθαι
730 3985 792 4045 alio
816 4000 913 4045 sensu
939 3985 1060 4044 dictum
1082 4000 1120 4045 ac
1148 3987 1186 4043 Ψ.
1204 3986 1267 4045 538
1296 3983 1350 4061 „sd
1373 3995 1474 4064 πρῶτα

234 4240 254 4307 ¹)
272 4243 379 4290 Versum
403 4243 515 4301 primum
539 4242 575 4287 ita
593 4242 716 4301 exscripsi
730 4245 760 4288 nt
778 4241 967 4289 emendandum
985 4245 1107 4303 proposui
1129 4243 1216 4290 Maera.
1235 4243 1280 4290 IX,
1300 4245 1373 4298 1891,
1391 4257 1417 4303 p.
1434 4246 1473 4290 69.

199 4323 309 4371 Uberius
335 4322 367 4368 de
391 4322 439 4368 hoc
463 4333 538 4367 versu
562 4321 613 4367 iam
632 4321 790 4368 disseruerat
808 4322 832 4368 J.
851 4323 967 4373 Vesana.
985 4324 1010 4368 in
1024 4338 1107 4385 propr.
1131 4321 1238 4370 Univere.
1257 4321 1397 4369 Fra-duit.
1416 4323 1474 4368 anni

201 4404 278 4458 18893
304 4401 373 4461 qnod
398 4414 562 4461 programma
588 4405 677 4460 postea
703 4401 805 4448 demum
831 4402 856 4447 in
879 4415 971 4448 manns
989 4403 1106 4461 pervenit
1123 4416 1202 4450 meas.
1227 4402 1281 4448 Non
1304 4404 1391 4448 tamen
1416 4414 1472 4448 con·

199 4482 289 4529 cedere
303 4494 408 4540 possum
423 4482 477 4526 viro
496 4481 638 4526 clarissimo
655 4481 793 4539 legendnm
810 4493 866 4526 esse
884 4480 910 4526 id
928 4481 997 4539 qnod
1013 4481 1069 4540 ipse
1084 4482 1206 4528 eonieoit:
1227 4480 1284 4539 ,τὴν
1299 4479 1362 4543 inpie
1376 4477 1395 4527 ὦ
1409 4482 1473 4538 θυμὲ

199 4565 249 4608 τίνα
266 4564 352 4625 χρόνον
374 4556 421 4616 ri’c
437 4560 488 4605 πότ’
508 4561 623 4613 deterre?

231 4636 252 4700 ²)
270 4640 307 4687 Oi.
327 4640 393 4685 infra
412 4638 444 4684 ad
461 4639 496 4684 ΙΙ.
516 4640 555 4685 60.
