3320 5432
81 553 118 614 H.
140 553 179 613 14
660 551 723 612 195

81 757 169 816 quem
189 743 296 817 potius
315 757 432 818 sequar
450 758 549 817 quarn
561 741 790 804 Leeuwenium
808 742 842 802 in
858 741 1105 803 accuratissima
1124 741 1163 802 de
1175 737 1338 801 homerico

82 844 168 928 verbo
192 839 305 921 μέλλειν
328 843 561 920 disquisitione,
585 859 667 918 quae
690 843 808 916 iegitur
834 841 960 904 Euchir.
984 858 1014 918 p.
1039 845 1102 905 art
1126 857 1191 918 sqq.
1216 841 1256 902 Et
1278 841 1337 916 pri·

82 961 164 1006 mum
195 946 325 1019 quidem
356 947 395 1007 de
423 945 611 1007 Callimachi
642 945 773 1019 hymnis
795 945 900 1006 dicere
922 945 1032 1006 licebit
1054 945 1138 1019 quod
1161 943 1276 1005 statuit
1299 943 1338 1003 de

82 1047 215 1108 Homero
238 1047 287 1107 vir
309 1048 527 1109 clarissimus:
552 1062 731 1121 numquam
752 1047 920 1108 cunctandi
941 1047 1105 1109 notionem
1125 1047 1169 1107 ihi
1180 1043 1212 1106 τὸ
1225 1041 1339 1123 μέλλειν

81 1149 202 1210 iudicat.
233 1148 343 1223 Neque
374 1150 480 1224 magis
506 1149 646 1211 occurrit
673 1148 908 1224 significatione
930 1156 983 1208 τοῦ
1013 1145 1149 1225 ἐοικέναι,
1176 1148 1339 1221 adquam

81 1252 282 1312 Aristarchus
316 1252 366 1322 (cf.
399 1251 499 1312 Lehre
529 1267 558 1326 p.
587 1251 659 1320 121)
693 1249 841 1324 inprimis
872 1250 1039 1311 attendere
1068 1250 1202 1311 solebat.
1238 1248 1339 1321 saepe

82 1366 159 1428 vero,
190 1366 323 1428 prorsus
353 1353 466 1413 eodem
498 1352 592 1413 modo
623 1365 685 1424 quo
717 1351 888 1427 Homerus,
915 1351 1141 1426 imperfectum
1172 1348 1270 1426 ἔμελλε
1298 1379 1339 1392 -

81 1452 176 1514 semel
196 1452 259 1525 (IV.
280 1453 334 1523 58)
352 1449 466 1530 ἤμελλε,
484 1453 568 1526 quod
587 1466 750 1526 nusquam
770 1452 853 1526 apud
874 1451 1053 1513 Homerum
1068 1487 1108 1496 -
1128 1451 1259 1513 adhibet
1281 1449 1339 1526 ,ad

80 1553 260 1615 indicandas
289 1569 342 1615 res
370 1569 452 1628 quae
482 1554 610 1615 futurae
637 1555 739 1628 erant,
764 1553 815 1614 vel
839 1554 1002 1628 expectari
1024 1556 1173 1629 poterant
1195 1555 1340 1628 tempore

81 1655 199 1730 dequo
221 1657 316 1731 poeta
336 1655 508 1729 loquitur”.
533 1656 639 1728 Atque
661 1669 700 1714 eo
726 1668 825 1714 sensu
848 1653 1037 1729 plerumque
1060 1657 1098 1715 ut
1116 1656 1244 1716 videtur
1266 1667 1341 1714 cum

80 1757 182 1819 futuro
212 1757 348 1818 verbum
379 1757 563 1818 coniunxit:
594 1757 618 1816 1.
647 1757 689 1816 20
720 1751 821 1833 μέλλεν
852 1750 885 1815 δέ
918 1751 981 1834 μάλ’
1018 1753 1144 1836 εὔυδρος
1174 1751 1343 1829 καλέεσθαι,

80 1858 133 1919 ΙΙΙ.
157 1859 222 1919 255
245 1855 282 1918 οὐ
305 1855 361 1937 γὰρ
391 1854 488 1935 ἔμελλε
509 1855 673 1935 νοστήσειν,
695 1856 748 1918 IV.
775 1858 837 1918 134
858 1853 959 1935 μέλλεν
983 1855 1134 1937 ἐμβαλέειν
1156 1852 1187 1930 ¹).
1211 1856 1343 1919 Duobus

80 1962 186 2020 autem
205 1959 285 2021 locis
304 1959 418 2020 eadem
437 1956 682 2035 significatione,
706 1960 884 2020 secundum
912 1960 1095 2021 Atticorum
1119 1962 1224 2034 magis
1244 1972 1343 2033 quam

80 2059 210 2122 Homeri
231 2060 508 2136 consuetudinem,
532 2061 630 2121 verbo
652 2055 766 2137 μέλλειν
785 2060 981 2122 infinitivum
1000 2063 1181 2137 praesentis
1204 2060 1341 2122 addidit:

79 2162 129 2223 IV.
152 2163 218 2223 215
245 2159 321 2239 ,οὐκ
354 2157 397 2242 dp’
431 2159 544 2239 ἔμελλες
578 2157 708 2233 ὀλττυστος
739 2159 795 2238 δὴν
819 2159 940 2239 ἔμεναι”
968 2164 1002 2224 et
1023 2163 1077 2225 IV.
1105 2164 1166 2224 129
1194 2159 1344 2240 ,μέλλοιμι

80 2261 201 2341 ἔρραν’.
221 2264 311 2326 Haeo
327 2262 452 2325 dicendi
470 2263 551 2324 ratio
572 2277 647 2324 cum
667 2263 755 2337 epico
768 2277 916 2324 sermone
928 2265 1179 2326 non-videbatur
1190 2278 1342 2339 pugnare.

79 2365 163 2428 Solet
185 2381 266 2428 sane
289 2366 383 2427 hodie
405 2365 544 2427 dubitari
573 2366 612 2426 de
634 2364 781 2426 lectionis
805 2366 991 2427 sinceritate
1014 2367 1047 2427 in
1071 2368 1112 2428 iis
1135 2367 1214 2428 locis
1238 2368 1344 2427 horne·

78 2468 149 2527 ricis
161 2468 218 2528 ubi
230 2469 327 2528 hocce
340 2466 435 2527 modo
448 2463 544 2543 ἔμελλε
556 2481 631 2527 oum
644 2466 824 2541 praesentis
837 2466 951 2528 formis
963 2469 1172 2531 coniunctum
1186 2469 1343 2550 videmus.

78 2569 128 2646 nt,
151 2571 275 2646 opinor,
298 2584 362 2630 non
385 2569 545 2630 dubitavit
564 2571 684 2646 noster,
706 2584 781 2630 cum
805 2568 926 2645 legeret
947 2572 981 2632 in
1000 2571 1162 2634 codicibus
1181 2571 1250 2631 suis
1266 2568 1344 2630 194

78 2668 195 2748 ἔμελλον
239 2671 382 2751 εἴρεσθαι,
416 2673 472 2731 aut
505 2692 524 2728 ι.
553 2671 617 2734 475
652 2667 766 2748 ἔμελλες
808 2668 937 2749 ἔδμεναι,
970 2675 1047 2746 quin
1077 2674 1146 2734 iure
1177 2687 1235 2733 suo
1266 2672 1346 2732 haec

77 2773 122 2833 ita
154 2775 192 2833 ut
226 2788 312 2834 nuuc
346 2772 496 2833 videmus
527 2771 719 2833 imitaretur.
752 2772 847 2834 Haud
877 2773 924 2833 ita
955 2775 1097 2835 muitum
1127 2775 1214 2836 enim
1244 2773 1345 2835 distat

78 2875 163 2936 verbi
188 2874 297 2934 visin
321 2874 409 2935 hisce
433 2872 621 2935 callimachi
644 2873 793 2940 versibus
815 2875 855 2935 ab
879 2876 1028 2951 exemplo
1047 2877 1220 2952 homerico,
1240 2889 1345 2948 neque

78 2975 260 3037 conferendi
290 2977 368 3037 sunt
393 2976 417 3036 ii
447 2975 509 3036 loci
539 2990 614 3036 cum
648 2975 781 3036 Homeri
812 2977 960 3038 versibus
983 3001 1010 3037 α.
1036 2980 1117 3054 232;
1142 2993 1167 3037 o.
1194 2978 1266 3053 138,
1291 2974 1346 3036 ubi

78 3077 197 3138 indicat
228 3073 262 3136 τὸ
292 3073 406 3154 μέλλειν
434 3076 465 3137 id
496 3078 579 3150 quod
610 3077 678 3138 veri
705 3077 813 3139 simile
836 3081 896 3140 est.
923 3077 1062 3141 Causam
1086 3081 1173 3142 enim
1196 3080 1346 3141 idoneam

77 3193 139 3239 non
170 3177 267 3239 video
296 3193 354 3238 cur
383 3179 536 3254 putemus
567 3180 697 3239 tantum
721 3195 741 3239 a
763 3195 839 3240 vero
863 3180 1030 3242 aberrasse
1055 3180 1290 3243 callimachum
1310 3181 1348 3238 ut

76 3279 128 3341 IV.
154 3279 221 3340 215
252 3279 384 3340 reddere
414 3278 551 3340 voluerit
573 3300 601 3338 α.
626 3279 689 3338 232
724 3276 844 3357 ,μέλλεν
875 3277 930 3358 μέν
952 3301 1022 3341 crore
1045 3275 1126 3354 οἶκος
1149 3277 1195 3342 ὅδ’
1222 3277 1346 3357 ἀφνειὸς

78 3377 126 3440 καὶ
149 3377 280 3458 ἀμύμων
302 3376 456 3457 ἔμμεναι”.

120 3483 230 3544 Immo
260 3497 301 3542 ne
324 3495 362 3543 eo
385 3480 515 3555 quidem
538 3483 649 3542 contra
672 3481 806 3542 Homeri
828 3483 1002 3544 dictionem
1029 3500 1065 3544 se
1097 3499 1249 3560 peccasse
1277 3498 1346 3544 con·

80 3585 179 3661 cedet,
209 3583 294 3659 quod
324 3584 363 3644 de
386 3598 421 3643 re
443 3582 552 3643 future
575 3583 705 3657 scripsit
734 3582 788 3644 IV.
814 3585 855 3643 58
883 3581 978 3661 ,Ζηνλ
997 3589 1090 3645 τεκεῖν
1113 3582 1249 3664 ἣμελλε”,
1271 3599 1349 3645 nam

80 3687 191 3747 extare
217 3685 385 3745 videbatur
407 3683 483 3743 talis
506 3698 585 3744 usus
605 3683 792 3758 exemplum
812 3687 848 3743 Σ.
861 3686 903 3745 98
927 3683 1065 3762 ,ἔμελλον
1088 3685 1269 3765 έααμῦναι”.
1293 3685 1349 3746 Ta·

80 3801 154 3847 men
173 3787 228 3848 hic
247 3787 378 3860 quidem
398 3800 461 3846 uon
482 3785 622 3845 Homero
643 3788 773 3847 auctore
786 3801 866 3846 usus
879 3789 938 3848 est.
952 3789 1069 3862 arguit
1081 3793 1294 3865 augmentum
1307 3784 1351 3866 ἠ-,

80 3887 119 3947 ab
153 3888 257 3962 epica,
292 3888 369 3960 quin
403 3887 503 3947 etiam
538 3901 558 3946 a
591 3887 714 3960 tragica
748 3889 887 3950 dictione
918 3889 1072 3967 alienum,
1102 3893 1155 3952 hic
1186 3894 1350 3967 spectasse

80 3992 231 4050 nostrum
255 3987 388 4048 Hesiodi
411 4002 541 4048 versum
570 3986 676 4062 Theop.
698 3989 773 4066 478,
797 3991 852 4064 qui
871 3991 985 4051 multis
1005 3991 1072 4053 iam
1090 3993 1153 4054 iuit
1171 3992 1350 4067 offensioni,

85 4085 206 4166 ,ὁππότ’
232 4083 277 4169 iip’
303 4085 465 4149 ὁπλότατον
488 4087 605 4148 παίδων
628 4085 767 4166 ἤμελλε
789 4088 1007 4151 τεκέσθαι”.

125 4193 246 4254 Restat
269 4206 383 4252 versus
406 4191 446 4252 11.
471 4192 521 4266 14,
545 4191 600 4264 qui
623 4191 656 4249 iu
681 4192 798 4252 ceteris
817 4194 967 4254 convenit
987 4209 1062 4254 cum
1082 4195 1254 4256 homericis
1273 4195 1353 4255 locis

82 4292 119 4354 de
139 4295 260 4369 quibus
279 4293 433 4369 diximus,
454 4293 514 4352 hac
533 4294 663 4353 tantum
684 4308 717 4353 re
736 4293 897 4369 discrepat
917 4297 1000 4369 quod
1020 4311 1059 4357 ea
1075 4295 1307 4370 significatione
1319 4297 1353 4357 in

83 4395 220 4457 Homeri
238 4394 436 4455 carminibus
456 4393 544 4454 verbi
563 4389 676 4470 μέλλειν
696 4395 922 4469 imperfectum
941 4397 1025 4459 solet
1039 4399 1193 4474 adhiberi,
1213 4399 1265 4458 hic
1278 4413 1353 4458 vero

83 4512 240 4571 praesens
260 4498 390 4571 tempus
409 4494 536 4570 iegitur.
556 4495 621 4555 Vix
639 4496 752 4571 culpae
772 4497 929 4559 obnoxius
944 4502 1072 4575 propter
1084 4516 1157 4561 eam
1169 4501 1354 4562 libertatem

117 4725 533 4790 1)1110111011110011111111101111
551 4730 669 4792 sequenti
686 4732 809 4778 correctio
829 4732 1006 4799 ,dnenpbpffl
1024 4749 1070 4796 pro
1089 4735 1192 4796 vulgato
1211 4739 1356 4804 ἀποκρύψαι.
1426 4729 1427 4734 ’
