3104 5296
820 469 882 528 124
1272 475 1325 535 IV.
1351 476 1477 534 51-57

215 661 304 736 poesi
331 660 416 721 coiit.
447 660 531 720 Nam
559 660 642 733 quod
672 656 839 738 ύττὲσγες
871 661 963 737 dixit,
986 661 1029 737 id,
1053 662 1201 737 niiallor,
1228 663 1343 722 natum
1367 663 1484 722 estex

214 762 356 836 imagine
379 777 477 836 quarn
501 761 654 822 scribenti
676 763 789 836 poetae
809 763 956 837 praebuit
975 764 1088 837 hymni
1107 764 1263 825 homerici
1283 777 1399 823 versus
1421 763 1484 823 118

214 861 334 940 μείδησε
361 858 393 921 dl
415 857 477 941 γαῖ’
511 861 685 943 ὑπένερθεν.
712 896 751 906 -
776 854 899 935 οὖδας
932 867 1043 925 nubem
1074 866 1160 926 idem
1184 868 1279 941 poeta
1302 865 1486 925 Homerum

215 969 244 1035 (ι.
271 966 344 1034 135)
380 967 512 1026 secutus
546 966 585 1026 de
612 964 683 1025 Deli
712 965 781 1026 solo
813 980 861 1026 vs.
890 968 932 1026 60
956 967 1099 1028 dixerat:
1127 964 1208 1043 ,inci
1231 963 1313 1027 σύτσι
1336 970 1410 1044 κῖαρ
1433 959 1484 1025 ύττ’

215 1055 340 1136 σύδας”.
372 1067 527 1128 Attamen
557 1083 632 1128 cum
663 1067 821 1128 eiusmodi
845 1068 1013 1129 adiectivis
1037 1069 1131 1143 quale
1155 1071 1206 1130 est
1240 1064 1405 1148 γενέθλιος,
1430 1087 1489 1126 τινι-

215 1177 318 1251 τρῷσς,
358 1169 474 1243 quibus
516 1170 544 1229 si
581 1171 715 1230 ornatur
745 1160 848 1246 οὖδας,
880 1171 947 1231 iam
980 1171 1061 1231 nihil
1096 1171 1196 1231 distat
1230 1187 1249 1231 a
1279 1169 1490 1230 substantivo

215 1273 295 1348 γαῖα,
321 1270 485 1331 Homerus
508 1271 587 1332 iliud
615 1287 734 1333 nomen
757 1288 820 1334 non
844 1274 1064 1334 coniunxerat.
1089 1273 1215 1346 Tragici
1237 1271 1316 1332 talia
1338 1271 1490 1331 iecerunt

216 1387 354 1446 quorum
376 1387 502 1446 quoque
525 1375 576 1434 est
598 1370 759 1453 γενέθλιος.
782 1374 894 1435 Merito
922 1375 1020 1448 igitur
1042 1374 1188 1435 conferas
1208 1372 1407 1446 Aeschylum
1433 1372 1491 1447 qui

216 1474 331 1548 Adam.
346 1475 410 1535 503
434 1484 589 1558 ,amedeo
608 1465 702 1547 οὖδας
725 1475 852 1554 Ἀργείας
872 1474 1003 1554 γθονδς”
1028 1476 1110 1536 dixit
1134 1477 1167 1537 et
1191 1475 1284 1535 Eum.
1309 1474 1373 1533 293
1398 1472 1492 1551 ,Tpl-

118 1590 120 1592 ·
216 1597 309 1647 τωνσς
329 1572 407 1652 ἀμφὶ
425 1583 519 1654 χεῦμα
537 1575 753 1655 γενεθλίου
771 1575 899 1657 σκόροδ’.
921 1577 1019 1639 Ouius
1038 1580 1143 1639 artem
1163 1576 1255 1650 sequi
1267 1577 1420 1635 nostrum
1437 1576 1489 1635 do·

218 1678 286 1738 cuit
310 1679 474 1753 Lycopbro
500 1692 595 1738 versu
622 1679 705 1738 1194
729 1678 855 1739 Thebas
878 1677 1036 1758 γενεθλίιιν
1058 1678 1157 1738 ataine
1179 1679 1266 1740 lovis
1284 1674 1490 1752 nuncupans.

262 1781 386 1841 lterum
405 1779 588 1840 homericae
606 1781 756 1840 dictionis
779 1779 860 1842 fines
887 1782 1069 1855 transgredi
1091 1781 1254 1855 putandus
1277 1780 1383 1840 estin
1409 1794 1491 1840 voce

218 1881 394 1956 κεύθεσι,
419 1881 448 1941 si
471 1881 549 1944 oiim
568 1883 655 1942 reete
675 1883 735 1942 boe
754 1897 810 1957 pro
830 1882 970 1960 κύμασιν,
988 1884 1071 1957 quod
1092 1898 1170 1944 sane
1184 1883 1325 1957 languet,
1346 1882 1491 1943 restitui.

219 1985 382 2045 Homerus
405 1983 492 2043 enim
511 1981 597 2061 γαίης
621 1985 750 2043 tantum
773 1983 886 2044 κεύθεα
908 1987 1053 2061 noverat,
1084 2000 1189 2058 neque
1213 1984 1311 2045 ceteri
1331 1983 1492 2058 antiquio·

219 2101 272 2147 res
302 2086 416 2159 poetae
445 2084 478 2143 in
510 2084 570 2144 bac
598 2100 632 2145 re
656 2085 695 2144 ab
720 2099 756 2145 eo
780 2085 958 2146 discedunt.
984 2085 1194 2146 Alexandrini
1218 2100 1293 2146 vero
1317 2085 1384 2144 iam
1409 2084 1494 2145 talia

220 2187 335 2247 leniter
366 2186 491 2246 variare
521 2185 685 2262 adamant,
708 2186 804 2260 idque
834 2186 986 2248 hocloco
1013 2203 1131 2249 ausum
1155 2202 1228 2248 esse
1251 2188 1398 2247 nostrum
1426 2201 1493 2248 non

219 2287 440 2362 improbabile,
459 2287 612 2360 quoniam
636 2287 799 2362 Oppianus
823 2288 1062 2350 Alexandrinae
1084 2304 1219 2364 poeseos
1243 2288 1394 2349 assiduus
1420 2288 1492 2348 imi·

219 2392 306 2450 tator
335 2390 404 2463 ipse
434 2404 560 2463 quoque
587 2389 718 2466 ,κεύθεα
739 2388 1211 2451 nimov‘'dixitHciieui.1V.
1236 2391 1311 2451 607.
1340 2389 1491 2450 Alteram

220 2495 359 2555 formam
382 2491 515 2571 κεσύμδς
538 2493 683 2554 adhibuit
707 2492 923 2554 Callimachus
946 2494 971 2554 1.
997 2495 1049 2554 34.

264 2594 319 2656 Vs.
341 2597 382 2655 55
402 2592 618 2674 ὑπέτρεσας
638 2610 713 2655 cum
732 2596 917 2657 accusativo
938 2596 1112 2672 coniungit,
1130 2595 1214 2668 quod
1226 2594 1329 2655 semel
1341 2595 1374 2654 in
1386 2593 1492 2656 Iliade

219 2697 358 2758 occurrit
388 2699 419 2758 P.
444 2699 507 2758 587
535 2687 619 2773 ,olcv
647 2693 685 2772 riq
710 2693 868 2756 Μενέλαον
890 2693 1083 2775 ύττέτρεσας”,
1111 2711 1209 2769 quem
1234 2710 1366 2756 versum
1401 2711 1491 2770 spec·

219 2799 282 2858 tari
313 2797 552 2860 adallimacho
576 2799 652 2859 ordo
676 2798 847 2859 verborum
878 2798 1089 2859 demonstrat.
1113 2797 1224 2871 Neque
1247 2797 1358 2857 minus
1380 2797 1492 2858 home·

219 2900 323 2961 riuum
346 2902 441 2961 sonat
463 2899 543 2960 illud
566 2896 702 2958 δεινδν
726 2896 993 2979 ἐττεβρωμᾶτσ,
1018 2914 1094 2960 cum
1118 2899 1314 2960 adiectivum
1336 2896 1438 2957 δεινὸν
1458 2899 1493 2959 in

220 3001 325 3076 prima
357 3001 434 3062 sede
464 3001 511 3061 ita
533 3016 651 3075 ponere
674 3003 765 3062 amet
786 3001 960 3078 Homerus,
988 3003 1021 3062 et
1045 3000 1179 3061 verbum
1205 3014 1404 3074 quamquam
1429 3001 1491 3061 He

220 3118 310 3164 mero
344 3103 546 3176 incognitum
577 3118 618 3163 ex
646 3099 812 3182 ἐκιβρέμειν
836 3118 926 3164 more
949 3102 1112 3164 homerico
1136 3102 1313 3162 formatum
1337 3101 1391 3162 sit.
1417 3101 1493 3176 ugit

221 3208 369 3266 accurate
390 3206 429 3265 de
448 3206 632 3266 huiusmodi
651 3204 757 3265 verbis
770 3205 803 3265 ei
814 3205 853 3266 de
865 3205 925 3266 hoe
939 3220 1035 3265 versu
1047 3204 1270 3278 Schneiderus;
1283 3202 1410 3264 restant
1422 3205 1492 3263 tan·

220 3311 292 3368 tum
313 3308 447 3369 dicenda
464 3321 567 3382 pauca
588 3307 626 3366 de
646 3306 796 3367 adverbio
817 3304 1049 3384 διακριδόν;
1068 3321 1146 3366 nam
1171 3305 1266 3366 verbo
1279 3302 1493 3365 notaresuffl-

221 3409 266 3470 cit
289 3405 474 3488 ἐκφέρειν
495 3407 579 3482 quod
599 3407 695 3481 vulgo
707 3408 815 3468 maius
826 3408 902 3481 quid
915 3423 1014 3481 quam
1027 3408 1217 3482 simpliciter
1230 3405 1336 3466 τίκτειν
1348 3406 1492 3466 indicare

222 3512 314 3589 solet,
347 3511 399 3572 vel
429 3511 468 3571 de
499 3511 586 3569 terra
608 3509 716 3583 potius
741 3509 858 3570 dicitur
881 3509 990 3582 fruges
1014 3509 1176 3570 efferente.
1201 3505 1355 3585 διακριδὸν
1378 3510 1492 3568 autem

222 3615 385 3675 Homerus
419 3612 474 3686 qui
509 3611 559 3671 bis
594 3611 739 3671 adhibuit
774 3613 832 3682 (M.
867 3612 946 3685 1033
982 3611 1016 3672 Ο.
1044 3612 1118 3681 108)
1145 3611 1178 3671 in
1212 3611 1331 3671 bonam
1360 3610 1492 3669 tantum

220 3716 347 3792 partem
383 3714 499 3789 accipit
526 3728 717 3788 semperque
751 3712 986 3787 superlativum
1018 3713 1116 3773 adicit
1153 3712 1266 3773 eodem
1293 3711 1360 3771 iere
1395 3712 1493 3772 modo
1532 3789 1536 3794 .

221 3819 318 3890 atque
350 3812 434 3893 ἔξοχα
466 3814 516 3884 (ci.
545 3814 661 3875 Herod.
687 3813 740 3874 IV.
766 3815 830 3889 53),
854 3828 951 3886 quem
976 3828 1073 3873 usum
1096 3812 1267 3874 confirmat
1289 3813 1493 3886 Hesychius:

225 3916 406 3997 ,drenpcdbu
439 3912 454 3975 ὀ
486 3913 518 3975 ἐν
542 3915 685 3995 διακρίσει
708 3912 901 3995 ύριστσς”.
925 3915 1106 3975 Simonides
1129 3914 1326 3988 Amorginus
1349 3929 1426 3974 eum
1454 3916 1492 3975 de

221 4020 397 4080 mulierum
420 4034 537 4093 genere
561 4035 579 4080 e
601 4019 707 4079 simiis
730 4019 807 4078 nato
831 4017 913 4077 dixit
937 4017 985 4087 (ir.
1011 4018 1040 4078 7.
1066 4018 1119 4088 71)
1147 4024 1251 4093 ,eoem
1275 4013 1313 4092 δὴ
1337 4014 1493 4094 διακριδὸν

223 4120 299 4193 Ζεύς
330 4118 474 4201 ἀνδράσιν
504 4118 639 4200 μέγιστον
673 4117 791 4179 ύτινσεν
822 4119 936 4178 κακὸν”
969 4121 1026 4179 aut
1052 4119 1118 4179 iam
1142 4119 1274 4179 deflexit
1296 4118 1336 4177 ab
1360 4118 1493 4192 antiquo

222 4239 283 4286 usu
307 4224 364 4284 aut
388 4223 534 4284 consulto
558 4224 656 4296 atque
679 4221 782 4282 ironia
804 4220 944 4296 quadam
968 4236 1049 4281 usus
1068 4221 1256 4282 adverbium
1272 4220 1320 4279 ita
1335 4220 1492 4281 adhibuit.

222 4328 267 4388 At
302 4325 519 4387 Callimachus
554 4327 588 4386 et
618 4324 771 4399 aequales
801 4325 973 4396 utramque
997 4338 1067 4383 rem
1090 4323 1265 4396 neglegunt
1288 4336 1364 4382 cum
1388 4337 1492 4397 neque

222 4430 256 4489 in
279 4428 396 4490 bonam
418 4431 514 4490 modo
538 4430 665 4504 partem
689 4427 851 4501 accipiunt
873 4440 977 4499 neque
1005 4424 1242 4499 superlativum
1262 4422 1416 4483 adiciunt.
1443 4422 1493 4483 lta

224 4547 349 4606 quoque
385 4531 575 4607 Apollonius
606 4529 760 4590 Rhodius,
789 4527 843 4588 IV.
870 4529 930 4587 721
960 4524 1132 4604 ,ναυτιλίην
1157 4520 1189 4584 δὲ
1212 4521 1368 4604 διακριδὸν
1403 4519 1493 4603 ἐξερί-

225 4635 313 4693 εινε”.
336 4668 378 4676 -
403 4633 480 4694 Rari
516 4635 628 4694 autem
660 4631 777 4693 erroris
808 4629 1010 4691 convincitur
1041 4627 1258 4689 Callimachus
1281 4624 1493 4700 comparativi
