3320 5432
97 543 142 603 [V.
168 544 337 605 rot-159
689 547 750 608 14?

96 734 189 794 forma
210 735 314 796 semel
337 735 476 796 occurrit
497 734 531 794 in
554 733 696 795 Homero
720 735 848 804 11218)
872 749 976 808 neque
999 737 1232 811 significatione
1256 743 1349 817 aptis·

95 836 206 897 simum
218 837 258 897 ad
277 838 356 898 deae
375 837 438 897 iter
456 835 662 896 indicandum
683 850 765 909 quae
785 850 875 896 mare
896 839 1059 914 pervadit;
1080 841 1180 902 simul
1192 858 1251 903 suo
1263 859 1353 904 more

97 937 220 998 verbum
252 938 403 999 movendi
434 953 509 999 cum
532 937 719 999 accusativo
743 937 813 998 sine
835 940 1071 1013 praepositione
1094 943 1207 1018 iungit.
1231 944 1351 1005 Eadem

94 1039 207 1100 ratione
249 1040 367 1101 ductus
408 1042 466 1101 aut
506 1040 575 1116 ipse
618 1040 782 1116 formavit,
824 1042 882 1101 aut
916 1041 955 1101 ab
990 1042 1052 1103 alio
1087 1047 1200 1116 gratus
1232 1047 1355 1121 recepit

94 1138 302 1217 rivaiidoq,
331 1142 568 1214 quodammodo
592 1141 777 1202 aemulatus
799 1141 938 1201 Aratum
967 1144 1021 1215 qui
1052 1143 1179 1215 (Phaon.
1204 1146 1354 1216 918111-

94 1241 201 1302 iectivo
218 1242 398 1316 elegantius
418 1243 595 1317 composito
608 1243 736 1319 dixerat
762 1241 1029 1318 ,εἰοαλιδῐνοι
1048 1243 1200 1308 οἵθοιοι”.
1214 1249 1275 1310 Sed
1289 1249 1354 1310 vul·

94 1343 247 1414 gatiorum
277 1343 508 1405 adiectivorum
538 1344 607 1404 loco
630 1343 709 1404 talia
731 1343 877 1404 derivata
899 1343 1090 1418 placuerunt
1113 1350 1354 1426 recentioribus,

93 1445 143 1518 qui
173 1445 286 1506 eodem
321 1446 417 1507 modo
447 1461 502 1520 pro
530 1446 688 1506 adiectivo
720 1443 860 1522 οὐράνιος
891 1445 1072 1508 formarunt
1102 1447 1225 1529 οὐραοίς
1250 1451 1354 1522 (Antii.

94 1545 156 1606 XV.
180 1549 198 1607 5
234 1544 390 1625 οὐρονίδες
421 1548 549 1618 esteroi).
573 1547 613 1607 nt
636 1547 797 1607 habebant
820 1547 937 1621 quibus
959 1563 995 1608 se
1018 1549 1235 1612 defenderent.
1260 1553 1355 1613 Exta·

92 1647 143 1708 bat
174 1650 242 1711 iam
284 1649 339 1710 diu
372 1645 487 1729 ἕοπερὶς
521 1664 578 1724 pro
612 1648 771 1710 adlectivo
805 1644 937 1726 ἑσπέριος
968 1649 1092 1711 dictum
1123 1667 1183 1712 neo
1213 1654 1354 1715 multum

92 1749 179 1810 abest
215 1757 319 1828 ,τιμῆς
350 1750 542 1830 percipio&
576 1753 608 1810 Z.
634 1751 707 1812 193.
740 1749 866 1827 Quanta
889 1752 1001 1811 autem
1025 1767 1138 1813 earum
1165 1754 1355 1831 formarum,

92 1852 277 1924 praesertim
312 1852 345 1912 in
378 1852 494 1927 plurali
523 1867 669 1928 numero,
697 1852 824 1913 utilitas
854 1851 898 1912 sit
929 1852 962 1912 in
986 1852 1165 1931 dactylicis,
1188 1871 1252 1916 non
1276 1872 1356 1932 opus

93 1955 139 2013 est
160 1954 392 2016 demonstrare.
417 1954 567 2015 Ceterum
591 1954 727 2014 conferri
750 1957 887 2028 possunt
909 1967 992 2027 quae
1014 1954 1082 2014 dixi
1105 1970 1175 2029 pag.
1202 1958 1253 2017 12.

131 2055 259 2117 Dixeris
289 2057 434 2118 eiusdem
465 2056 645 2131 elegantiae
672 2056 839 2130 quaesitae
862 2071 1007 2116 amorem
1027 2057 1183 2119 incitasse
1207 2061 1355 2119 nostrum

92 2157 125 2216 ut
145 2157 346 2218 Echinadum
369 2159 481 2233 portus
507 2154 695 2235 ,irrupto
719 2155 863 2236 ὅρμον”
884 2157 1093 2233 praedicaret,
1114 2159 1256 2233 epitheto
1276 2159 1357 2220 nulli

91 2258 221 2319 navium
256 2259 389 2320 stationi
422 2259 574 2333 quamvis
604 2260 695 2320 tutae
723 2258 888 2330 bonaeque
920 2259 1013 2319 valde
1042 2259 1156 2320 idoneo
1183 2254 1213 2330 ¹).
1242 2261 1356 2322 Exem·

90 2358 176 2432 plum
204 2361 235 2421 ei
257 2360 405 2436 praebuit
426 2361 569 2435 hymnus
591 2375 689 2434 quem
712 2359 744 2419 in
768 2361 828 2420 hoc
851 2359 994 2420 carmine
1024 2364 1241 2435 componendo
1265 2380 1356 2425 num·

89 2475 184 2534 quam
197 2479 214 2524 e
227 2463 379 2523 manibus
390 2462 547 2537 deposuit,
560 2463 720 2536 hymnum
733 2461 933 2521 homericum
945 2461 980 2520 in
992 2461 1166 2536 Apollinem
1174 2464 1255 2541 dico,
1264 2465 1357 2525 cuius

88 2565 180 2636 poeta
203 2580 252 2626 vs.
278 2565 319 2624 38
344 2561 458 2623 Chium
481 2563 671 2624 laudaverat
697 2557 734 2639 ,ἣ
758 2560 859 2638 νήσων
882 2561 1067 2640 λιπαρωτάτη
1091 2562 1135 2622 εἰν
1162 2559 1211 2623 ἁλὶ
1233 2568 1356 2626 κεῖται”.

89 2663 158 2725 Mox
181 2666 291 2742 aptius
312 2665 545 2726 Callimachum
566 2667 650 2726 hunc
670 2680 802 2725 versum
821 2663 944 2724 imitari
965 2663 1088 2725 videbis
1108 2680 1183 2725 oum
1207 2670 1266 2736 (vs.
1283 2669 1356 2737 164)

88 2764 201 2828 Samos
235 2767 276 2828 ab
311 2783 349 2828 1ο
383 2770 518 2828 vocatur
555 2764 682 2845 ,irrupit
713 2787 743 2825 οε
773 2762 823 2825 καὶ
854 2761 1006 2844 elderedi
1030 2765 1119 2841 Quod
1142 2767 1183 2828 ad
1206 2769 1355 2828 nostrum

87 2869 203 2930 attinet
237 2870 355 2946 locum,
390 2884 431 2930 ne
461 2869 613 2942 Dionysio
643 2869 774 2942 quidem
798 2867 984 2941 Periegetae
1007 2865 1204 2927 adiectivum
1229 2867 1356 2947 λιπαρὸν

86 2971 188 3043 potuit
222 2971 359 3046 placere.
396 2969 541 3032 Correxit
575 2970 663 3031 enim
693 2969 801 3044 potius
837 2983 935 3042 quam
959 2968 1108 3028 imitatus
1132 2971 1184 3030 est
1206 2971 1354 3031 nostrum

87 3085 133 3132 vs.
158 3073 223 3134 617
255 3071 379 3134 insulas
411 3087 598 3133 memorans
624 3067 751 3148 ,νηυσὶν
782 3067 983 3148 ἐπήρατον
1015 3067 1108 3148 ὅρμον
1132 3067 1287 3148 querar&
1314 3105 1354 3116 -

88 3171 261 3250 Corcyram
295 3176 407 3235 autem
437 3173 520 3247 quod
552 3188 600 3234 vs.
635 3173 696 3233 156
728 3169 1070 3247 φιλοξεινοοτάοην
1097 3171 1180 3233 dixit
1209 3172 1355 3234 Callima·

87 3275 165 3335 chus
199 3278 393 3350 argumento
427 3277 488 3350 est,
521 3290 597 3335 eum
629 3289 755 3348 quoque
782 3273 982 3334 Phaeacibus
1012 3273 1046 3333 in
1069 3288 1108 3334 ea
1131 3275 1239 3335 insula
1263 3275 1357 3335 sedes

87 3377 250 3438 tribuisse.
276 3377 386 3438 -De
418 3376 514 3437 verbo
544 3372 726 3454 σπερχομένη
752 3376 819 3436 iam
846 3375 913 3435 dixi
936 3389 1006 3449 pag.
1034 3376 1106 3435 125.
1132 3375 1221 3451 Quod
1244 3377 1356 3436 autem

88 3479 200 3552 optimi
224 3478 351 3540 codices
372 3480 483 3539 nostro
506 3478 576 3539 loco
599 3493 713 3539 omnes
739 3471 812 3553 ,ὑπ’
840 3471 1032 3554 riperto&
1057 3478 1220 3554 exhibent,
1245 3478 1357 3538 contra

87 3596 133 3642 vs.
169 3583 233 3643 231
266 3577 407 3660 ὁμοκλὴν,
437 3581 468 3642 11
499 3582 673 3656 discrimen
712 3580 782 3641 tolli
813 3580 882 3641 iure
920 3581 1010 3640 vetat
1037 3579 1260 3640 schneiderus.
1292 3578 1358 3639 Res

87 3682 205 3744 iterum
241 3684 434 3745 documento
467 3687 518 3745 est
552 3699 651 3758 quam
689 3683 785 3744 anxie
816 3696 915 3756 quam
944 3681 1093 3756 religiose
1123 3681 1156 3740 in
1184 3680 1357 3741 homericis

87 3785 295 3856 grammatici
328 3785 539 3846 Alexandrini
572 3784 695 3846 versari
729 3783 816 3845 soliti
851 3783 926 3843 sint.
962 3782 1104 3843 Noverat
1140 3780 1356 3842 Callimachus

21 3919 22 3922 =
87 3884 228 3948 formam
258 3886 468 3963 adspiratam,
498 3901 576 3947 nam
606 3886 724 3960 ubique
754 3884 788 3945 in
811 3883 910 3944 Iliade
938 3883 1071 3959 legerat.
1096 3885 1140 3944 At
1163 3883 1358 3942 meminerat

85 4003 214 4062 quoque
248 3989 282 4050 in
316 3989 438 4063 hymno
471 3988 506 4048 in
547 3988 692 4050 Venerem
728 4003 776 4048 rs.
812 3986 854 4047 88
888 3985 951 4047 dici
987 3982 1050 4061 ,rol
1085 3978 1113 4045 δ’
1147 3978 1194 4042 ὑπ’
1229 3979 1357 4060 ὀμοκλῆς

86 4083 167 4167 ῥίμφ’
195 4087 324 4165 ἔθεον”;
349 4105 425 4150 eum
449 4104 581 4150 versum
604 4104 689 4151 nunc
713 4089 862 4150 imitatus
885 4091 1034 4150 accurate
1054 4087 1197 4147 ionicam
1217 4085 1357 4146 formam

87 4191 285 4253 servandam
305 4191 441 4252 censuit.
456 4224 496 4234 -
510 4192 569 4248 Πα
580 4207 649 4250 vro
659 4188 724 4272 δίῃ
737 4205 833 4250 versu
851 4186 1156 4262 11111111111111
1171 4187 1300 4260 scripsit
1311 4185 1358 4246 ita

87 4295 123 4352 ut
142 4294 259 4368 postea
277 4293 378 4353 etiam
390 4291 503 4352 invitis
516 4292 676 4353 codicibus
689 4293 980 4354 scribendumesse
992 4290 1120 4351 monuit
1130 4287 1356 4361 Aristarchum

86 4408 203 4454 verum
231 4392 330 4454 simul
354 4393 466 4455 contra
496 4408 593 4454 usum
623 4394 824 4455 homericum
847 4394 926 4456 illud
950 4392 1139 4455 adverbium
1162 4406 1237 4452 cum
1260 4391 1357 4452 verbo

117 4637 138 4702 ¹)
157 4640 358 4688 Valckauaariua
375 4636 400 4687 in
418 4640 520 4688 schedis
538 4640 683 4700 suspicatur
700 4639 836 4698 legendum
856 4649 913 4684 asse
933 4635 1097 4700 ,rqlu'nopov’H
1114 4634 1165 4682 Sed
1183 4634 1290 4681 molesta
1303 4637 1358 4681 tum

86 4721 172 4770 aberit
191 4723 227 4768 ab.
