3068 5294
805 473 865 531 rra
1216 471 1269 531 rv.
1296 445 1459 530 οιτ-ειο

203 658 286 718 dixit
319 658 491 733 Sophocles
536 655 691 737 1,εδσὲβιαα
725 658 914 738 σεβίζεσθαι”
958 660 1042 732 (Aut.
1074 661 1149 731 943)
1183 660 1236 721 vel
1271 659 1463 733 euripideum

206 758 315 836 „suevit
333 756 401 839 λέχη
421 759 565 839 σεβίζειν”
587 761 670 831 (Eur.
694 761 773 823 Med.
801 765 884 838 155),
909 765 942 823 et
965 759 1166 838 ,ἀπτολέμους
1187 758 1276 833 εύνὰς
1293 759 1465 838 οεβίζουσα”

203 862 286 933 (ibid.
301 864 375 932 640)
400 863 482 936 quod
507 863 624 923 dieitur
646 865 685 924 de
706 864 829 926 Venere
852 865 923 939 ipsa
944 866 976 925 et
996 865 1082 925 idem
1104 864 1192 925 valet
1211 869 1416 939 οοιιροτιμᾶυ.
1430 894 1466 905 -

202 963 322 1024 Eadem
344 964 397 1024 via
416 965 610 1039 insequenti
630 981 725 1027 versu
746 967 934 1042 exemplum
950 966 1139 1028 Callimachi
1151 965 1371 1039 quaerendum
1384 966 1469 1038 puto.

201 1064 328 1126 Etenim
353 1067 386 1125 in
410 1067 517 1127 verbis
543 1061 657 1143 ,οὕνεκ’
683 1064 761 1143 ἐμεῖο
790 1048 958 1145 δέμνιον
989 1065 1062 1128 οὐκ
1093 1064 1283 1144 ἐπάτησε·
1307 1065 1386 1127 eolit
1408 1081 1471 1126 me·

203 1167 342 1228 moriam
373 1183 488 1229 versus
519 1184 561 1229 ex
591 1169 736 1244 Odyssea
768 1172 821 1229 sat
844 1169 996 1231 celebrati
1019 1173 1051 1228 δ.
1076 1171 1140 1229 314
1168 1168 1227 1244 „au
1251 1165 1307 1244 ἐμὰ
1331 1164 1473 1242 δέμνια

201 1267 339 1345 βαυιες”,
364 1285 461 1343 quern
490 1286 623 1331 versum
645 1272 692 1331 ita
718 1272 830 1331 tamen
854 1272 1009 1332 immutat
1031 1273 1069 1331 ut
1092 1272 1189 1333 verbo
1211 1274 1314 1328 πατεῖν
1337 1285 1474 1330 sensum

201 1371 426 1431 contemnendi
447 1372 552 1433 addat.
577 1372 618 1432 Et
637 1387 715 1433 sane
735 1373 849 1449 inerat,
868 1376 905 1434 ut
924 1389 982 1448 par
1001 1376 1062 1449 est,
1082 1374 1161 1433 haee
1181 1373 1232 1432 vis
1252 1372 1475 1433 verbenarum

202 1472 301 1532 etiam
332 1474 416 1548 apud
446 1470 636 1550 Homerum,
668 1475 722 1548 qui
752 1475 839 1536 facili
862 1478 896 1536 et
918 1477 1005 1536 iusta
1027 1474 1169 1548 imagine
1192 1475 1293 1536 dixit:
1322 1470 1418 1549 „navic
1441 1472 1473 1532 δ’

201 1571 286 1650 ὅρκια
319 1572 408 1635 πιστὰ
442 1574 598 1654 πάιησαν”
632 1580 678 1647 (Δ.
705 1580 788 1648 157).
820 1578 882 1639 Sed
914 1578 1066 1638 novimus
1096 1578 1163 1637 ianr
1194 1576 1378 1662 tragoediae
1409 1590 1474 1636 ser·

201 1689 331 1735 monem
363 1675 396 1736 in
428 1677 574 1737 maxima
605 1680 638 1739 et
668 1678 734 1739 fere
766 1679 899 1740 confusa
927 1678 1018 1753 eopia
1043 1679 1225 1752 imaginum
1246 1681 1343 1750 atque
1370 1679 1476 1737 meta·

200 1776 374 1851 phorarum
406 1779 538 1839 auxisse
570 1781 818 1854 comparationis
848 1780 1044 1855 libertatem,
1076 1795 1169 1854 quae,
1197 1779 1260 1838 nisi
1284 1778 1370 1857 adsit
1395 1778 1474 1838 divi·

202 1893 282 1937 num
313 1879 423 1940 Musae
451 1881 680 1958 ministerium,
711 1882 744 1941 in
772 1882 935 1943 licentiam
960 1882 1053 1942 facile
1078 1881 1203 1941 evadat.
1228 1880 1389 1954 Euripidis
1412 1880 1476 1941 sal·

201 1983 270 2040 tem
290 1982 455 2054 tragoedia
474 1983 515 2045 iis
536 1983 732 2057 imaginibus
751 1986 865 2059 scatet,
894 1998 1031 2057 quarum
1051 1982 1181 2044 lieentia
1204 1982 1306 2042 risum
1327 1984 1476 2043 censoris

203 2066 321 2144 merito
352 2084 515 2145 movebat.
552 2085 632 2161 Quid
667 2085 786 2146 mirum
822 2085 920 2159 igitur
953 2085 982 2145 si
1012 2087 1132 2160 noster,
1164 2084 1215 2144 eui
1249 2083 1385 2144 eruditio
1417 2099 1476 2159 pro

203 2185 295 2245 Musa
317 2187 397 2261 erat,
422 2201 538 2260 parurn
562 2187 666 2247 sensit
688 2189 845 2260 quantum
869 2188 958 2248 inter¹
973 2185 1084 2263 νόμους
1103 2191 1232 2260 πατῆσαι
1250 2186 1347 2258 atque
1367 2181 1477 2261 δέμνια

203 2293 333 2364 πατῆσαι
366 2287 549 2364 interesset,
577 2288 778 2364 putavitque,
810 2303 911 2362 aequo
934 2289 1003 2349 iure
1027 2289 1124 2362 atque
1147 2286 1329 2360 Aeschylus
1356 2286 1477 2360 ,λακτί-

203 2389 263 2460 ζειν
288 2388 381 2461 Δίκας
404 2387 507 2469 βωμὸν
532 2391 657 2466 (Αραιιι.
680 2392 754 2461 384)
778 2391 924 2467 dixisset,
949 2405 984 2450 se
1007 2390 1074 2450 iam
1097 2385 1219 2466 δέμνιον
1241 2391 1345 2447 πατεῖν
1367 2389 1476 2450 dicere

203 2506 308 2566 posse.
332 2525 376 2534 -
398 2492 516 2554 Itidem
538 2493 721 2566 tragoediae
749 2493 863 2554 debere
888 2493 1014 2553 videtur
1036 2492 1069 2552 in
1089 2493 1236 2552 extremo
1256 2504 1353 2550 versu
1379 2489 1476 2565 „Acte

203 2585 231 2652 δ’
258 2589 379 2653 ιἰνδιί
385 2597 472 2654 λεια
494 2592 638 2670 πάνταν”,
660 2596 853 2667 quibuscum
880 2595 1058 2669 comparari
1080 2593 1197 2669 poterit
1215 2595 1376 2670 Euripidis
1389 2593 1474 2674 Ομιλ.

203 2695 269 2755 310
291 2693 324 2754 τὸ
348 2689 376 2755 δ’
404 2691 522 2774 εύσεβές
545 2704 597 2775 τῆς
621 2695 792 2775 δυσσεβείας
815 2693 955 2756 ἆνθελοδ.

244 2899 299 2960 Vs.
325 2901 399 2962 249.
445 2896 464 2978 ἢ
488 2896 541 2978 μέν
564 2899 631 2979 ἔφη.
655 2900 761 2962 κύκνοι
785 2895 817 2961 δέ
838 2898 913 2960 θεὸν
937 2896 1093 2977 μέλποντες
1116 2897 1232 2971 ἀοιδαῖς

446 3003 589 3086 Μῃόνιον
612 3002 775 3064 Πακτωλὸν
799 3001 1001 3064 ἐκυκλώσαντο
1023 3002 1157 3073 λιπόντες

445 3101 604 3182 έβδομάκις
626 3102 693 3184 περὶ
717 3107 828 3183 Δῆλον,
850 3102 989 3183 ἐπήεισάν
1012 3124 1041 3163 τε
1063 3103 1170 3187 λοχείη,

446 3204 605 3265 Μουσάων
628 3202 758 3284 ὄρνιθες,
780 3204 948 3267 άοιδύτατοι
970 3213 1127 3282 πετεηνῶν·

447 3304 548 3377 (ἔνθεν
572 3303 588 3368 δ
610 3312 681 3380 παῖς
703 3305 826 3367 τοσάσδε
848 3308 924 3391 λύρη
947 3304 1103 3385 ένεδήσατο
1126 3303 1234 3384 χορδὰς

403 3429 406 3434 ‘
447 3407 569 3488 ὕστερον
593 3404 697 3469 ὁσσάκι
718 3408 825 3468 κύκνοι
848 3402 888 3468 ἐνί
916 3404 1070 3468 ὠδίνεσσιν
1092 3403 1214 3478 άεισαν).

446 3507 554 3591 ὄγδοον
577 3506 669 3572 οὐκέτ’
694 3508 806 3588 ύεισαν,
829 3506 845 3571 ὃ
870 3505 898 3570 δ’
925 3508 1058 3590 ἔκθορεν·
1082 3509 1115 3567 αλ
1137 3502 1167 3566 δ’
1195 3505 1245 3568 ἐπὶ
1266 3507 1381 3588 μακρὸν

447 3611 563 3690 νύμφαι
586 3611 741 3691 Δηλιάδες,
761 3619 897 3690 ποταμοῦ
922 3608 1006 3691 γένος
1028 3608 1171 3690 δοχαίοιο,

446 3706 533 3774 εἶπαν
551 3709 722 3792 Ἐλειθυίης
744 3711 824 3792 ίερδν
845 3710 939 3791 μέλος·
964 3709 1071 3772 αύτίιια
1094 3705 1122 3771 δ’
1148 3707 1243 3789 ubido

448 3815 566 3893 χάλκεος
588 3813 733 3894 ἀντήχησε
755 3813 935 3893 διαπρυσίην
957 3808 1111 3893 ύλολυγήν.

448 3912 515 3977 οὐδ’
531 3913 612 3997 Ἥρη
635 3913 803 3994 νεμίσησεν,
828 3912 890 3975 ἐπεὶ
912 3913 1000 3993 χόλον
1023 3911 1131 3986 ἐξέλετο
1155 3913 1239 3984 Ζεύς.

206 4017 261 4078 Vs.
295 4017 369 4095 249,
403 4018 432 4078 si
461 4019 548 4079 reete
578 4017 717 4079 correxit
748 4016 959 4078 Ruhnkenius
992 4008 1024 4092 ¹),
1056 4015 1149 4077 docet
1178 4012 1415 4075 Callimachum
1440 4016 1474 4076 in

240 4248 261 4316 ¹)
279 4252 370 4300 (δυάδι
388 4257 447 4299 διον
463 4251 587 4311 μέλποντες
603 4252 684 4299 δαιδσλ
702 4252 733 4298 In
756 4251 959 4298 oonieoturarnm
967 4250 1064 4309 ingenti
1082 4249 1155 4308 eopia
1170 4247 1382 4296 Ruhnksnianam
1396 4260 1472 4307 prae·

206 4331 262 4392 tuli,
284 4344 441 4392 quamquam
457 4330 533 4379 nodio
550 4331 662 4393 editores
674 4330 828 4379 Metuainum
838 4330 919 4376 seouti
937 4330 1023 4389 legere
1040 4329 1137 4375 solent:
1155 4332 1230 4384 „urso
1245 4328 1366 4385 μάλλοττις
1381 4325 1473 4383 δοζοτ”.

205 4411 335 4460 &nanda
355 4411 424 4458 enim
442 4411 543 4459 ridetur
558 4412 660 4460 omnino
677 4410 793 4458 oodioum
812 4410 888 4456 leotio
905 4409 1038 4469 μέλποντες,
1055 4421 1087 4454 ne
1107 4407 1178 4455 taciti
1195 4406 1318 4454 adustura
1335 4406 1475 4456 rideantur

206 4491 292 4539 oanori
309 4504 370 4538 aves
387 4503 494 4550 quorum
511 4504 614 4553 semper
628 4493 705 4538 oantu
719 4491 822 4537 resonet
837 4488 949 4547 Osyater.
958 4488 1047 4546 Neque
1056 4488 1186 4547 eleganter
1194 4487 1226 4546 (ei
1234 4486 1362 4534 Meinekio
1370 4487 1473 4535 obtem-

205 4565 334 4635 paramus)
351 4570 420 4618 idem
435 4583 496 4618 aves
507 4584 544 4617 va.
554 4570 694 4618 δίκαιον
706 4569 825 4628 pineam
837 4567 901 4623 δοζιι
918 4569 1041 4614 rodanim·
1055 4563 1136 4629 (qnod
1154 4567 1258 4626 insuper
1271 4578 1364 4625 parum
1373 4566 1474 4614 Graece

208 4648 258 4696 diei
273 4649 376 4696 videtur
392 4649 487 4697 omino
503 4649 627 4697 infinitivo
643 4645 750 4710 δσισσαι)
770 4647 815 4706 qui
831 4658 868 4694 vs.
887 4645 935 4694 25¹
955 4648 1094 4703 „moverim
1111 4644 1219 4711 δηνιθιδ·
1235 4643 1350 4692 rudiunt
