3104 5286
722 401 787 461 *151

339 589 375 650 οὗ
399 588 455 669 γὰρ
480 589 625 673 Ἀθαναίᾳ
648 587 791 669 γλυκερὸν
814 584 894 647 πέλει
915 583 1031 663 ὄμματα
1054 583 1172 644 παίδων
1240 616 1243 618 ·

381 688 531 770 ἁρπάζειν·
558 692 728 771 Κρόνιοι
752 684 781 750 δ”
806 680 881 750 ὧδε
904 685 1060 767 λέγοντι
1082 685 1216 763 νόμοι,

338 792 370 865 ὅς
394 791 427 853 κε’
450 788 500 853 τιν’
529 791 707 867 ἀθανάτων,
731 790 786 852 ὅκα
810 788 850 867 μὴ
874 787 946 860 θεὸς
970 786 1060 861 αὐτὸς
1083 785 1197 865 ἕληται,

381 892 513 977 ἆθρήση,
535 898 634 972 μισθῶ
658 902 764 953 τοῦτον
786 891 861 951 ι’δεῖν
885 890 1008 969 μεγάλω.

336 996 386 1055 δῖα
409 997 514 1076 γύναι,
536 994 568 1056 τὸ
592 992 646 1072 μὲν
669 994 705 1056 oc'r
729 992 945 1072 παλινάγρετον
968 983 1044 1052 αὖθι
1067 988 1181 1072 γίνοιτο

379 1096 474 1178 ἔργον·
500 1095 583 1158 ἐπεί
607 1106 753 1174 μοιρᾶν
777 1087 837 1155 ὧδ’
865 1091 1032 1172 ἐπένησε
1055 1094 1162 1170 λίνα,

339 1194 428 1258 ἇνίιια
452 1198 484 1260 τὸ
507 1198 620 1278 πηᾶιόν
643 1221 693 1257 νιν
716 1196 839 1277 ἐγείναο.

113 1298 210 1360 Vides
233 1300 319 1360 baud
343 1301 553 1376 neglegenter
575 1302 707 1376 poetam
730 1314 844 1360 secum
868 1298 1093 1374 constituisse,
1114 1296 1190 1371 quid
1211 1297 1296 1357 inter
1318 1295 1389 1355 deo·

114 1416 185 1460 rum
209 1400 352 1476 leges-
369 1417 451 1475 quas
474 1406 511 1464 ut
530 1404 602 1479 ipsa
622 1403 816 1477 antiquitate
836 1401 1015 1461 sanctiores
1035 1400 1264 1474 gravioresque
1277 1397 1391 1457 reddat

114 1500 262 1578 Κρονίοις
285 1501 396 1577 νόμους
417 1505 496 1565 dicit
517 1539 556 1548 -
581 1520 620 1565 ac
641 1506 746 1565 iatum
774 1501 1039 1577 distinguendum
1059 1502 1232 1562 videretur.
1254 1501 1391 1559 Summa

113 1603 199 1662 enim
222 1604 371 1664 omnium
394 1621 504 1666 rerum
528 1608 675 1682 potestas
704 1605 858 1680 quoniam
882 1605 933 1664 est
955 1618 1055 1679 penes
1075 1603 1166 1679 deos,
1188 1602 1240 1661 ius
1263 1616 1389 1675 quoque

112 1705 152 1765 iis
171 1704 315 1766 vindicat
333 1721 413 1767 suae
432 1707 626 1782 reipublicae
650 1708 740 1782 leges
765 1706 993 1768 constituendi.
1018 1705 1076 1765 Est
1098 1705 1198 1779 igitur
1221 1704 1273 1763 ius
1293 1703 1389 1776 quod·

111 1806 186 1866 dam
210 1807 357 1866 divinum
378 1809 428 1867 cul
453 1810 561 1868 cetera
584 1811 700 1883 parent
722 1808 849 1881 omnia3
883 1807 976 1867 cuius
999 1807 1079 1866 iuris
1102 1806 1191 1881 leges
1213 1805 1389 1880 infringere

111 1923 174 1968 non
198 1908 305 1983 magis
328 1924 428 1983 quarn
451 1910 522 1969 Iovi
544 1910 709 1969 homerico
733 1908 842 1969 licebit
865 1908 1014 1969 Athenae
1038 1907 1279 1968 callimacheae.

155 2011 199 2069 At
230 2024 311 2084 quae
340 2010 526 2070 hominibus
557 2011 721 2086 accidunt,
750 2011 834 2085 quod
859 2011 974 2070 vivunt
997 2010 1181 2070 moriuntur
1204 2010 1387 2089 aegrotant,

111 2110 194 2184 quod
216 2111 380 2172 laetantur
411 2112 463 2172 vel
491 2112 602 2172 dolent
629 2112 799 2189 mortales,
829 2127 908 2172 num
930 2111 1009 2172 haec
1034 2126 1160 2186 quoque
1184 2111 1234 2170 dis
1257 2110 1388 2169 immor·

110 2212 230 2273 talibus
264 2215 351 2274 cordi
384 2216 486 2274 sunt?
519 2214 676 2290 Quoniam
709 2230 813 2289 neque
843 2214 1056 2290 philosophus
1083 2228 1187 2289 neque
1217 2212 1388 2287 theologus

110 2313 171 2374 fuit
189 2312 422 2391 Callimachus
448 2331 513 2376 non
536 2316 638 2376 nimis
661 2317 825 2377 subtiliter
843 2316 1022 2390 disquirere
1042 2317 1075 2375 in
1094 2316 1288 2391 fragmentis
1300 2328 1387 2390 prae·

110 2416 224 2475 sertim
245 2416 367 2492 licebit,
390 2418 546 2491 quidnam
566 2434 622 2494 pro
646 2421 734 2479 certo
758 2419 912 2478 docuerit.
934 2419 1005 2479 Hoc
1023 2420 1137 2478 tamen
1155 2417 1228 2477 leve
1245 2419 1386 2493 nonest,

110 2519 237 2593 poetae,
274 2518 366 2578 cuius
401 2519 510 2580 nullus
552 2521 695 2596 supersit
734 2520 892 2594 hymnus,
935 2534 997 2593 quo
1031 2535 1096 2579 non
1131 2519 1245 2580 doceat
1279 2518 1387 2594 probis

110 2619 233 2695 piisque
263 2620 392 2681 felicem
424 2621 527 2680 vitam
558 2621 637 2680 deos
667 2620 777 2695 largiri
804 2621 951 2681 eiusdem
976 2621 1135 2696 carmina,
1165 2623 1244 2694 quot
1266 2619 1385 2680 saltem

110 2735 193 2780 nunc
228 2723 407 2797 supersint,
442 2720 531 2798 τύχης
566 2721 636 2782 sive
676 2718 853 2800 εἱμαρμένης
892 2722 962 2781 sive
998 2729 1050 2780 τοῦ
1085 2719 1254 2797 αὐτομάτου
1290 2720 1386 2793 (quod

109 2824 276 2897 tantopere
307 2823 340 2883 in
376 2822 500 2883 deliciis
536 2826 606 2884 erat
642 2824 842 2898 aequalibus)
866 2840 907 2884 ne
939 2839 1060 2884 nomen
1090 2823 1221 2897 quidem
1246 2838 1385 2897 usquam

109 2937 299 2985 memorare.
331 2923 451 2984 (lontra
485 2925 524 2985 de
555 2926 733 2986 Parcarum
763 2929 927 3002 potestate
957 2927 1157 2987 sententiam
1185 2929 1296 3000 aperte
1332 2940 1384 2985 ex-

108 3025 207 3098 ponit.
244 3026 363 3086 Parcae
403 3026 491 3086 enim
531 3043 612 3101 quae
652 3044 781 3104 semper
816 3029 938 3105 plures,
971 3043 1152 3102 numquam
1186 3044 1264 3104 una,
1301 3029 1385 3104 apud

108 3124 344 3187 Callimachum
377 3132 550 3189 occurrunt
573 3123 610 3205 ¹),
643 3131 675 3190 id
707 3132 769 3191 sibi
800 3133 922 3192 habent
953 3147 1086 3207 munus,
1117 3130 1384 3205 antiquissimum

106 3228 184 3288 illud
209 3229 352 3305 quidem,
378 3232 415 3290 ut
441 3231 575 3307 ,fatalia
598 3235 714 3293 nentes
737 3235 882 3295 stamina
905 3250 969 3294 non
990 3233 1047 3293 ulli
1068 3233 1275 3294 dissoluenda
1291 3234 1382 3310 de0”,

107 3328 277 3391 hominum
308 3331 414 3391 vitam
446 3333 544 3393 certis
575 3334 726 3394 terminis
758 3337 974 3412 constituant,
1007 3336 1178 3410 adsintque
1209 3335 1383 3412 natalibus,

105 3430 183 3491 inde
217 3447 283 3492 non
321 3432 430 3492 solum
464 3434 596 3494 Athena
638 3436 730 3497 docet
770 3437 998 3498 inmutabilem
1032 3439 1135 3499 luisse
1169 3439 1384 3499 constitutam

104 3532 247 3594 Tiresiae
270 3537 395 3595 sortem
419 3550 529 3610 suam,
559 3550 622 3609 quo
647 3537 699 3597 die
723 3537 844 3598 Parcae
867 3539 900 3598 in
925 3540 1059 3600 vitalem
1084 3539 1192 3601 lucem
1215 3554 1290 3601 eum
1314 3557 1383 3616 pro·

104 3635 281 3711 duxerunt,
310 3637 368 3696 sed
400 3637 487 3697 idem
513 3638 689 3699 Parcarum
712 3655 833 3699 munus
857 3641 973 3715 Apollo
997 3645 1158 3721 agnoscit,
1187 3643 1287 3705 matri
1310 3658 1383 3718 sup·

105 3734 244 3810 plicatus
267 3752 308 3797 ne
332 3737 365 3796 in
389 3737 497 3798 insula
517 3737 561 3799 (lo
582 3755 657 3799 eum
669 3742 798 3815 pareret
810 3740 874 3811 (IV.
891 3739 965 3812 165)
985 3744 1070 3817 quod
1089 3743 1136 3803 illi
1157 3745 1282 3806 insulae
1294 3746 1383 3805 esset

327 3835 359 3897 ἐκ
384 3837 529 3917 Μοιρέων
553 3861 596 3912 τις
619 3836 812 3918 ὀφειλόμενος
835 3841 908 3915 θεὸς
932 3840 1033 3921 ἄλλος,

104 3938 136 3996 et
167 3937 365 4000 luculentius
397 3941 498 4002 etiam
529 3943 689 4019 Artemis,
723 3959 805 4018 quae
837 3946 967 4005 tanturn
991 3961 1056 4006 non
1080 3947 1184 4008 invita
1207 3948 1240 4007 in
1263 3963 1300 4008 se
1323 3948 1381 4007 hu·

103 4037 195 4100 cinae
218 4039 362 4102 officium
386 4044 568 4119 suscipiens
592 4044 660 4116 (ili.
687 4046 740 4115 22)
764 4047 931 4122 puerperis
954 4062 990 4108 se
1014 4048 1114 4110 affore
1138 4049 1216 4109 dicit

643 4140 712 4230 „q'pdc
737 4168 772 4224 με
798 4151 917 4226 Μοῖραι

324 4243 503 4325 γειναμένην
526 4245 558 4307 τὸ
582 4256 699 4326 πρῶτον
722 4246 931 4328 ίπειιλήρωσαν
954 4248 1109 4331 ἀηήηειν”,

97 4519 99 4523 1
136 4484 156 4548 ¹)
174 4489 256 4537 hd?
272 4491 342 4539 enim
359 4494 401 4548 ,λιι
419 4492 444 4539 dl
462 4497 601 4556 τριηκόντων
617 4502 702 4558 μοῖραν
717 4498 796 4559 &polla
812 4494 885 4555 μίαν”
903 4497 935 4546 de
953 4498 1085 4546 hominum
1104 4500 1295 4549 calamitatibus
1312 4506 1380 4549 sorio

102 4565 182 4629 datis,
197 4582 248 4616 uon
265 4570 298 4617 de
317 4571 373 4630 ipsc
391 4574 459 4619 sorte
477 4572 599 4631 loquitur.
