3090 5294
62 456 121 515 ΙΙΙ.
149 456 283 515 26-30
703 460 745 518 55

155 641 212 703 Vs·
237 644 289 704 26.
336 634 377 715 ὧς
399 638 419 720 ἡ
442 646 513 714 τεαῖς
535 640 661 702 εἰποῦσα
685 640 838 722 γενειάδος
861 638 952 719 ἤθελε
974 640 1085 721 πατρὸς

336 743 487 822 ἅψασθαι,
509 742 620 816 πολλὰς
644 739 677 804 δὲ
700 742 797 822 μάτην
820 741 1000 804 ἐτανύσσατο
1023 748 1130 822 χεῖρας,

338 843 435 926 μέχρις
459 844 510 904 ἴνα
533 845 667 921 ψαύσειε.
691 842 788 923 πατὴρ
813 839 842 904 δ’
868 841 1005 905 ἐπένευσε
1028 845 1180 926 γελάσσας,

336 956 380 1026 φῆ
405 943 438 1008 δὲ
460 944 654 1026 καταρρὲζιον·
682 945 825 1024 „liceum
847 955 969 1006 τοιαῦτα
991 944 1113 1007 θέαιναι

234 1050 278 1110 30
333 1048 466 1128 τίκτοιεν,
488 1049 601 1110 τυτθόν
624 1071 675 1109 ιιεν
699 1046 755 1129 ἐγὼ
779 1047 943 1127 ζηλήμονος
957 1045 1055 1128 Ἥρης

335 1149 485 1231 χωομένης
509 1150 674 1232 ἀλέγοιμι.”

109 1250 199 1328 Quae
234 1252 393 1327 imagines
429 1254 598 1331 Olympiae
631 1255 719 1316 vitae
744 1255 783 1331 in
813 1254 864 1314 his
892 1254 1130 1316 conscribendis
1152 1256 1343 1316 obversatae

63 1355 142 1414 sunt
156 1353 364 1433 Callimacho,
381 1372 447 1433 eas,
460 1373 536 1418 cum
548 1359 662 1432 sponte
674 1356 848 1417 lectoribus
862 1356 994 1417 veniant
1014 1356 1046 1416 in
1067 1358 1224 1429 mentem,
1246 1357 1342 1417 verbo

62 1455 207 1517 indicare
230 1458 312 1517 satis
335 1459 406 1519 erit.
430 1458 552 1520 Verum
573 1474 663 1519 more
682 1473 741 1519 suo
761 1459 879 1519 miscet
898 1473 954 1518 eos
968 1473 1083 1519 versus
1095 1473 1176 1532 quos
1188 1458 1340 1519 illustrat.

63 1558 149 1618 Nam
170 1560 208 1618 ut
227 1574 354 1620 memor
373 1560 471 1623 luerit
492 1560 637 1622 Thetidis
658 1576 733 1621 cum
752 1560 829 1620 Iove
846 1559 1005 1636 colloquii,
1021 1560 1174 1634 quoniam
1187 1559 1292 1633 tangit
1304 1574 1343 1620 ea

66 1675 197 1734 quoque
218 1662 355 1736 supplex
376 1663 483 1724 Patris
502 1664 651 1723 mentum
670 1656 738 1738 γένε’
759 1659 947 1740 ἀνθερεῶνος
959 1658 1099 1738 §iocosa
1113 1662 1220 1721 mutat
1231 1663 1342 1721 tamen

63 1762 166 1821 simul
200 1762 374 1824 dictionem
408 1763 626 1825 Callimachus
654 1765 706 1825 cui
728 1763 835 1839 placet
858 1763 1053 1825 vocabulum
1076 1759 1233 1842 γενειάς
1257 1762 1342 1822 adhi-

63 1864 152 1924 bere.
175 1863 273 1925 Cuius
293 1866 339 1927 rei
359 1882 458 1927 causa
478 1867 510 1926 in
532 1868 659 1942 aperto,
684 1866 813 1927 constat
832 1865 920 1925 enim
939 1866 1025 1926 inter
1044 1865 1194 1939 antiquos
1214 1864 1343 1925 criticos

64 1967 233 2026 certamen
257 1966 358 2028 fuisse
382 1968 421 2030 de
444 1985 542 2031 versu
564 1988 596 2029 τι.
624 1970 686 2030 lta
710 1967 874 2029 nonnullis
897 1967 1080 2042 legentibus

332 2069 456 2129 κυάνεαι
480 2064 509 2129 δ’
535 2066 670 2149 ἐγένοντο
694 2065 911 2148 ἕθειράδες
934 2066 1012 2147 ἀμφὶ
1034 2066 1158 2149 γε’νειον,

63 2167 151 2244 aliis,
182 2169 215 2229 id
246 2170 331 2244 quod
362 2172 478 2233 merito
508 2173 603 2233 hodie
631 2171 774 2247 plerique
799 2172 938 2233 editores
965 2172 1110 2248 probant,
1134 2169 1342 2251 γενειάδες

62 2270 163 2331 scribi
195 2271 389 2334 iubentibus.
424 2273 498 2334 Fuit
529 2274 614 2334 inter
644 2273 740 2333 huius
768 2273 916 2334 vocabuli
946 2273 1090 2334 lautores
1121 2273 1340 2348 Aristarchus,

64 2373 94 2432 si
119 2373 249 2446 quidem
273 2376 360 2436 recte
382 2376 536 2437 Lehrsius
559 2376 629 2436 eius
652 2390 770 2436 nomen
788 2391 845 2450 pro
865 2375 1051 2437 Aristotelis
1071 2374 1202 2435 nomine
1214 2373 1342 2435 reduxit

64 2475 100 2534 in
134 2472 232 2535 Schot.
265 2475 409 2538 Ambroc.
441 2479 484 2539 od
516 2477 639 2538 Theocr.
663 2478 687 2538 1.
714 2479 765 2539 34.
786 2472 817 2548 ¹).
847 2476 1064 2539 Callimachus
1088 2478 1199 2537 autem
1228 2491 1340 2536 vocem

63 2678 241 2752 arripuisse
264 2681 340 2754 quia
363 2682 488 2756 proprie
512 2682 649 2742 Dianam
673 2684 829 2742 nontam
855 2681 990 2742 barbam
1008 2681 1110 2755 patris
1130 2693 1228 2752 quam
1254 2693 1342 2738 men-

61 2783 136 2840 tum
160 2782 320 2855 attingere
343 2783 493 2860 fingebat,
517 2784 603 2844 sicut
626 2782 782 2857 Euryclea
813 2804 837 2844 τ.
863 2784 927 2844 473
952 2778 1093 2858 ἁψαμένη
1117 2776 1148 2840 δὲ
1179 2779 1340 2860 γενείου

59 2875 212 2958 Ὀδυσσῆα
244 2881 407 2961 προσέειπε.
440 2885 506 2946 Nec
540 2888 651 2946 tamen
686 2885 877 2946 crediderim
912 2883 1147 2946 Callimachum
1186 2883 1263 2959 iam,
1299 2898 1340 2943 ex

61 2999 154 3045 more
188 2987 396 3064 tragicorum,
427 2987 535 3062 ipsum
566 2990 716 3048 mentum
738 2986 875 3067 γενειάδα
899 2987 1031 3063 dixisse,
1056 2987 1124 3046 Pan
1148 2985 1236 3046 enim
1260 2984 1341 3044 deus

61 3086 219 3146 barbatus
253 3086 462 3166 γενειήτης
503 3088 587 3149 infra
622 3104 670 3149 vs.
707 3089 750 3149 90
778 3091 924 3164 vocatur,
956 3089 1041 3162 quod
1072 3085 1267 3148 vocabulum
1299 3101 1341 3146 ex

62 3187 228 3248 homerico
251 3197 368 3266 γενειᾶν
392 3189 476 3250 haud
502 3189 640 3250 absurde
664 3187 799 3249 finxisse
823 3189 951 3250 videtur
969 3183 1000 3260 ²).

110 3288 256 3350 Thetidis
289 3291 437 3365 precibus
469 3291 546 3352 olim
586 3287 742 3366 ,lutosam
779 3290 950 3370 Κρονίων”,
982 3292 1029 3351 ita
1063 3305 1189 3364 quoque
1221 3289 1339 3351 filiolae

61 3391 220 3467 precanti,
244 3391 318 3452 huic
343 3408 419 3453 vero
444 3388 633 3451 ἐπένευσε
656 3391 860 3472 γελάσσας.
894 3393 960 3453 Nec
983 3392 1104 3452 mirum
1128 3407 1205 3453 nam
1225 3392 1339 3452 statim

61 3491 139 3566 post
162 3507 278 3552 versus
303 3508 383 3567 quos
407 3493 528 3554 imitari
552 3495 702 3554 nostrum
729 3493 871 3554 vidimus
895 3494 934 3554 ad
955 3509 1021 3553 uss.
1046 3494 1066 3553 3
1087 3495 1120 3553 et
1143 3496 1163 3555 6
1187 3495 1238 3564 (Φ.
1264 3495 1339 3563 506)

63 3597 262 3666 exposuerat
274 3593 438 3655 Homerus
452 3610 499 3655 vs.
509 3595 584 3672 508,
598 3595 715 3668 quibus
727 3595 870 3669 Iuppiter
885 3595 1019 3655 flentem
1031 3594 1167 3655 Dianam
1181 3593 1340 3654 allocutus

63 3696 154 3755 esset
177 3690 256 3771 ,ἡδὺ
275 3694 450 3775 γεέάσσας”.
475 3697 515 3757 at
534 3712 619 3758 nunc
636 3697 738 3758 altera
756 3713 797 3758 ex
809 3697 913 3758 altera
925 3697 1033 3771 imago
1046 3696 1196 3771 Olympia
1208 3696 1240 3755 in
1254 3710 1339 3755 men·

62 3799 132 3857 tem
155 3799 269 3871 poetae
289 3799 396 3859 venit:
417 3800 454 3858 ut
473 3799 559 3859 enim
580 3798 680 3860 Dione
700 3801 807 3860 mater
826 3799 1024 3875 aphroditen
1042 3798 1159 3859 blande
1178 3796 1340 3858 demulcet

64 3897 145 3957 dum
176 3897 351 3972 alloquitur
375 3901 423 3971 (Ε.
449 3901 514 3960 370
545 3899 619 3979 χειρί
647 3897 677 3960 τέ
700 3922 751 3977 μιν
781 3897 924 3979 κατέρεξε)
947 3901 993 3960 ita
1016 3915 1101 3961 nunc
1124 3898 1266 3974 Iuppiter
1289 3905 1340 3974 φῆ

64 3994 106 4058 δέ
135 3997 400 4078 ναιαρρέζαν,
429 4002 503 4061 tum
527 4002 651 4063 maiora
674 4018 775 4063 ausus
799 4018 898 4076 quam
920 4003 954 4062 in
985 4001 1141 4075 colloquio
1165 4015 1239 4062 cum
1263 3999 1341 4059 The-

65 4101 134 4161 tide
157 4105 207 4171 (A.
228 4103 303 4172 518)
326 4102 470 4177 Iuppiter
492 4103 686 4180 homericus,
711 4104 942 4165 callimacheus
962 4104 1058 4164 Pater
1080 4103 1213 4162 deorum
1236 4100 1342 4161 laetus

66 4202 234 4264 exclamat
266 4202 396 4279 „cordos
426 4224 477 4263 ιιεν
500 4200 557 4284 ἐγὼ
580 4203 743 4282 ζηλήμονος
757 4201 855 4284 Ἥρης
878 4200 1028 4283 χωομένης
1051 4199 1215 4283 ἀλέγοιμι”.
1238 4202 1279 4262 at
1301 4217 1341 4262 ne

101 4481 120 4546 ¹)
138 4484 213 4542 Quod
239 4485 375 4534 adfirmare
401 4484 503 4533 dubitet
527 4488 557 4534 Δ.
579 4487 709 4535 Lndwioh.
733 4488 809 4536 Arist.
826 4488 846 4535 1.
865 4487 927 4543 6153
948 4488 981 4534 oi.
999 4489 1085 4534 tamen
1102 4485 1292 4533 adnotationem
1309 4484 1343 4532 ad

66 4577 103 4611 va.
122 4566 169 4612 1‘lo
188 4565 215 4611 in
232 4565 377 4612 Lndwichii
394 4565 516 4623 Odyssea.

98 4638 119 4703 ²)
134 4644 174 4692 Oi.
192 4656 297 4703 quoqne
316 4643 382 4690 inira
399 4643 433 4690 ed
449 4643 492 4692 1r.
512 4647 568 4692 110.
