3104 5296
83 453 129 514 lv.
155 454 329 514 130-133
682 453 742 513 141

80 639 160 716 iv>
184 642 211 702 εἰ
232 640 283 702 καὶ
306 639 438 721 μέλλοιμι
460 666 486 702 ιι.
498 665 521 702 ι.
534 646 582 704 t’‘.
609 678 648 688 -
673 643 719 704 Ut
737 644 860 704 elatum
880 644 989 703 servet
1008 657 1204 721 sermonem,
1217 659 1266 704 vs.
1282 643 1344 702 130

79 745 281 805 substantivo
303 740 492 821 ἄμπωτις,
514 761 596 819 quae
619 761 685 807 vox
708 760 749 806 ex
773 741 922 816 ἀνάπωτις
949 745 1089 806 formata
1110 746 1273 821 poeticum
1294 746 1346 805 ha·

79 847 127 906 bet
157 846 310 921 colorem,
342 860 541 920 quamquam
573 847 710 908 occurrit
740 847 773 907 in
805 846 990 919 quotidiano
1018 862 1177 923 sermone,
1201 847 1347 919 adiungit

79 948 273 1009 adiectivum
294 945 507 1026 διψαλέην,
526 950 609 1023 quod
629 950 819 1024 metaphora
834 948 964 1022 qualem
976 964 1051 1023 prae
1064 950 1181 1010 ceteris
1192 949 1347 1010 adamant

78 1051 199 1125 tragici,
235 1065 320 1111 nunc
355 1051 478 1111 obtinet
514 1055 582 1111 vim
621 1051 775 1126 activam,
807 1066 881 1111 cum
912 1050 1053 1123 alioquin
1083 1050 1188 1112 soleat
1217 1050 1346 1110 aridum

78 1152 215 1213 indicare
248 1151 298 1222 (oi.
329 1166 401 1227 pag.
428 1154 489 1223 16).
523 1152 681 1227 Exempla
716 1152 820 1213 multa
851 1152 948 1212 huius
980 1151 1130 1212 licentiae
1165 1152 1280 1213 afferre
1310 1155 1348 1212 ut

78 1255 106 1314 in
135 1256 215 1314 nota
246 1268 280 1314 re
312 1254 520 1328 supersedere
550 1269 695 1329 possum,
726 1269 828 1315 unum
855 1254 983 1329 addam,
1012 1253 1089 1327 quia
1112 1253 1199 1313 idem
1222 1255 1348 1328 spectat

80 1355 284 1431 adiectivum,
312 1370 354 1416 ex
377 1355 484 1416 Rheso
513 1356 678 1428 tragoedia
702 1371 750 1415 vs.
774 1357 850 1430 417,
874 1355 928 1415 uhi
951 1355 1098 1415 aestivus
1122 1355 1209 1416 calor
1231 1355 1348 1416 dicitur

25 1462 30 1466 ’
81 1456 219 1531 δίψιοι
251 1463 311 1532 πῦρ
342 1460 427 1515 θεοῦ.
459 1457 563 1518 Simul
592 1457 679 1518 idem
710 1458 788 1519 iecit
810 1458 844 1518 in
866 1457 991 1518 duobus
1013 1457 1183 1518 adlectiris
1206 1452 1347 1531 διψαλέος

81 1561 110 1619 et
131 1555 253 1630 ἀζαλέας
275 1559 467 1632 Apollonius
488 1558 542 1620 IV.
568 1560 643 1622 678.

119 1661 264 1722 Tandem
298 1659 378 1720 nihil
409 1661 515 1733 magis
553 1661 752 1734 tragoediam
787 1661 891 1721 reddit
921 1675 1020 1734 quam
1044 1675 1083 1721 ea
1110 1661 1207 1722 verba
1231 1661 1347 1735 quibus

81 1761 201 1824 Peneus
236 1762 415 1823 orationem
449 1762 622 1839 abrumpit,
656 1764 694 1825 de
719 1763 836 1836 quibus
859 1763 980 1837 optime
1003 1762 1158 1823 disseruit
1180 1762 1346 1823 Schneide-

81 1880 141 1926 rus.
166 1865 348 1925 Fatendum
370 1865 482 1924 tamen
506 1868 558 1925 est
582 1865 703 1925 mirum
726 1867 884 1938 quantum
909 1863 1046 1925 diminui
1066 1864 1262 1938 gravitatem
1282 1878 1346 1924 om-

81 1980 152 2029 nem
173 1969 208 2028 et
226 1965 432 2027 altitudinem
452 1980 528 2026 cum
548 1967 748 2041 tragoediam
769 1966 870 2042 illam,
892 1967 965 2041 post
984 1965 1083 2026 verba
1105 1958 1205 2043 ,dvtd'
1229 1961 1348 2044 tyb...

78 2070 107 2127 τί
125 2067 249 2149 περισσά
257 2069 286 2141 ;”
314 2067 421 2129 subito
444 2068 477 2129 in
508 2069 710 2130 comoediam
740 2069 840 2129 vertit
861 2067 988 2129 Peneus
1011 2067 1217 2129 exclamans:
1249 2066 1348 2143 ,netis

74 2171 170 2242 μόνον
196 2169 406 2244 Εἰλείθυιαν”,
430 2171 524 2242 qussi
547 2170 614 2231 iam
639 2171 848 2231 obstetricem
870 2169 991 2231 arcessi
1014 2169 1133 2230 iubeat.

123 2374 177 2434 VS.
206 2375 279 2434 133.
327 2364 389 2431 εἶπε
411 2369 462 2432 καὶ
485 2369 600 2451 ἠρώησε
624 2371 717 2452 μέγαν
739 2371 820 2452 ῥόον.
843 2369 917 2432 ἀλλά
940 2370 971 2431 οἱ
984 2368 1074 2451 ’Ἀρης

322 2474 480 2553 Παγγαίου
504 2472 699 2555 προθέλυμνα
722 2473 855 2553 καρήατα
879 2470 981 2549 μέλλεν
1003 2469 1103 2550 ἀείρας

214 2577 276 2636 135
322 2571 473 2653 ἐμβαλέειν
497 2575 625 2660 δίνησιν,
647 2574 838 2654 ἀποκρύψειν
862 2571 894 2635 ii
917 2571 1035 2654 ῥέεθρα·

322 2674 424 2750 ὑψόθι
448 2671 476 2736 δ’
503 2674 687 2758 έσμαράμησε
710 2675 760 2737 καί
782 2675 894 2737 ἀσπίδα
916 2676 1012 2752 τύψεν
1035 2673 1137 2759 ἀκωκῇ

324 2776 476 2855 δούρατος·
498 2775 518 2856 ἢ
543 2774 573 2839 δ’
600 2777 722 2854 ἐλέλιξεν
746 2777 891 2840 ἐνόπλιον·
916 2777 1014 2856 ἔτρεμε
1036 2771 1065 2837 d'
1084 2774 1192 2855 Ὄσσης

324 2876 413 2957 οὔρεα
436 2878 486 2940 καὶ
508 2881 613 2942 πεδίον
637 2881 834 2960 Κραννώνιον
857 2879 940 2940 αἵτε
963 2880 1082 2951 δνσιιεῖς

324 2977 451 3058 ἐσχατιαί
475 2983 613 3059 Πίνδοιο,
635 2982 721 3068 φόβην
746 2977 774 3042 δ’
806 2979 957 3062 ὠρχήσατο
981 2990 1062 3040 πᾶσα

215 3085 277 3144 140
326 3083 479 3161 Θεσσαλίη·
502 3090 581 3157 τοῖος
603 3083 659 3166 γὰρ
683 3078 731 3145 ἀπ’
758 3083 882 3156 ἀσπίδος
906 3083 1034 3163 έβραμεν
1056 3072 1136 3160 ἦχος,

121 3186 281 3247 Absoluta
315 3184 412 3245 Penei
446 3188 590 3248 oratione
625 3188 691 3248 iam
726 3187 889 3262 paulisper
923 3187 963 3247 ad
997 3186 1124 3260 epicum
1162 3199 1347 3245 sermonem

66 3297 230 3350 reversus
264 3287 362 3361 elegit
396 3289 457 3349 sibi
488 3289 591 3349 semel
623 3291 720 3362 atque
750 3289 870 3349 iterum
897 3303 936 3348 ea
961 3288 1058 3348 verba
1082 3286 1245 3346 homerica
1268 3300 1350 3360 quae

69 3394 134 3452 aut
169 3391 299 3466 propter
332 3391 502 3451 raritatem
537 3391 759 3452 memorabilia
790 3394 848 3451 aut
880 3390 1076 3451 obscuritate
1100 3389 1240 3462 quadam
1265 3390 1349 3450 haud

75 3489 210 3568 indigna
240 3493 504 3568 interpretatione
536 3493 733 3553 videbantur.
759 3491 936 3565 inquibus
959 3495 1010 3552 est
1035 3506 1081 3551 vs.
1109 3493 1171 3551 133
1196 3487 1350 3568 ἠρώησε

81 3593 203 3673 μέγαν
238 3593 350 3671 pion:
391 3594 557 3669 ,sapientae
588 3595 693 3655 undas
725 3593 891 3654 inhibuit”.
928 3592 1009 3653 Oum
1047 3594 1114 3653 iarn
1153 3593 1282 3667 saepius
1317 3595 1350 3652 in

82 3696 138 3758 hac
173 3701 265 3771 parte
295 3696 449 3757 carminis
473 3696 701 3771 respicientem
730 3696 907 3756 viderimus
930 3696 1060 3769 poetam
1084 3694 1254 3754 introitum
1277 3694 1349 3754 libri

83 3801 118 3856 Ν.
141 3814 228 3858 nunc
258 3813 383 3871 quoque
407 3813 539 3858 versum
563 3797 725 3870 quendam
749 3798 820 3858 eius
842 3796 915 3857 libri
938 3797 971 3856 in
995 3797 1105 3856 mente
1130 3810 1204 3856 eum
1232 3795 1350 3856 habere

84 3900 165 3960 haud
191 3900 391 3960 mirabimur.
417 3899 547 3973 Legitur
570 3900 658 3960 enim
682 3900 723 3958 N.
749 3901 811 3959 57:

325 4011 364 4084 τῷ
388 4022 420 4060 κε
443 3998 493 4060 καί
516 3998 679 4078 ἐσσύμενόν
701 4021 756 4078 περ
782 3994 928 4078 ἐρωήσαιτ’
955 3996 1014 4058 ἀπὸ
1038 4006 1130 4076 νηῶν,

83 4119 177 4176 quem
215 4120 347 4164 versum
380 4104 474 4165 hodie
508 4103 605 4164 variis
635 4104 741 4164 modis
773 4104 936 4163 tentatum
965 4095 985 4171 ¹)
1008 4100 1109 4161 schol.
1133 4098 1161 4156 V
1188 4099 1351 4174 explicant

86 4203 270 4282 ,iporiam
303 4201 449 4284 ἡσυχάσαι
477 4204 661 4282 ποιήσαιθ’.
694 4205 762 4282 Quo
793 4206 861 4265 iure
889 4205 921 4264 id
953 4203 1065 4265 iecerit
1090 4201 1265 4263 scholiasta
1288 4217 1352 4262 non

82 4307 344 4382 diiudicahimus;
367 4309 423 4368 sed
444 4308 593 4369 videmus
612 4309 695 4368 hanc
714 4305 1013 4381 interpretationem
1033 4305 1100 4365 iam
1113 4305 1256 4366 valuisse
1269 4305 1352 4379 apud

46 4589 48 4593 ,
116 4548 133 4606 Ι)
151 4552 245 4598 Christ.
263 4551 426 4598 scribendum
445 4554 533 4598 censet
547 4555 687 4610 ,λοσύμιιός
703 4567 746 4614 περ
762 4551 880 4613 λροιησιι”.
896 4551 960 4597 (lum
976 4553 1062 4597 nostro
1078 4563 1153 4597 versu
1173 4554 1232 4609 apte
1250 4562 1352 4608 quoque

81 4630 221 4676 Schneider
239 4636 370 4689 comparat
387 4650 404 4677 ι.
424 4633 470 4676 151
494 4629 537 4686 ,0¹13
554 4631 623 4692 φάθ’,
642 4629 654 4677 ὃ
672 4631 697 4676 δ’
718 4634 801 4676 αὐτίκα
819 4631 1041 4690 necessitantur,
1060 4625 1260 4689 repetundi
1302 4686 1304 4688 q
