3068 5294
13 467 59 525 II.
87 467 243 525 97-101
629 469 692 528 217

16 656 114 729 sent3
139 652 257 728 quibus
279 653 416 714 libenter
439 655 608 716 assentior.
634 656 695 718 Sed
718 657 841 731 priores
859 672 986 732 quoque
1006 673 1122 719 versus
1143 658 1296 720 97-104

17 772 111 818 nexu
135 756 311 816 admodum
334 756 425 817 tenui
448 771 524 817 cum
547 758 812 831 praecedentibus
836 761 914 820 sunt
937 761 1109 837 coniuncti,
1138 760 1298 820 transitus

21 860 64 920 ad
88 858 245 932 Pythium
265 858 447 932 Apollinem
467 874 620 936 praeceps
642 859 680 921 lit
703 863 736 921 et
759 861 877 937 subito,
901 863 944 934 et,
970 863 1057 937 quod
1079 863 1212 936 gravius
1235 863 1295 937 est,

23 976 101 1022 cum
132 960 283 1021 laudibus
309 960 468 1035 Apollinis
500 960 623 1038 Oarnei,
647 964 679 1023 in
708 964 825 1038 quibus
848 965 938 1025 totus
961 966 1013 1025 est
1035 966 1130 1039 poeta
1152 979 1209 1039 per
1233 979 1298 1024 ma·

22 1064 128 1125 iorem
158 1063 271 1137 hymni
301 1063 439 1139 partem,
470 1079 585 1139 parum
609 1065 689 1125 haec
712 1065 871 1140 Apollinis
894 1065 1038 1141 Delphici
1061 1066 1204 1127 laudatio
1227 1080 1298 1126 con·

24 1166 126 1227 veuit.
162 1163 207 1224 Eo
238 1162 275 1224 flt
305 1167 352 1241 ut,
388 1165 664 1241 quotienscunque
696 1168 755 1227 hos
786 1182 901 1228 versus
931 1168 1013 1244 lego,
1043 1168 1147 1229 maior
1177 1168 1300 1228 oriatur

24 1268 107 1328 mihi
130 1266 281 1342 suspicio,
305 1266 537 1340 huncquoque
561 1270 687 1342 partem
711 1268 810 1328 simul
834 1283 910 1329 cum
935 1269 1082 1330 versibus
1105 1270 1144 1331 de
1166 1269 1298 1344 invidia,

24 1370 158 1444 dempta
180 1369 381 1443 peroratione
402 1369 544 1445 antiqua,
567 1370 688 1443 hymno
709 1370 870 1431 adiectam
890 1386 962 1432 esse
983 1370 1298 1432 adallimachocum

23 1468 155 1551 ἀκαίρως
175 1471 348 1531 statuisset
368 1471 554 1545 responderi
577 1475 723 1546 oportere
747 1472 1001 1533 obtrectatorum
1029 1473 1298 1534 cavillationibus.

24 1573 110 1633 Tum
141 1573 240 1646 igitur
270 1587 345 1632 cum
377 1573 537 1633 sensisset
559 1588 595 1634 se
619 1574 706 1649 carpi
729 1576 883 1647 quoniam
907 1589 972 1635 non
994 1589 1109 1636 omnes
1131 1575 1244 1635 laudes
1267 1574 1301 1634 in

25 1676 125 1736 deum
157 1690 177 1734 a
205 1690 241 1735 se
264 1676 433 1736 cantatum
465 1674 667 1736 cumulasset
698 1691 800 1737 —eo
836 1677 922 1737 enim
947 1678 1096 1751 spectant
1118 1678 1198 1737 haec
1225 1674 1300 1752 ,oin

25 1765 140 1855 ἄγαμοι
162 1774 213 1836 τὸν
233 1773 337 1837 ἀοιδὸν
357 1771 390 1848 ὃς
413 1771 482 1837 οὐδ’
511 1775 565 1836 ὅσα
588 1775 697 1849 πόντος
721 1774 834 1837 ἀείδεθ’
849 1811 889 1820 -
912 1778 1039 1854 adiecit,
1063 1793 1103 1839 ne
1124 1778 1162 1839 de
1185 1778 1301 1852 Pythio

25 1878 85 1940 deo
120 1893 253 1953 prorsus
287 1879 383 1940 silere
417 1894 548 1942 carmen
585 1880 756 1956 rideretur,
790 1894 910 1954 paucos
941 1894 997 1940 eos
1028 1895 1153 1956 versus,
1184 1879 1301 1953 quibus

25 1977 225 2059 ἐκιρρήματος
256 1979 344 2040 illius
374 1979 424 2058 ,tq
448 1979 479 2058 ἰὴ
502 1984 635 2059 norw
661 1982 801 2057 origines
824 1982 965 2042 breviter
987 1995 1162 2056 exponens,
1193 1995 1300 2041 aemu·

26 2082 151 2144 leretur
191 2082 361 2143 inimicum
405 2083 611 2159 Apollonium
655 2084 706 2154 (cf.
741 2083 846 2159 Apoll.
891 2083 992 2143 Rhod.
1027 2083 1069 2143 Π.
1106 2084 1301 2152 roe-713).

72 2184 277 2260 Quamquam
299 2185 409 2259 itaque
432 2185 472 2245 ab
495 2186 628 2259 antiquo
648 2187 762 2260 hymni
783 2200 913 2260 corpore
934 2183 1135 2245 versusillos
1148 2185 1300 2244 97-113

27 2286 229 2348 divellendos
241 2301 314 2347 esse
327 2286 481 2363 suspicor,
495 2289 617 2363 tamen,
630 2302 730 2362 quam
743 2289 854 2362 potero
863 2286 1067 2363 brevissime,
1080 2301 1192 2348 eorum
1201 2287 1301 2347 etiam

26 2388 205 2449 dictionem
228 2389 383 2464 tractabo,
408 2404 449 2450 ue
473 2404 554 2464 opus
578 2390 662 2463 quod
686 2389 814 2465 suscepi
837 2389 1064 2464 imperfectum
1087 2388 1278 2462 relinquam.

68 2490 125 2552 VS.
174 2493 226 2553 97.
273 2489 303 2568 ἰὴ
327 2489 357 2568 ἰὴ
379 2499 491 2569 ποιεῆον
514 2488 674 2569 ἀκούομεν,
697 2490 806 2551 οὕνεκα
829 2497 915 2551 τοῦτο

274 2590 392 2669 Δελφός
414 2614 459 2653 τοι
481 2591 645 2672 πρώτιστον
669 2590 819 2671 ἐφύμνιον
842 2591 941 2671 εὕρετο
965 2589 1046 2668 λαὸς,

275 2684 351 2771 ἦμος
374 2690 533 2774 ἓκηβοίίην
556 2691 689 2774 χρυσέων
713 2692 902 2756 ἐπεδείκνυτο
927 2692 1028 2765 τόξων.

157 2797 220 2856 100
276 2794 376 2856 Πυθώ
398 2817 444 2856 τοι
466 2795 597 2857 κατιόντι
620 2795 779 2874 συνήντετο
803 2794 959 2874 δαιμόνιος
983 2791 1056 2874 θὴρ,

275 2895 359 2970 αἰνὸς
382 2894 460 2975 deq·
483 2896 535 2962 τὸν
558 2893 612 2976 μὲν
636 2897 673 2959 σὺ
697 2897 860 2977 κατήνκρες
883 2894 972 2958 ἄλλον
995 2890 1038 2957 ee
1063 2893 1140 2982 trip

274 2999 391 3083 βάλλον
414 2996 495 3060 ὠκὺν
518 2996 797 3078 &iactationesque
820 2996 853 3060 δὲ
876 2997 947 3072 λαὸς

278 3100 328 3179 ,tq
351 3099 382 3180 ἰὴ
405 3110 517 3181 παιῆον
541 3101 579 3163 ἵει
602 3099 696 3182 βέλος·
720 3101 800 3164 εὐθύ
823 3120 855 3162 σε
879 3101 975 3181 μήτηρ

275 3198 379 3283 γείνατ’
406 3201 607 3283 ἀοσσητῆροι”.
631 3203 663 3265 τὸ
688 3199 717 3265 δ’
743 3203 814 3279 ἐξέτι
837 3210 941 3265 κεῖθεν
966 3202 1059 3287 ἀείδῃ.

72 3307 208 3382 Epioam
230 3306 405 3368 dictionem
424 3321 481 3381 per
499 3308 596 3368 hosce
616 3323 731 3368 versus
754 3310 914 3382 quantum
937 3309 1045 3384 potest
1064 3307 1219 3382 sectatur,
1240 3305 1303 3365 nisi

28 3410 113 3485 quod
144 3409 216 3484 ipsa
245 3425 279 3470 re
303 3411 435 3469 coactus
459 3409 653 3470 vocabulum
676 3409 771 3484 plane
796 3425 917 3471 novum
943 3407 1145 3486 ἐφύμνιον
1165 3412 1225 3479 (vs.
1250 3408 1303 3472 98)

29 3511 170 3587 adhibet,
201 3511 240 3571 de
271 3525 333 3585 quo
364 3510 570 3572 substantivo
594 3511 810 3586 Spanhemius
834 3513 956 3587 optime
980 3511 1143 3574 disseruit.
1180 3510 1303 3570 Tamen

30 3615 99 3673 sive
123 3612 328 3687 neglegentia
351 3615 501 3689 quadam,
533 3615 603 3675 sive
631 3615 779 3676 consulto
801 3631 843 3676 ne
866 3615 966 3676 nimis
989 3614 1131 3676 Homero
1156 3615 1302 3675 addictus

30 3715 204 3791 videretur,
229 3715 332 3776 semel
355 3717 453 3790 atque
476 3716 597 3776 iterum
621 3716 742 3783 recedit
765 3716 804 3777 ab
828 3717 993 3777 homerica
1017 3717 1142 3778 ratione
1165 3716 1301 3776 dicendi.

30 3817 175 3877 Dixerim
207 3818 293 3877 haud
323 3817 459 3878 latuisse
486 3818 746 3879 eruditissimum
769 3820 911 3894 poetam,
935 3834 1011 3879 cum
1043 3814 1202 3894 Δελφὸν
1232 3814 1305 3876 λαὸν

31 3920 234 3993 nuncuparet
267 3934 379 3980 sacrae
414 3919 504 3981 urbis
535 3919 669 3997 incolas,
701 3919 812 3981 minus
843 3921 1005 3981 homerico
1039 3935 1075 3981 se
1097 3919 1185 3994 loqui
1207 3934 1306 3993 quam

31 4035 110 4081 mox
144 4035 220 4081 cum
255 4018 355 4081 Πυθὼ
385 4021 499 4082 urbem
534 4021 626 4082 illam
662 4024 803 4084 vocaret.
836 4023 889 4082 Ita
919 4037 1045 4097 quoque
1076 4021 1105 4081 si
1128 4020 1307 4081 Homerum

32 4138 132 4197 quam
156 4122 335 4184 Hesiodum
355 4124 448 4197 sequi
470 4124 653 4200 maluisset,
678 4124 809 4184 omnino
833 4139 882 4184 vs.
903 4124 964 4184 101
987 4121 1181 4184 vocabulum
1205 4118 1307 4198 ὄφις,

32 4225 115 4299 quod
152 4225 255 4286 semel
289 4226 373 4300 apud
408 4225 589 4287 Homerum
621 4226 749 4302 legitur,
781 4226 815 4285 in
847 4241 963 4287 versus
998 4224 1115 4286 ultima
1145 4225 1308 4300 posuisset

32 4328 118 4403 sede,
144 4328 181 4388 ut
204 4327 452 4388 celeberrimum
482 4327 622 4406 μείουροι
648 4329 705 4398 (Μ.
731 4327 795 4387 208
819 4324 899 4399 ὅκως
922 4325 989 4386 ἴδον
1014 4324 1116 4386 altico
1141 4322 1224 4402 ὅφιν)
1246 4326 1307 4388 lec·

32 4430 157 4490 toribus
191 4432 358 4491 revocaret
393 4431 426 4491 in
460 4431 665 4507 memoriam,
703 4431 744 4491 ad
779 4445 875 4505 quem
913 4444 1046 4490 versum
1077 4428 1146 4502 ipse
1177 4429 1309 4503 respicit

32 4532 69 4592 ir.
103 4531 179 4592 438.
212 4530 339 4608 contra,
368 4534 405 4593 ut
428 4533 580 4594 omittam
604 4547 701 4593 usum
726 4531 814 4592 verbi
838 4528 1067 4590 ἐπιδείκνυσθαι
1090 4530 1221 4590 omnino
1243 4545 1307 4591 non

33 4633 247 4710 homericum,
279 4633 483 4708 neglegentia
511 4648 662 4710 peccasse
686 4635 816 4708 poetam
846 4631 984 4694 dixerim
1009 4633 1183 4694 draconem
1205 4636 1309 4711 θῆρα
