3090 5294
839 455 882 515 66
994 516 996 519 ,
1280 451 1338 513 ΙΙΙ.
1365 450 1489 513 ca-ii

218 640 324 715 prodit
360 640 488 726 ,σποδιη
515 637 682 723 ποχριμένος
705 640 811 726 oluff.
835 640 965 722 χρίειν
993 642 1104 703 autem
1127 640 1277 702 nonnisi
1300 641 1340 702 de
1363 640 1489 714 liquidis

219 741 335 802 dicitur
358 743 391 804 in
409 744 551 817 antiquis
571 743 670 819 epicis
693 740 861 827 (ἀμβροσίη,
882 736 941 802 λίπ’
965 739 1072 828 έλοιίμ),
1094 758 1199 818 neque
1218 743 1424 804 homericum
1445 745 1491 803 est

218 844 415 904 adiectivum
448 843 575 917 αίθός.
609 845 745 919 Nigrum
779 845 921 905 indicare
953 844 1037 920 apud
1069 846 1218 906 nostrum
1247 845 1393 920 apparet,
1417 859 1489 904 nam

218 946 328 1019 aperte
361 948 487 1021 spectat
517 946 652 1009 Homeri
682 962 815 1008 versum
838 944 894 1007 Od.
920 966 943 1007 ε.
970 945 1034 1006 488
1063 944 1155 1006 δαλὸν
1178 945 1325 1030 σποδιη
1348 942 1490 1024 ἐνέκρυψε

219 1045 394 1131 μελαίνχ.
428 1048 499 1110 Non
533 1049 656 1110 temere
687 1048 797 1122 itaque
820 1048 996 1123 suspiceris
1022 1047 1109 1108 idem
1132 1047 1172 1108 de
1195 1063 1273 1109 voce
1296 1039 1399 1124 νίδοψ
1424 1063 1489 1109 sen·

217 1149 300 1210 sisse
314 1147 548 1212 Callimachum
561 1150 644 1224 quod
656 1150 755 1212 refert
774 1150 958 1226 Hesychius
976 1152 1009 1212 et
1020 1150 1127 1225 Etym.
1144 1150 1248 1225 Magn.
1262 1150 1280 1209 ι’.
1293 1166 1338 1212 u:
1357 1149 1489 1228 ,αἴθοπα

218 1242 302 1310 οἶνον
328 1248 379 1311 τδν
402 1248 534 1330 μέλαιν’
558 1267 662 1326 neque
686 1252 785 1327 igitur
810 1254 840 1314 ei
862 1253 970 1315 deberi
1002 1252 1300 1328 interpretationem
1330 1266 1430 1325 quam
1454 1251 1490 1311 ad

218 1368 350 1414 versum
374 1377 401 1416 ν..
428 1356 489 1416 152
521 1354 648 1426 (οίδοποι
671 1353 800 1426 καπνὸν)
824 1356 1024 1432 Aristarcho,
1049 1355 1119 1416 sive
1146 1355 1263 1416 merito
1286 1354 1358 1415 sive
1381 1355 1489 1415 imme·

218 1455 280 1516 rito
294 1455 441 1517 tribuunt
457 1455 598 1518 Scholia:
624 1454 693 1533 ,τὸν
714 1453 746 1515 έκ
758 1464 810 1516 τοῦ
823 1455 969 1517 αἴθεσθαι
986 1454 1003 1516 ὅ
1019 1453 1077 1516 έστι
1092 1455 1231 1515 καίεσθαι
1243 1452 1490 1533 ἀναδιδόμενον”.

266 1555 338 1617 Vss.
360 1556 401 1617 69
425 1559 458 1617 et
484 1559 524 1618 70
547 1558 618 1633 ipsa
631 1557 763 1619 Homeri
775 1558 959 1621 imitatione
984 1559 1185 1620 obscuriores
1203 1556 1295 1618 flunt.
1315 1556 1402 1618 Nam
1419 1571 1489 1618 cum

220 1657 319 1718 simul
340 1657 463 1719 alludat
486 1661 581 1733 poeta
600 1659 639 1719 ad
663 1659 696 1720 Θ.
712 1660 773 1719 271
796 1649 890 1732 (αὖτις
903 1657 967 1737 ibo,
985 1658 1055 1731 ποίας
1077 1655 1116 1731 ilp
1136 1656 1196 1718 ὑπὸ
1208 1654 1328 1738 μητέρα,
1346 1657 1447 1729 duone)
1462 1660 1491 1718 el

222 1761 256 1819 Z.
277 1761 341 1821 467
365 1754 421 1834 (ἂψ
445 1753 473 1818 i’
502 1755 517 1819 ὁ
537 1759 607 1832 πάις
629 1758 703 1838 πρὸς
722 1760 834 1822 κόλπον
855 1759 994 1834 ένζώνοιο
1015 1749 1142 1839 τιθήνης
1162 1757 1296 1838 έκλινθη,
1314 1760 1354 1821 de
1379 1762 1489 1835 Astya-

220 1863 314 1923 nacte
349 1862 402 1935 qui
438 1864 474 1922 ut
504 1862 612 1923 infans
641 1863 799 1924 bracchiis
833 1865 935 1926 fertur
965 1879 985 1925 a
1015 1864 1151 1934 nutrice)
1178 1863 1259 1923 mire
1283 1864 1490 1925 conturbatur

219 1963 338 2038 imago.
366 1963 475 2024 -De
510 1964 607 2025 verbo
641 1964 947 2045 μορμύσσεσδοιι
987 1981 1043 2041 pro
1077 1964 1208 2039 vulgato
1238 1964 1488 2044 μορμολύττεσθαι

219 2065 285 2124 iam
309 2065 461 2126 dixerunt
485 2063 622 2127 dobetus
645 2065 689 2137 (ll.
713 2083 743 2142 p.
768 2069 843 2139 422)
868 2070 902 2129 et
925 2068 1138 2129 Schneiderus
1161 2082 1191 2143 p.
1218 2067 1292 2128 216.

282 2266 337 2328 Vs,
363 2268 414 2330 72.
460 2275 555 2348 κοῦρα
579 2267 615 2328 σὺ
640 2263 672 2328 δέ
695 2266 826 2349 προτέρω
854 2290 919 2349 περ,
941 2268 982 2333 έτι
1006 2267 1155 2350 τριέτηρος
1178 2265 1281 2346 έοῦσα,

463 2360 519 2431 εὖτ’
545 2367 648 2448 ἔμολεν
670 2369 761 2450 Λητώ
785 2387 816 2432 σε
840 2365 896 2450 μετ’
922 2369 1110 2452 ἀγκαλίδεσσι
1132 2366 1277 2451 φέρουσα,

462 2467 628 2550 Ἡφαίστου
653 2469 817 2551 καλέοντος,
840 2471 920 2546 ὅπως
944 2468 1070 2552 ὀπτήρια
1092 2471 1171 2550 δοίη,

365 2576 406 2637 75
464 2573 597 2655 Βρόντεώ
625 2590 656 2635 σε
679 2576 861 2655 στιβαροῖσιν
883 2572 1086 2653 έφεσσαμένον
1110 2572 1272 2655 γονάτεσσι,

465 2677 590 2756 στήθεος
613 2674 645 2738 έκ
668 2677 795 2759 μεγάλου
817 2677 921 2757 λασίης
945 2674 1070 2759 lipsiae
1095 2676 1206 2757 χαίτης,

463 2779 584 2856 ὤλοψας
607 2775 639 2840 δέ
662 2779 759 2859 βίηφι·
781 2778 814 2840 τὸ
838 2776 866 2840 δ’
892 2776 1010 2860 έίτριχον
1034 2776 1119 2840 εἰσέτι
1144 2775 1193 2838 κοιλ
1216 2785 1273 2838 νῦν

463 2880 618 2959 μεσσάτιον
642 2879 773 2961 στέρνοιο
797 2878 876 2961 μένει
900 2879 997 2962 μέρος,
1020 2878 1059 2954 ὡς
1084 2879 1130 2942 ὅτε
1152 2878 1245 2965 κόρση

462 2981 560 3060 φωτὸς
583 2981 773 3063 ένιδρυθεῖσοι
795 2983 892 3063 κόμην
917 2977 1082 3062 ἆπενείματ’
1108 2980 1237 3061 ἀλώπηξ.

263 3086 363 3149 (laute
393 3087 425 3147 in
460 3085 549 3147 hisce
579 3086 738 3160 mendum
770 3089 831 3163 est,
862 3102 966 3161 neque
997 3086 1150 3160 quidquid
1173 3085 1338 3146 novicium
1362 3085 1486 3147 videtur

217 3188 405 3249 Callimachi
439 3187 536 3248 unius
570 3188 677 3249 studio
708 3189 846 3249 novandi
879 3188 1096 3265 tribuendum,
1128 3187 1282 3261 quoniam
1313 3188 1486 3249 admodum

217 3290 349 3350 dubium
370 3291 421 3351 est
440 3304 519 3349 num
538 3292 633 3364 poeta
653 3290 707 3363 qui
726 3290 890 3367 glorietur,
912 3306 948 3351 se
972 3287 1143 3370 ἀμάρτυρον
1168 3285 1257 3349 οὐδέν
1282 3285 1404 3368 ἀείδειν,
1423 3291 1486 3366 ipse

82 3439 86 3447 ς
216 3391 371 3452 traditam
398 3392 625 3465 sacratamque
656 3392 892 3466 mythologiam
916 3391 1042 3452 violans
1065 3392 1104 3452 de
1128 3407 1188 3452 suo
1212 3406 1346 3452 causam
1369 3391 1487 3466 fingere

217 3507 317 3554 ausus
347 3493 401 3569 sit,
424 3493 509 3554 unde
532 3494 603 3553 orta
626 3495 714 3554 esset
736 3493 851 3568 depilis
874 3508 949 3568 pars
974 3494 1007 3554 et
1034 3494 1204 3566 tamquam
1227 3493 1371 3569 alopecia
1395 3495 1490 3556 adesa

212 3595 245 3655 in
281 3593 454 3669 cyclopum
491 3594 684 3669 pectoribus.
722 3595 826 3671 Quam
854 3595 1024 3656 historiam
1055 3595 1140 3655 unde
1171 3595 1315 3656 hauserit
1339 3597 1438 3670 poeta
1459 3596 1489 3655 iu

212 3697 358 3773 obscuro,
392 3696 541 3757 videntur
575 3698 688 3757 autem
719 3697 878 3772 plurimas
910 3712 951 3758 ex
987 3711 1024 3757 eo
1049 3696 1138 3757 fonte
1161 3697 1191 3757 ei
1222 3696 1353 3758 venisse
1383 3698 1489 3759 dictio·

212 3813 271 3859 nes
305 3812 387 3871 quae
424 3812 443 3858 a
473 3812 623 3858 sermone
659 3798 822 3860 homerico
846 3814 977 3874 prorsus
1005 3797 1073 3858 sint
1095 3797 1201 3862 alieni.
1225 3799 1277 3860 Ita
1300 3799 1490 3860 adverbium

210 3896 385 3978 προτέρω
409 3899 621 3975 praeteritum
646 3901 767 3962 indicat
787 3903 927 3979 tempus,
952 3915 1151 3975 quamquam
1171 3899 1334 3961 Homerus
1355 3900 1387 3961 id
1400 3917 1490 3963 num·

211 4016 309 4075 quam
344 4017 419 4062 cum
453 4000 597 4081 πρότερον
634 4004 895 4064 commutaverat
929 4014 1033 4077 neque
1066 4002 1106 4063 do
1136 4001 1321 4076 praeteritis
1352 4002 1491 4079 dixerat,

213 4115 341 4165 verum,
363 4103 553 4178 plerumque
589 4112 715 4176 τοπικῶς
750 4104 950 4181 adhibuerat,
983 4103 1086 4164 semel
1117 4105 1215 4178 atque
1239 4103 1360 4164 iterum
1385 4105 1435 4166 ita
1458 4108 1494 4167 ut

212 4205 321 4267 futura
356 4207 501 4280 spectare
525 4206 613 4267 dicas
652 4207 687 4279 (ξ.
713 4208 795 4281 356;
820 4228 853 4268 ω.
878 4208 964 4284 475),
989 4206 1106 4280 quibus
1129 4205 1207 4268 locis
1231 4205 1334 4267 fretus
1357 4207 1400 4269 11.
1429 4210 1492 4271 864

212 4307 407 4383 Apollonius
429 4307 559 4383 scripsit

456 4407 509 4468 καί
529 4409 568 4470 νύ
590 4405 614 4469 κ’
640 4409 681 4471 έτι
703 4407 834 4491 προτέρω
858 4407 1020 4488 τετιημένοι
1045 4407 1235 4489 ἰσχανόωντο.

211 4589 213 4593 .
244 4512 310 4585 „ita
329 4507 502 4589 ,ὀπτήρια
525 4514 594 4572 tam
620 4528 654 4573 re
678 4528 777 4586 quam
797 4512 894 4573 verbo
918 4512 1059 4574 Homero
1082 4511 1255 4587 incognita.
1273 4511 1356 4573 Rem
1368 4528 1493 4576 memo·

213 4614 457 4688 ratheschylus
469 4612 561 4674 Εκνν.
578 4615 595 4673 7
616 4615 669 4674 ubl
693 4617 785 4676 vocat
805 4610 959 4694 γενέθλιον
980 4613 1064 4673 δόσιν
1084 4615 1124 4675 ad
1145 4629 1242 4689 quem
1262 4613 1370 4674 locum
1384 4615 1493 4677 Schol.
