3090 5294
839 445 882 505 50
1304 446 1362 507 111.
1390 448 1496 508 7-10

228 636 285 696 rici
318 635 354 694 ιἰι
387 632 486 710 Apoll.
525 646 571 691 vs.
606 631 646 691 79
685 630 800 691 Delum
836 631 978 692 insulam
1012 632 1101 693 hisce
1136 632 1312 694 allocutam
1347 632 1496 694 finxisset

224 739 399 798 Latonam:

446 828 503 895 ἀλλ’
530 832 560 894 εἴ
578 855 628 911 μοι
651 832 751 911 τλαίης
773 854 805 913 γε
828 831 887 893 θεά
910 830 1002 913 μέγαν
1026 831 1116 914 ὅρκον
1140 829 1274 913 ὀμόσσαι,

448 934 557 997 ένθάδε
580 957 631 1013 μιν
654 943 771 1014 πρῶτον
793 934 905 1008 τεύξειν
927 933 1100 1014 περικαλλέα
1122 934 1198 1014 νηὸν

444 1038 567 1118 ἔμμεναι
590 1034 762 1116 ἀνθρώπων
784 1036 971 1117 χρηστήριον,
994 1036 1087 1117 αὐτὰρ
1111 1035 1208 1098 ἔπειτα

444 1141 596 1212 πάντας
620 1132 669 1199 ἔπ’
695 1135 941 1218 ἀνθρώπους,
963 1138 1025 1200 ἐπεὶ
1048 1131 1067 1217 ἦ
1090 1138 1287 1217 πολυώνυμος
1310 1137 1399 1200 ἔσται·

224 1247 326 1323 Quem
357 1246 465 1306 iocum
498 1246 530 1304 et
560 1242 613 1302 hio
650 1241 781 1315 respicit
817 1240 1034 1304 Callimachus
1064 1245 1097 1303 ot
1132 1243 1274 1316 apertius
1308 1243 1410 1303 etiam
1442 1259 1489 1302 ex·

220 1349 333 1423 primii
365 1349 406 1409 Π.
443 1346 485 1408 70
526 1343 623 1420 πάντη
664 1339 697 1402 δέ
731 1364 775 1402 τοι
807 1340 923 1421 οὔνομα
957 1344 1062 1404 πουλύ.
1099 1345 1119 1405 i.
1149 1360 1176 1405 e.
1212 1343 1308 1423 πάντη
1339 1343 1489 1405 πολυώνυ-

222 1470 277 1527 μος
301 1442 328 1509 εἷ
344 1443 375 1522 ¹).

288 1652 343 1712 Vs.
368 1651 398 1710 8.
445 1646 497 1720 δὸς
521 1643 547 1707 δ’
575 1646 639 1718 ιὀὺς
663 1644 713 1706 καὶ
735 1646 804 1720 τόξα
832 1682 872 1689 -
897 1645 931 1707 έα
954 1646 1114 1727 πάτερ,οό
1140 1644 1172 1708 σέ
1195 1646 1356 1729 φαρέτρην,

445 1747 482 1811 οά
505 1744 533 1809 u’
559 1747 644 1809 αἰτέω
668 1747 741 1830 μέγα
763 1749 849 1823 τόξον
872 1747 947 1828 (ἐμοὶ
971 1750 1133 1822 Κύκλωπες
1157 1745 1273 1823 ὀιστοὺς

348 1855 387 1914 10
444 1850 550 1912 αὐτίκα
571 1850 770 1931 τεχνησονται,
792 1849 855 1930 ἐμοὶ
880 1846 907 1911 δ’
934 1848 1081 1931 εὐκαμπές
1104 1848 1222 1930 άεμμα),

443 1951 516 2013 ἀλλὰ
539 1952 729 2032 φαεσφορίην
752 1975 782 2013 τε
803 1950 854 2012 καλ
877 1949 906 2025 ές
929 1951 1004 2033 γόνυ
1027 1950 1109 2032 μέχρι
1132 1961 1239 2032 χιτῶνα

442 2054 614 2128 ζώννυσθαι
635 2054 791 2136 λεγνωτὸν,
813 2049 849 2115 ἵν’
875 2053 963 2136 άγρια
986 2055 1080 2135 θηρία
1102 2055 1205 2117 καίνω.

443 2155 494 2229 δὸς
518 2154 551 2217 δέ
574 2179 624 2236 μοι
648 2155 790 2234 ἑξήκοντα
813 2156 960 2237 χορίτιδας
978 2151 1168 2236 Ὠκεανίτας,

443 2258 540 2331 πάσας
563 2256 697 2335 εἰνετέας,
719 2259 816 2331 πάσας
839 2257 880 2320 ἔτι
902 2260 1012 2332 παῖδας
1035 2257 1184 2340 ἀμέτρους.

171 2395 173 2397 >
264 2364 316 2423 Ita
347 2362 559 2423 Schneiderus
593 2362 652 2422 hos
688 2378 802 2422 versus
836 2362 944 2438 edidit,
980 2364 1078 2439 recte,
1113 2363 1147 2423 ni
1181 2361 1284 2439 fallor,
1315 2365 1379 2424 nisi
1407 2365 1485 2439 quod

221 2465 403 2540 recipienda
439 2463 563 2524 videtur
597 2462 790 2524 Blomfieldii
822 2464 985 2541 correctio,
1015 2479 1070 2539 pro
1094 2460 1131 2523 οὔ
1155 2480 1196 2541 σε,
1218 2461 1255 2523 οὐ
1279 2459 1310 2524 σὲ
1334 2465 1485 2541 legentis3

221 2570 294 2626 tum
329 2566 394 2628 leni
430 2565 610 2626 mutatione
642 2580 698 2639 pro
729 2559 797 2624 οὐδ’
831 2561 916 2624 αἰτέω
944 2565 1148 2626 scribendum
1177 2567 1254 2640 puto
1277 2564 1321 2626 ot
1346 2562 1370 2627 ο)
1396 2566 1486 2644 αἰτέο,

220 2684 283 2741 quo
315 2668 421 2741 magis
452 2682 527 2728 cum
559 2665 749 2727 Callimachi
772 2666 897 2726 dicendi
921 2666 1045 2727 ratione
1070 2667 1241 2727 conveniat
1266 2667 1321 2743 „oi
1346 2666 1378 2729 σὲ
1402 2667 1487 2749 ‹papi-

220 2792 302 2848 τρηι,
336 2767 372 2829 οὔ
404 2762 428 2828 τ’
462 2764 547 2827 αἰτέω
579 2764 652 2847 μέγα
683 2767 779 2845 τόξον,
806 2768 923 2829 iterato
954 2769 1142 2843 pronomine
1165 2771 1202 2828 ut
1225 2768 1487 2844 insequentibus

220 2869 284 2949 ἐμοὶ
318 2871 539 2943 Κύκλωπες...
575 2866 640 2948 ἐμοὶ
676 2864 705 2928 δ’
744 2866 900 2947 sinopici.
946 2870 987 2930 Et
1017 2870 1160 2945 postulat
1191 2870 1223 2931 id
1253 2873 1487 2945 quodammodo

219 2975 381 3035 sententia
405 2973 492 3034 utin
512 2988 688 3049 pronomen
709 2967 740 3031 σέ
761 2972 867 3033 omnis
888 2973 1018 3034 animus
1041 2972 1171 3034 lectoris
1194 2976 1389 3051 arcessatur,
1415 2991 1488 3036 nam

219 3075 279 3135 hoc
310 3074 451 3150 profecto
478 3074 590 3135 docere
613 3075 716 3135 voluit
739 3089 816 3135 suos
839 3075 935 3149 poeta
958 3075 1110 3147 antiquae
1134 3074 1297 3149 religionis
1320 3077 1487 3138 observan-

218 3178 378 3254 tissimus,
414 3176 577 3255 τοξοσύτην
611 3177 749 3238 fortasse
781 3179 867 3238 recte
891 3177 958 3251 peti
980 3192 1000 3237 a
1023 3177 1109 3250 Rege
1133 3177 1277 3255 deorum,
1302 3181 1337 3239 at
1360 3195 1426 3241 non
1450 3181 1489 3255 ip·

219 3295 295 3339 sum
329 3293 440 3339 arcum
470 3280 508 3348 et
539 3278 694 3354 sagittas;
726 3294 786 3339 nec
818 3279 904 3339 enim
927 3278 1007 3340 talia
1041 3279 1221 3340 Homerum
1249 3280 1392 3342 voluisse
1417 3297 1489 3343 oum

222 3383 259 3442 Φ.
285 3381 530 3443 4801unonem
554 3381 642 3442 hisce
666 3381 699 3441 in
723 3380 860 3441 Dianam
884 3379 1036 3442 finxisset
1058 3381 1239 3443 invectam:

440 3490 503 3554 πῶς
527 3477 559 3542 δέ
582 3481 619 3542 σὺ
643 3490 701 3542 νῦν
724 3479 854 3560 μέμονας
877 3481 952 3541 κύον
975 3477 1078 3554 ἀδδεές
1101 3477 1178 3542 ἀντί’
1206 3480 1283 3561 ἐμεῖο

442 3583 624 3661 στήσασθαι;
642 3582 753 3663 χαλεπή
777 3604 821 3643 τοι
844 3580 900 3663 έγόι
923 3581 1011 3661 μένος
1034 3580 1245 3664 ἀντιφέρεσθαι

441 3685 594 3772 τοξοφόρῳ
617 3707 671 3765 περ
695 3683 796 3771 ἕοόση,
818 3683 883 3746 ἐπεί
904 3702 935 3746 σε
957 3682 1060 3746 λέοντα
1083 3685 1200 3767 γυναιξὶ

442 3787 518 3859 Ζεὺς
540 3792 636 3866 θῆκεν
659 3786 708 3848 καλ
731 3787 821 3848 ἔδωκε
843 3787 1027 3866 κατακτάμεν
1051 3788 1088 3866 ἥν
1111 3783 1134 3848 κ’
1160 3786 1321 3872 ἐθέλῃσθα.

262 3890 332 3950 Νοο
355 3890 454 3964 igitur
477 3905 590 3950 arcum
613 3892 701 3952 dedit
734 3892 829 3953 Pater
853 3891 973 3952 Dianae
997 3894 1032 3952 at
1061 3894 1168 3954 artem
1190 3892 1406 3966 sagittarium.
1433 3895 1491 3955 Ne·

219 4007 281 4064 que
323 4008 452 4067 semper
486 3994 646 4055 mehercle
681 3995 901 4070 antiquissimi
930 3998 1044 4070 poetae
1076 3996 1107 4056 id
1146 3999 1300 4056 curarunt
1334 4000 1371 4056 ut
1405 4000 1492 4059 unde

219 4095 351 4155 deornm
379 4111 439 4156 sua
466 4097 580 4171 cuique
610 4097 750 4171 insignia
775 4097 930 4175 venirent,
954 4098 1106 4159 continuo
1129 4098 1377 4172 diligentissimo
1401 4104 1491 4162 nota

250 4387 269 4454 ¹)
290 4391 345 4438 Non
368 4392 447 4450 igitur
465 4393 530 4439 facio
549 4406 606 4439 oum
624 4393 704 4454 Innio,
723 4393 767 4452 qui
784 4393 800 4440 l.
819 4393 835 4440 l.
857 4407 881 4454 p.
901 4396 948 4441 102
969 4394 1044 4441 aliter
1064 4394 1096 4442 de
1113 4394 1153 4441 his
1170 4393 1257 4442 verbis
1275 4395 1412 4455 disputans
1431 4411 1492 4446 oon·

215 4471 297 4518 tendit
323 4473 398 4530 πάντη
426 4485 475 4517 non
498 4470 584 4533 ubique
606 4472 651 4518 sed
673 4471 769 4519 omnino
791 4473 942 4532 significare,
967 4475 1045 4520 Recte
1063 4476 1149 4520 antem
1167 4474 1317 4521 Schneidsri
1340 4475 1491 4535 opinionem

215 4550 247 4596 do
265 4550 383 4596 adiectivi
401 4554 472 4604 πολὺς
489 4551 673 4609 significatione
688 4546 732 4614 („a
749 4552 838 4599 multis
856 4548 1022 4615 celebraris’¹)
1040 4554 1201 4611 impugnavit
1218 4552 1294 4600 idem.
1313 4554 1437 4603 (laterum
1457 4559 1492 4605 oi.

215 4631 246 4677 ud
264 4630 297 4676 11.
318 4631 355 4677 70.
