3068 5294
810 455 872 520 174
1219 449 1273 521 IV.
1299 451 1474 523 aer-260

204 646 374 707 amborum
416 645 529 707 laudes
566 645 727 707 celebrare
766 645 917 722 solerent,
948 645 1088 720 origines
1120 646 1299 709 vindicaret
1336 648 1474 709 divinas.

204 749 318 824 Simul,
346 749 424 809 dum
455 763 512 809 eas
535 741 705 824 Ἐλειθυίης
729 745 809 826 ἱερὸν
831 744 917 825 μέλος
947 750 1117 810 cantantes
1143 748 1230 826 facit,
1255 750 1366 811 Olenis
1394 752 1477 812 vatis

204 851 327 925 antiqui
349 850 462 911 recolit
485 850 688 911 memoriam.
718 842 738 920 ¹)

248 952 434 1014 Revertitur
464 951 504 1011 ad
535 951 715 1012 Homerum
745 951 853 1025 ipsum
885 950 1112 1028 Callimachus,
1137 969 1213 1014 cum
1237 969 1286 1014 ve.
1311 955 1377 1014 258
1400 955 1478 1016 dicit

202 1052 311 1132 αίθέρα
342 1052 465 1132 χάλκεον
498 1049 661 1130 ἀντηχῆσαι
695 1050 876 1130 θιαττρυσίην
914 1048 1070 1132 ὀλολυγὴν,
1108 1055 1141 1115 in
1176 1055 1293 1129 quibus
1327 1057 1477 1117 consulto

202 1170 279 1215 eum
302 1155 497 1215 immutasse
519 1155 608 1215 dicas
631 1154 795 1215 homerica
819 1154 915 1215 verba
938 1157 1063 1225 (11425
1087 1155 1233 1235 σιδήρειος
1253 1152 1282 1216 δ’
1306 1153 1477 1237 ὀρυμαγδὸς

201 1256 324 1335 χάλκεον
352 1253 483 1333 οὐρανὸν
512 1247 556 1314 ίιιε
579 1249 615 1314 δι’
642 1252 764 1333 αἰθέρος
788 1252 978 1335 ἀτρυγέτοιο),
1004 1259 1042 1317 ut
1064 1262 1232 1334 appareret
1256 1260 1318 1320 sihi
1342 1261 1477 1334 quidem

203 1359 312 1419 minus
342 1358 468 1432 probari
498 1359 529 1418 id
560 1357 733 1419 discrimen
764 1359 847 1431 quod
879 1358 1001 1419 facturn
1038 1376 1111 1420 esse
1145 1361 1185 1421 ah
1216 1361 1357 1422 Homero
1391 1364 1477 1424 inter

202 1459 358 1521 vocabula
392 1456 520 1536 οὐρανὸς
554 1461 588 1520 et
621 1456 715 1536 αἰθὴρ
749 1460 980 1521 contenderent
1013 1461 1223 1523 Alexandrini
1252 1456 1285 1532 ²).
1322 1463 1478 1526 Ceterum

201 1576 400 1636 quamquam
428 1559 698 1638 ,διαπρυοίηυ
722 1555 941 1641 ὀλολυγὴν”
966 1563 1087 1623 sumsit
1110 1579 1152 1624 ex
1176 1566 1296 1637 hymno
1319 1566 1354 1624 in
1387 1566 1476 1627 Vene-

127 1669 129 1673 '
200 1680 268 1724 rem
291 1668 351 1735 (ve.
379 1663 440 1738 19),
464 1663 535 1736 ipsa
558 1663 676 1723 locutio
700 1659 812 1739 ,αἰθὴρ
832 1659 955 1741 ἀντηχεῖ
968 1659 1135 1744 ὀλολυγὴν”
1154 1666 1354 1740 tragoediam
1376 1668 1476 1743 sapit.

245 1765 384 1826 Versum
416 1765 480 1824 259
511 1763 616 1839 primo
646 1764 770 1840 obtutu,
802 1766 973 1837 tamqnam
1004 1765 1099 1840 plane
1130 1782 1410 1842 supervacaneum
1442 1773 1478 1829 et

199 1870 273 1944 post
302 1884 341 1929 ea
371 1882 454 1940 quae
482 1867 548 1927 iarn
575 1867 702 1927 dixerat
724 1867 803 1926 Iuno
829 1867 937 1941 inepte
960 1868 1133 1944 adiectum,
1158 1870 1313 1930 damnare
1333 1868 1474 1930 forsitan

200 1970 362 2044 quispiam
387 1969 474 2029 velit.
498 1969 629 2030 Addidit
652 1970 762 2029 autem
786 1969 854 2043 ipse
878 1969 911 2028 ni
937 1968 1031 2030 fallor
1049 1972 1144 2045 poeta
1163 1973 1334 2031 centonem
1354 1987 1475 2046 parum

195 2073 364 2146 eleganter
395 2087 435 2132 ex
466 2070 614 2131 frustulis
645 2070 818 2131 homericis
849 2069 895 2141 (Θ.
922 2071 1002 2146 189;
1036 2074 1068 2130 Ζ.
1094 2073 1168 2143 234)
1198 2074 1474 2150 conglutinatum,

201 2177 237 2235 ut
267 2176 300 2234 in
330 2174 400 2234 Deli
429 2174 584 2234 honorem
614 2171 646 2232 id
676 2172 842 2245 mitigaret
864 2173 947 2245 quod
972 2173 1004 2232 in
1028 2174 1088 2234 hac
1110 2174 1181 2248 ipsa
1202 2177 1293 2248 parte
1316 2177 1477 2237 carminis

199 2278 323 2350 antiqui
349 2278 443 2336 vetus
466 2275 706 2335 memoraverat
728 2276 824 2348 poeta
847 2274 965 2350 (λομυινι.
989 2275 1071 2336 hom.
1095 2276 1130 2334 ι’νι
1153 2275 1253 2350 Apoll.
1273 2277 1345 2346 95):
1365 2293 1477 2339 omnes

199 2378 335 2454 adfuisse
358 2379 431 2438 deae
458 2374 587 2452 ,νόσφιν
611 2371 793 2435 λευκωλένου
809 2371 937 2455 Ἥρης”.

242 2583 297 2644 Vs.
322 2584 396 2645 260.
442 2578 551 2659 χρύσεά
573 2599 618 2638 τοι
641 2576 704 2638 τότε
726 2577 823 2640 πάντα
846 2578 981 2658 θεμείλια
1004 2580 1113 2658 γείνετο
1138 2583 1226 2660 Δῆλε,

441 2690 539 2764 χρυσῷ
563 2676 595 2740 δέ
618 2678 775 2760 τροχόεσσα
798 2679 969 2762 πανήμερος
992 2679 1071 2761 ἔρρεε
1089 2682 1188 2761 λίμνη,

441 2783 578 2863 χρύσειον
602 2776 630 2842 δ’
657 2779 781 2860 ἐκόμησε
804 2780 961 2863 γενέθλιον
985 2781 1070 2863 έρνος
1093 2781 1202 2863 ἐλαίης,

441 2895 539 2969 χρυσῷ
563 2879 591 2945 δ’
617 2882 787 2963 έτιλήμμυρε
810 2884 910 2963 βαθὺς
930 2880 1053 2958 'luenda
1076 2883 1211 2965 ἑλιχθείς,

441 2985 517 3065 αὐτὴ
541 2983 573 3046 δέ
595 2984 730 3066 χρυσέοιο
753 2980 802 3046 ἀπ’
825 2984 929 3060 οὔδεος
952 2986 1027 3048 atico
1050 2987 1153 3065 τιαῐιλα,

320 3093 383 3151 265
441 3086 473 3148 έν
497 3084 524 3147 δ’
552 3085 656 3167 έβάλευ
680 3087 843 3165 κόλποισιν,
865 3086 936 3161 ἔτνος
961 3083 991 3148 δ’
1017 3086 1166 3169 ἐφθέγξαο
1189 3093 1278 3149 τοῖον·

240 3193 396 3253 Taedinm
417 3206 528 3252 vereor
547 3205 587 3250 ne
610 3190 783 3252 lectoribus
807 3206 959 3252 moveam
982 3192 1011 3251 si
1040 3207 1172 3267 pergam
1194 3207 1251 3267 per
1275 3207 1392 3252 versus
1417 3210 1470 3255 an·

194 3295 277 3368 tiqui
310 3294 423 3368 hymni
454 3292 583 3366 singula
615 3294 712 3354 verba
735 3293 843 3354 verbis
868 3291 1056 3354 Callimachi
1078 3308 1247 3369 opponere.
1270 3293 1379 3355 Etiam
1404 3313 1470 3358 non

194 3395 381 3456 admonitus
396 3395 503 3469 quivis
525 3395 613 3455 videt
623 3410 756 3470 prorsus
777 3396 938 3470 corrumpi
957 3396 1060 3456 nostri
1077 3395 1275 3457 abundantia
1294 3397 1469 3471 antiquum

194 3496 274 3556 illud
300 3504 416 3579 ,χρυσῷ
440 3491 469 3556 δ’
495 3493 552 3574 ἄρα
578 3500 676 3574 Δῆλος
700 3495 801 3556 ἅπασα
822 3494 971 3575 ἤνθησε”.
994 3498 1031 3558 ld
1054 3499 1183 3558 tantum
1203 3498 1283 3559 libet
1301 3500 1468 3578 adnotare,

195 3612 293 3671 quam
314 3598 438 3658 erudite
458 3602 592 3659 exornet
614 3614 727 3660 versus
739 3600 903 3675 pristinos,
928 3600 1027 3660 simul
1047 3615 1146 3674 quam
1166 3600 1336 3676 diligenter
1352 3607 1470 3664 caveat

193 3715 244 3775 ne,
279 3700 396 3772 quihus
429 3699 542 3775 Delphi
573 3701 731 3778 fruantur,
766 3701 863 3762 Delos
891 3704 999 3762 careat
1023 3702 1206 3762 honoribus.
1235 3701 1364 3763 Etenim
1387 3705 1468 3765 dum

194 3801 333 3875 legimus
367 3804 464 3876 atque
500 3802 675 3875 relegimus
709 3819 824 3864 versus
856 3803 928 3863 illos
957 3804 1142 3879 too—263,
1167 3803 1273 3876 magis
1296 3805 1468 3880 magisque

193 3904 286 3964 nohis
312 3905 556 3980 persuademus,
580 3906 656 3965 ante
679 3904 789 3965 oculos
816 3905 979 3981 hahuisse,
1003 3905 1106 3965 immo
1129 3905 1335 3979 aliquatenus
1358 3922 1469 3968 aemu-

194 4004 254 4065 lari
289 4006 431 4066 voluisse
467 4004 701 4067 Callimachum
737 4006 849 4066 Alcaei
878 4021 1009 4066 carmen
1037 4007 1117 4067 illud
1147 4007 1240 4066 cuius
1270 4010 1467 4070 memoriam

194 4108 339 4168 servavit
361 4106 528 4169 Himerius
551 4108 602 4178 (cf.
627 4108 701 4182 Lyr.
715 4107 768 4168 Gr.
794 4108 842 4168 ed.
864 4107 979 4181 Bergk.
1000 4108 1057 4168 ΠΙ.
1083 4107 1166 4182 148),
1186 4109 1219 4166 in
1239 4122 1302 4181 quo
1322 4111 1468 4172 carmine

194 4208 379 4281 expositum
413 4211 484 4270 erat
518 4224 601 4284 quae
635 4209 766 4284 Delphis
801 4209 834 4269 in
867 4209 1026 4283 Apollinis
1061 4206 1201 4291 ἐπιδημίᾳ
1231 4208 1363 4272 flerent:
1388 4215 1468 4273 tunc

195 4310 284 4370 enim
321 4307 389 4388 ,ῥεῖ
417 4307 467 4369 καλ
501 4307 641 4391 ἀργυροῖς
674 4305 693 4387 ἡ
729 4309 881 4370 Κασταλία
916 4311 1065 4389 νάμασι
1098 4308 1148 4371 καί
1182 4309 1322 4389 Κήφισος
1350 4310 1469 4393 μέγας

225 4551 246 4621 ¹)
264 4556 302 4601 De
319 4555 407 4602 coristi
424 4554 506 4603 forma
524 4549 591 4602 ιλτιιιι
608 4557 641 4604 oi.
659 4570 718 4617 pag.
735 4538 777 4606 lh.

222 4630 244 4715 ί)
262 4632 340 4681 Plura
357 4633 453 4681 dehac
471 4649 499 4683 re
516 4634 580 4682 dixit
597 4635 630 4682 de
648 4636 702 4682 Ian.
720 4651 746 4699 p.
764 4638 796 4684 46
814 4641 885 4697 sqq.'
