3104 5286
672 488 733 546 133

289 672 335 733 τλν
358 670 391 733 δέ
412 670 601 753 χαριζομένα,
624 673 802 750 πολυώνυμε
824 671 874 732 καλ
897 673 1043 749 πολύναε,

289 771 308 833 ολ
332 775 499 854 Βερενικεία
521 773 659 856 θυγάτηρ
677 770 784 858 Ἑλένα
808 772 905 834 ἐικυῖα

289 877 423 956 Ἀρσινόα
445 875 586 937 πάντεσσι
608 881 709 949 καλοῖς
732 875 875 937 ἀτιτάλλει
892 873 1030 936 Ἄδωνιν.

109 977 156 1037 De
186 978 360 1039 Berenices
389 980 639 1040 immortalitate
670 980 823 1040 disertius
852 979 953 1040 etiam
976 977 1130 1038 disseruit
1152 977 1343 1038 Theocritus

63 1079 97 1138 in
118 1079 266 1139 carmine
285 1080 392 1156 XVII,
413 1081 469 1141 ubi
491 1097 561 1142 rem
581 1096 702 1141 novam
720 1088 773 1157 τῆς
793 1077 991 1150 ἀποθεώσεως
1012 1082 1162 1140 accurate
1182 1090 1343 1154 exponere

62 1181 190 1256 studet,
215 1181 335 1242 iterum
359 1183 399 1243 ad
423 1183 583 1243 Venerem
608 1183 689 1243 haec
712 1183 822 1242 dicens
846 1183 911 1252 (46)

559 1280 648 1343 σέθεν
672 1277 700 1343 δ’
727 1279 827 1342 ἕνεκεν
850 1280 992 1360 Βερενέκα

290 1383 406 1462 εὐειδὴς
429 1381 580 1464 Ἀχέροντα
603 1384 790 1445 πολύστονον
814 1381 870 1444 οὐκ
894 1379 1051 1462 ἐπέρασεν,

291 1483 365 1546 ἀλλά
386 1509 438 1564 μιν
462 1482 633 1566 ἁρπάξασα,
654 1479 776 1564 πάροιθ’
803 1481 851 1545 έπλ
875 1492 935 1562 νῆα
958 1489 1114 1546 κατελθεῖν

289 1584 422 1648 κυανέαν
444 1585 495 1648 καλ
521 1587 649 1667 στνγνδν
673 1583 719 1646 δελ
740 1590 888 1666 πορθμηα
914 1585 1071 1663 καμόντων

290 1686 320 1762 ές
342 1687 417 1750 ναδν
439 1686 623 1767 κατέθηκας,
645 1685 696 1760 έᾶς
719 1681 746 1749 δ’
773 1685 947 1749 ἀπεδάσσαο
971 1696 1065 1765 τιμᾶς.

111 1790 253 1865 Superat
283 1793 395 1852 autem
428 1792 539 1852 omnia
569 1790 660 1852 iocus
691 1790 745 1851 ilie
775 1791 971 1851 notissimus
995 1803 1037 1850 ex
1060 1790 1173 1851 eodem
1198 1791 1346 1850 encomio

63 1907 130 1964 quo
162 1893 352 1966 proponitur
382 1893 462 1968 Lagi
494 1892 581 1952 iilius
613 1907 709 1967 quem
741 1891 904 1970 μακάρεσσι
934 1889 1031 1969 πατὴρ
1055 1887 1198 1967 ὁμότιμον
1221 1888 1346 1967 έθηκεν,

63 1992 118 2051 cui
150 1993 184 2051 in
215 1993 302 2054 Iovis
333 1994 428 2054 domo
460 1994 543 2054 sella
574 2008 673 2054 aurea
699 1995 807 2068 posita
837 1996 890 2054 est
915 1994 1009 2053 iuxta
1032 1992 1210 2053 Alexandri
1232 1991 1345 2052 sedem

64 2095 101 2152 at
125 2093 258 2153 Herculi
282 2097 430 2170 opposita
453 2096 565 2165 (XVII.
594 2097 655 2165 17).

111 2194 351 2257 Callimachum
392 2197 497 2257 multo
536 2198 646 2256 minus
681 2198 792 2271 aperte
826 2196 857 2254 in
894 2196 1029 2270 hymnis
1059 2189 1183 2256 ⁴saltem
1218 2195 1346 2255 divinos

65 2311 183 2370 regum
207 2297 346 2358 honores
366 2299 631 2372 pronuntiantem
655 2298 816 2357 videmus.
848 2297 886 2356 Iu
910 2295 1054 2357 carmine
1072 2295 1203 2357 Deliaco
1226 2296 1347 2356 diserte

65 2397 278 2458 Ptolemaeus
309 2399 540 2474 Philadelphus
572 2399 611 2459 ab
643 2399 793 2474 Apolline
819 2398 937 2459 dicitur
962 2395 1035 2468 θεὸς
1066 2394 1168 2468 ἄλλος,
1197 2398 1347 2472 regisque

65 2498 214 2559 facinora
249 2499 408 2574 Apollinis
447 2501 543 2560 factis
577 2502 707 2560 tantum
747 2514 811 2559 non
850 2499 1081 2574 adaequantur,
1116 2499 1174 2559 sed
1208 2498 1346 2575 plerum·

65 2615 129 2672 que
160 2602 258 2675 poeta
287 2616 359 2660 rem
389 2600 571 2662 subtectius
598 2602 679 2677 agit,
705 2604 743 2662 ut
766 2601 799 2660 in
830 2600 964 2660 deorum
994 2599 1144 2660 laudibus
1175 2598 1348 2660 audiantur

66 2715 196 2775 quoque
227 2701 340 2762 laudes
371 2702 526 2778 principis
557 2718 617 2763 nec
648 2706 760 2763 tamen
791 2701 877 2775 regis
907 2701 1051 2775 imagine
1074 2714 1196 2761 numen
1219 2701 1271 2760 dei
1295 2700 1346 2760 ob·

66 2806 228 2864 scuretur.

111 2904 280 2980 osterum,
301 2920 378 2966 oum
398 2904 610 2965 Alexandrini
625 2907 716 2965 —ut
734 2919 814 2963 mox
834 2903 1072 2964 Antiochenses
1086 2937 1125 2947 -
1139 2917 1344 2963 summorum

66 3008 203 3068 deorum
235 3007 422 3068 nominibus
447 3021 540 3081 reges
563 3021 641 3066 suos
664 3006 836 3080 adornant,
863 3019 937 3065 oum
961 3004 1049 3065 Iovis
1073 3006 1188 3080 optimi
1207 3004 1346 3065 maximi

67 3108 262 3183 cognomine
281 3111 410 3186 Σωτῆρα
427 3107 592 3182 appeliant
608 3108 687 3181 Lagi
699 3105 818 3182 illium,
833 3106 1081 3181 Philadelphum
1094 3121 1169 3167 cum
1181 3105 1344 3182 Apolline,

66 3210 249 3284 Euergeten
267 3225 342 3270 curn
361 3209 504 3283 Dionyso
525 3210 737 3283 componunt,
760 3208 897 3267 minime
916 3209 1115 3283 putaverunt
1127 3209 1239 3268 Iovem
1252 3207 1346 3282 Apol·

65 3312 225 3386 linemne,
246 3312 417 3386 tamquam
437 3309 615 3388 καταβάσεις
636 3327 653 3370 ο
674 3309 777 3385 caelo,
800 3325 875 3369 cum
892 3309 1155 3369 formahunrana
1167 3307 1345 3369 Ptolemae·

66 3427 163 3472 orum
184 3413 319 3472 nomina
337 3427 375 3472 ao
394 3412 588 3487 dignitatem
601 3411 724 3485 regiam
739 3411 897 3485 induisse,
919 3411 1029 3484 itaque
1047 3443 1082 3453 -
1097 3410 1181 3484 quod
1194 3409 1346 3485 Aegyptii

66 3515 148 3574 olim
180 3513 383 3573 crediderant
414 3514 452 3574 de
476 3513 546 3573 suis
569 3512 700 3586 regibus
725 3545 764 3554 -
791 3512 868 3571 deos
891 3512 1048 3572 mortales
1071 3512 1184 3572 sedere
1208 3512 1241 3571 in
1265 3510 1346 3571 solio

66 3616 164 3690 regis.
197 3614 246 3674 Ab
270 3615 350 3690 ipsis
374 3615 424 3674 dis
447 3614 559 3674 sedulo
583 3613 790 3687 distinguunt
811 3627 906 3686 reges
926 3612 1063 3673 divinos.
1088 3613 1248 3673 Arsinoen
1271 3627 1346 3673 cum

67 3716 247 3791 Aphrodite
278 3716 338 3775 dea
365 3716 516 3776 confundi
547 3729 612 3775 non
644 3714 758 3773 sinunt
789 3712 898 3773 blandi
922 3728 1038 3773 versus
1061 3713 1243 3774 Theocritei
1266 3728 1347 3787 quos

62 3819 164 3880 modo
197 3817 306 3893 attuli,
339 3818 419 3877 item
451 3819 601 3877 accurate
632 3816 672 3876 ab
705 3815 776 3890 ipsa
806 3815 984 3890 Aphrodite
1015 3815 1156 3875 secernit
1186 3815 1346 3875 Arsinoen

64 3920 269 3998 Aphroditcn
301 3919 533 3996 Callimachus,
567 3931 767 3992 quamquam
784 3918 936 3995 ,Veneris
967 3917 1058 3976 varia
1089 3917 1283 3991 cognomina
1317 3917 1346 3976 ei

63 4025 147 4084 deae
172 4021 271 4081 addit.
296 4021 489 4082 Dedicatum
509 4021 598 4081 enim
619 4022 690 4081 erat
709 4021 743 4080 in
762 4018 987 4094 promunturio
1008 4018 1168 4092 Zephyrio
1188 4017 1346 4078 sacellum

64 4125 147 4186 olim
172 4123 333 4183 Artemidi
357 4121 505 4204 Σωτείρᾳ,
535 4136 637 4196 nuper
660 4120 818 4180 Arsinoae
838 4119 1046 4194 Aphrodites.
1072 4118 1175 4194 Quam
1196 4119 1290 4178 deam
1316 4121 1349 4178 et

64 4224 317 4302 epigrammatis
349 4224 473 4284 duobus
503 4223 670 4284 laudatam
703 4222 853 4282 videmus
881 4237 900 4281 a
923 4220 1094 4281 Posidonio
1119 4220 1173 4293 qui
1197 4222 1347 4281 accurate

62 4329 161 4388 docet
186 4324 330 4399 Reginae
354 4325 512 4385 Arsinoae
535 4325 614 4384 illud
638 4339 769 4384 sacrum
793 4323 937 4397 positum
961 4337 1047 4397 esse,

295 4423 392 4501 ,ἔνθα
416 4445 450 4502 με
474 4424 678 4505 Καλλικράτης
701 4422 842 4503 ἱδρύσατο
866 4421 917 4482 καλ
940 4422 1112 4502 βασιλίσσης

338 4525 419 4605 ἱερὸν
442 4525 593 4606 Ἀρσινόης
620 4523 774 4603 Κυπρίδος
798 4519 962 4601 ὠνόμασεν.

294 4622 351 4686 ἀλλ’
379 4624 426 4687 έπλ
450 4625 504 4704 την
530 4630 692 4705 Ζεφυρῖτιν
716 4622 925 4704 ἀκονσομένην
950 4624 1127 4704 Ἀφροδίτην
