3090 5294
67 469 125 530 111.
153 469 286 529 att-90
693 469 732 528 71

66 656 225 717 reticeam
251 654 486 717 Callimachum
507 657 645 718 fortasse
669 657 735 717 lam
756 656 921 731 cognitum
948 658 1049 719 fuisse
1075 657 1343 718 venustissimum

66 759 272 834 epigramma
301 758 335 818 in
364 759 462 836 Pana,
488 760 571 832 quod
596 758 733 835 Platoni,
758 759 844 820 haud
876 759 1015 836 indigne,
1051 759 1203 821 tribuitur
1234 760 1343 832 (Anlh.

67 860 135 922 Pal.
162 860 220 922 IX.
245 859 331 937 823),
356 860 388 919 in
414 874 476 933 quo
500 876 614 935 caprae
637 862 861 921 memorantur
882 859 1021 934 ιοιιάδιςι

291 960 408 1041 Σιγοὶτω
432 961 535 1022 λάσιον
559 961 699 1040 δρυάδων
720 958 821 1038 λέπας,
843 961 878 1022 οἵ
895 955 914 1021 τ’
942 958 1002 1022 &ab
1025 958 1131 1040 πέτρας
1216 998 1220 1005 ι

291 1060 414 1143 κρουνοὶ
437 1060 487 1124 καὶ
510 1061 603 1143 βληχὴ
627 1046 814 1144 mutuatorie
837 1062 981 1125 τοκάδων.

292 1264 337 1327 τὶν
360 1261 389 1327 δ’
416 1263 431 1328 δ
454 1266 604 1348 γενειήτης
628 1267 684 1329 δύο
709 1264 763 1346 μὲν
786 1267 880 1340 κύνας
904 1266 996 1347 ἥμισυ
1020 1266 1135 1349 πηγοὺς

289 1372 363 1449 τρεῖς
389 1364 639 1450 dinumeratores,
662 1365 714 1429 ἕνα
739 1363 767 1429 δ’
793 1368 905 1447 αἰόλον,
927 1368 961 1429 οἴ
978 1367 1016 1449 ῥα
1038 1366 1157 1443 λέοντας

248 1526 255 1536 c
291 1468 400 1543 αὐτοὺς
424 1461 463 1533 αὖ
487 1467 622 1550 ἕρύοντες
647 1469 692 1531 ὅτε
716 1470 873 1551 δράξαιντο
898 1469 1012 1551 διράοιν

289 1564 386 1633 εἷλκον
409 1570 450 1632 ἔτι
474 1571 601 1645 ζώοντας
624 1566 667 1633 ἐπ’
692 1570 808 1651 utilior,
831 1570 902 1633 ἔπεια
930 1567 959 1632 δ’
983 1570 1073 1638 ἔδωκε

291 1673 445 1746 θάσσονας
470 1672 592 1754 αδράων
616 1674 855 1755 Κυνοσουρίδας,
877 1673 914 1735 αἴ
932 1673 970 1756 ῥα
994 1674 1097 1748 διῶξαι

190 1777 232 1836 95
290 1773 410 1836 ὤκισιαι
434 1776 559 1856 νεβρούς
582 1774 685 1837 τεκαὶ
708 1775 744 1837 οδ
768 1776 882 1854 μύοντα
904 1775 1031 1857 λαγωὸν,

288 1874 338 1937 καὶ
361 1875 464 1955 κοίτην
487 1873 610 1954 ἐλάφοιο
633 1876 684 1938 καὶ
706 1877 841 1957 ὕστριχος
864 1876 942 1939 ἔνθα
965 1875 1063 1938 natael

289 1987 419 2058 σημῆναι
442 1976 493 2039 καὶ
516 1978 617 2059 ζορκδς
641 1974 682 2041 ἐπ’
709 1979 803 2060 ἴχνιον
828 1975 1009 2061 ἡγήσασθαι.

108 2081 261 2143 Alienam
296 2082 336 2143 ab
371 2082 461 2158 epica
495 2082 633 2144 dictione
668 2082 808 2145 formam
839 2083 942 2146 dativi
971 2080 1017 2143 τὶν
1045 2083 1079 2143 et
1112 2082 1164 2143 hic
1195 2079 1341 2143 adhibuit

64 2183 285 2247 Callimachus
318 2185 351 2245 et
382 2184 487 2260 Idpigr.
520 2185 562 2245 35
594 2185 628 2245 et
651 2185 703 2246 36.
734 2183 851 2246 Contra
874 2185 1015 2246 formam
1037 2185 1072 2244 in
1095 2183 1267 2246 homericis
1290 2180 1339 2242 ob·

64 2287 154 2347 viam
186 2283 245 2344 τεῒν
281 2285 384 2347 semel
415 2286 545 2347 adhibet
577 2285 610 2345 in
641 2286 764 2360 hymno
786 2286 814 2347 V
838 2291 897 2357 (vs.
924 2288 987 2364 37),
1011 2286 1122 2349 Dorice
1149 2284 1338 2359 conscripto.

63 2388 238 2450 censuisse
273 2388 372 2462 igitur
406 2389 533 2450 videtur
567 2389 687 2465 noster,
719 2389 774 2462 qui
805 2389 838 2449 in
862 2390 979 2450 ceteris
1002 2387 1203 2464 pronominis
1225 2385 1339 2448 formis

62 2491 235 2565 diligenter
257 2489 391 2552 Homeri
413 2489 663 2552 consuetudines
687 2493 780 2563 (quae
802 2492 874 2551 tum
899 2491 1029 2564 quidem
1052 2490 1253 2558 videbantur)
1277 2485 1340 2549 ser'·

63 2594 131 2666 vat,
167 2592 201 2652 in
235 2592 345 2653 dativo
379 2607 483 2666 aequo
514 2592 583 2652 iure
613 2591 736 2667 epicam
769 2585 943 2653 dialectum
968 2589 1014 2651 τιν
1040 2597 1091 2664 (ex
1115 2606 1177 2665 quo
1200 2590 1339 2652 fortasse

62 2695 180 2756 natum
216 2709 288 2755 esse
319 2693 379 2752 τεῒν
409 2694 553 2770 putabat)
586 2693 669 2755 ferre
692 2695 789 2767 atque
822 2694 938 2755 tertiae
961 2709 1117 2770 personae
1140 2693 1287 2754 dativum
1306 2693 1340 2751 ‘lv

62 2811 146 2871 quae
178 2794 284 2857 forma
313 2796 480 2870 legebatur
502 2796 535 2856 in
559 2794 720 2857 hesiodeis
743 2795 794 2866 (cf.
819 2795 857 2857 fr.
883 2797 924 2856 29
949 2795 1046 2857 Kink.
1066 2796 1099 2855 tv
1124 2790 1150 2855 δ’
1178 2792 1258 2878 αὐτῷ
1281 2799 1339 2853 θα-

62 2896 155 2958 νάτου
186 2896 313 2976 ταμίης).
347 2897 459 2960 Ortam
492 2899 580 2959 enim
604 2913 646 2957 ex
669 2896 774 2959 forma
797 2896 857 2957 τεῒν
881 2898 1021 2959 formam
1046 2898 1161 2960 tertiae
1185 2912 1340 2973 personae

61 3001 177 3076 postea
211 3014 338 3074 quoque
371 2998 560 3076 Apollonius
594 2998 753 3072 Dyscolus
788 2998 942 3060 iudicavit
976 2999 1031 3073 qui
1063 2999 1168 3069 (Pron.
1203 2992 1267 3061 106
1289 3000 1340 3071 Α.)

61 3101 158 3164 dicit:
186 3110 240 3185 ,τῇ
263 3097 309 3161 τὶν
332 3101 457 3181 σύζυγος
480 3095 560 3178 btv,
577 3107 631 3160 τοῦ
653 3099 670 3160 ἱ
689 3096 868 3180 &patrabat
885 3103 1060 3176 postquam
1076 3101 1341 3176 praecedentibus

63 3203 173 3265 verbis
203 3203 250 3264 ita
280 3204 430 3279 exposuit
462 3203 502 3264 de
533 3203 637 3264 forma
663 3200 723 3262 cclv
755 3205 792 3263 ut
815 3218 857 3264 ex
880 3203 985 3265 forma
1008 3199 1053 3262 ι’ὶν
1076 3197 1131 3281 μετ’
1160 3199 1341 3273 §acediosos

62 3313 117 3366 roo
141 3299 158 3365 ἓ
180 3306 294 3366 natam
317 3320 390 3366 esse
413 3305 630 3366 contenderet.

42 3475 50 3490 ,
108 3409 153 3471 De
178 3409 312 3470 canibus
332 3406 452 3486 ἥμισυ
475 3412 622 3487 πηγαῖς
651 3408 683 3469 in
707 3407 854 3469 diversas
876 3409 986 3482 partes
1007 3407 1165 3469 abeuntes
1177 3408 1270 3467 tanta
1281 3406 1341 3467 dis·

62 3513 236 3574 senuerunt
272 3511 332 3572 riri
365 3510 449 3572 docti
484 3512 521 3570 ut
553 3509 671 3571 referre
705 3510 813 3571 varias
844 3510 1011 3585 opiniones
1042 3510 1173 3572 chartae
1197 3510 1341 3585 parcenti

61 3612 194 3675 difficile
216 3613 270 3674 sit.
295 3612 398 3690 Quare
423 3616 511 3682 (nam
534 3612 567 3672 in
591 3611 743 3672 manibus
767 3611 913 3672 omnium
938 3613 1016 3672 aunt
1047 3612 1204 3673 editiones
1227 3611 1338 3672 Idmes·

62 3717 154 3776 tiana
185 3715 507 3788 Schneiderianaque)
539 3712 731 3775 brevissime
760 3728 872 3774 meum
904 3728 1064 3788 exponam
1088 3714 1254 3776 iudicium.
1279 3713 1339 3774 Ad·

61 3817 181 3879 iectivo
223 3814 317 3897 πηγὸς
358 3815 502 3877 adhiberi
543 3830 562 3876 a
596 3814 793 3877 Callimacho
830 3816 866 3876 ut
899 3815 1077 3876 Homerum
1112 3798 1341 3891 interpretetur

62 3933 181 3981 omnes
204 3917 419 3978 consentiunt.
443 3917 554 3991 Neque
577 3916 654 3990 quin
677 3915 818 3978 colorem
850 3931 888 3978 eo
911 3917 1067 3979 vocabulo
1090 3918 1230 3978 indicare
1256 3917 1339 3977 volu·

62 4020 128 4082 erit
161 4021 256 4094 poeta
286 4017 461 4095 dubitatur,
496 4018 669 4094 postquam
700 4018 803 4079 semel
838 4018 973 4080 adduxit
995 4019 1210 4094 spanhemius
1233 4019 1341 4079 locum

61 4120 289 4196 Xenophontis
319 4119 408 4190 (Vela.
443 4118 497 4181 IV.
524 4121 553 4189 7)
588 4116 642 4196 „ab
673 4115 705 4179 δὲ
735 4117 873 4198 χρώματα
904 4116 940 4180 οδ
968 4117 1022 4199 χρὴ
1054 4111 1130 4179 εἶναι
1159 4128 1218 4178 τῶν
1241 4127 1342 4201 κυνῶν

62 4220 133 4285 οὔτε
164 4218 264 4303 nappin
295 4218 361 4283 οὔτε
388 4219 479 4283 λευκὰ
509 4223 678 4292 aceretae·
711 4236 809 4295 quem
833 4237 870 4282 eo
894 4222 1016 4283 maiore
1040 4223 1109 4283 iure
1136 4220 1188 4282 hic
1211 4221 1341 4297 afferasr

63 4324 220 4401 quoniam
257 4324 341 4385 haud
373 4323 476 4385 semel
508 4324 651 4397 hymnus
681 4324 715 4383 in
747 4323 884 4384 Dianam
909 4325 1016 4400 arguit
1037 4325 1155 4385 librum
1180 4324 1219 4384 de
1241 4323 1342 4384 Vena·

62 4429 154 4488 tione
186 4425 298 4487 sedulo
329 4425 450 4486 lectum
482 4424 634 4485 habuisse
667 4423 904 4486 Callimachum
936 4428 970 4487 et
991 4426 1161 4501 diligenter
1184 4425 1341 4487 consulta·

62 4532 149 4590 tum.
187 4526 268 4588 ilum
304 4542 379 4589 vero
415 4542 494 4589 voce
524 4525 709 4606 παρουαίοας
741 4526 891 4587 subrufos
922 4527 1041 4589 indicet
1071 4543 1167 4590 canes
1195 4527 1237 4599 (id
1260 4527 1343 4602 quod

65 4633 155 4693 reete
180 4629 416 4692 demonstravit
440 4628 674 4706 Schneiderus),
698 4625 793 4688 αἰόλοι
821 4629 932 4690 autem
960 4630 1048 4692 vario
1067 4629 1172 4692 colore
1188 4628 1345 4689 maculosi
