3068 5288
686 486 728 545 59

47 678 178 733 noster
206 674 344 750 invenit,
373 690 394 734 a
416 674 511 734 novis
538 674 571 733 in
595 672 798 748 mythologie
817 672 960 731 inventis
984 671 1174 746 plerumque
1202 673 1342 748 alienus,

50 791 183 850 parum
215 775 378 837 mehercle
408 775 547 836 feliciter
577 774 696 849 virgini
726 773 792 834 tale
823 771 966 833 officium
997 774 1162 848 imposuit.
1187 775 1344 835 Attamen

53 877 222 937 Asterien
251 877 475 951 virginitatem
506 878 619 937 contra
649 876 761 936 Iovem
792 874 975 935 defendisse
1006 890 1071 936 non
1105 875 1176 935 sine
1210 876 1345 936 consilio

53 978 207 1038 monuit.
238 978 367 1038 Etenim
392 979 453 1039 hoc
476 993 533 1038 cur
556 977 709 1052 voluerit,
733 992 813 1037 mox
838 976 907 1052 ipse
931 976 1066 1053 indicat,
1092 992 1167 1037 cum
1187 978 1343 1037 lunonem

55 1080 232 1140 dicentem
255 1080 334 1141 facit
358 1085 417 1151 (vs.
444 1080 534 1150 aab:

296 1181 443 1265 ,Ἀστερίῃ
468 1175 495 1241 δ’
522 1178 612 1242 οὐδέν
635 1202 663 1241 τι
684 1180 855 1260 βαρύνομαι
878 1179 976 1240 εἵνεκα
999 1180 1088 1258 τῆσδε

294 1281 477 1362 ἀμπλακίης,
500 1277 566 1344 οὐδ’
594 1280 672 1343 ἔστιν
696 1280 776 1355 ὅπως
800 1279 959 1358 ἀποθύμια
982 1278 1055 1362 ῥέξω

291 1384 382 1445 τόσσα
405 1383 476 1447 δέοι·
500 1384 577 1462 μάλα
600 1383 656 1465 γάρ
680 1404 710 1443 τε
732 1392 831 1456 κακῶς
854 1380 1026 1462 ἐχαρίσσατο
1051 1387 1161 1460 Λητοῖ·

294 1484 367 1547 ἀλλά
390 1509 441 1565 μιν
464 1484 612 1565 ἔκπαγίόν
633 1508 660 1545 τι
684 1484 849 1564 σεβίζομαι,
872 1479 967 1545 οὕνεκ’
995 1481 1073 1561 ἐμεῖο

294 1586 416 1666 δέμνιον
439 1584 496 1649 οὐκ
519 1585 659 1664 ἐπάτησε,
682 1583 755 1659 Διὸς
778 1580 806 1646 δ’
833 1582 987 1646 &vocitem
1010 1583 1152 1646 πόντον.”

60 1690 181 1751 Noluit
202 1691 303 1766 igitur
325 1689 545 1752 callimachus
568 1688 694 1750 insulae
716 1689 886 1764 tantopere
913 1703 933 1748 a
954 1686 1097 1762 Regibus
1121 1688 1190 1748 suis
1209 1688 1346 1749 dilectae

62 1792 120 1851 vel
144 1792 322 1853 minimam
344 1792 520 1852 adhaerere
544 1791 726 1850 infamiam.
826 1872 829 1877 ἡ

112 1892 243 1968 Quanta
265 1893 419 1967 religione
443 1893 555 1952 autem
579 1906 707 1966 ornnes,
738 1892 897 1965 quotquot
920 1890 1066 1951 incolunt
1090 1890 1231 1952 Graecas
1255 1907 1344 1968 orae,

62 2009 200 2054 sacram
224 1994 383 2069 Apollinis
406 1992 549 2053 insulam
568 1994 814 2068 prosequantur,
836 1991 985 2066 plurimis
1005 1994 1103 2066 atque
1126 1993 1345 2068 splendidissi-

24 2097 26 2100 ⁴
63 2095 136 2155 mis
167 2095 316 2156 versibus
346 2097 443 2171 poeta
480 2094 646 2169 gloriatur,
686 2093 719 2152 in
756 2093 890 2169 quibus,
927 2095 964 2153 ut
998 2094 1126 2154 minora
1156 2095 1344 2172 mittamus,

64 2197 133 2256 hoc
162 2199 293 2257 tantum
323 2198 452 2258 monitu
479 2196 627 2270 dignum,
653 2194 737 2269 quod
760 2192 913 2254 θυόεσσαν
936 2194 1087 2257 Eleusine
1111 2195 1207 2270 digno
1232 2211 1345 2271 cogno-

64 2297 162 2357 mine
199 2313 272 2358 eam
308 2298 433 2358 salutat
459 2291 495 2376 ¹),
534 2300 568 2358 et
607 2299 641 2358 in
676 2298 791 2372 hymni
831 2299 923 2359 exitu
958 2299 1109 2375 exemplo
1144 2315 1258 2360 eorum
1293 2302 1347 2375 qui

65 2400 214 2474 Delphos
247 2408 302 2480 γᾶς
337 2398 530 2477 μεσόμφαλον
562 2396 660 2459 ἑστίαν
695 2392 893 2469 dixerant²i
936 2401 1080 2461 insulam
1114 2400 1211 2479 ἱστίην
1245 2401 1347 2480 νήσων

67 2498 206 2562 εὖίστιον
229 2504 336 2562 vocat.

115 2705 218 2765 Aram
249 2719 459 2776 communem
491 2704 644 2766 Graeciae
674 2704 791 2765 Delum
815 2705 914 2779 igitur
935 2705 1022 2764 haud
1046 2705 1116 2765 sine
1141 2721 1240 2767 causa
1263 2705 1346 2766 salu-

66 2807 136 2881 tat,
168 2807 207 2866 ad
238 2822 338 2881 quam
369 2805 491 2867 Phoebi
521 2806 676 2866 adorandi
700 2821 799 2867 causa
823 2805 963 2879 undique
987 2806 1075 2866 cives
1098 2805 1229 2867 urbium
1253 2806 1346 2867 Grae·

68 2924 185 2969 carum
197 2908 418 2968 Asiaticamm
429 2908 667 2982 Aegyptiarum
685 2907 903 2982 confluebant,
924 2908 1040 2982 primis
1053 2909 1184 2982 quidem
1195 2909 1346 2984 tempori-

65 3011 133 3071 bus
156 3010 341 3085 Apollinem
364 3011 525 3071 Latonam
548 3009 700 3086 Dianam,
725 3012 799 3085 post
823 3025 899 3070 vero
924 3011 1032 3071 cetera
1055 3011 1191 3071 numina
1210 3010 1346 3086 Graeca,

65 3111 149 3185 quin
180 3112 280 3171 etiam
310 3111 378 3171 Isin
410 3111 545 3187 Sarapin
570 3111 678 3172 Osirin
705 3113 808 3172 sacris
833 3112 876 3171 ibi
900 3112 1067 3173 adeuntes.
1092 3113 1182 3174 Haec
1206 3114 1348 3188 profecto

65 3213 207 3275 numina
241 3213 442 3289 Aegyptiace
476 3229 539 3288 quo
575 3216 723 3289 tempore
759 3214 921 3288 hymnum
953 3215 985 3274 in
1016 3214 1133 3275 Delum
1166 3215 1349 3291 composuit

66 3314 291 3376 Callimachus
310 3315 380 3375 Deli
400 3315 524 3376 cultum
545 3316 689 3377 nondum
710 3314 886 3391 habebant,
912 3330 972 3376 nec
991 3330 1030 3376 ea
1049 3315 1182 3377 laudare
1202 3318 1350 3377 curasset

67 3419 182 3477 noster
216 3417 245 3476 si
279 3416 483 3492 habuissent,
520 3416 718 3477 Graecorum
733 3421 735 3423 ’
752 3431 829 3477 vero
865 3417 1000 3478 deorum
1032 3417 1158 3477 cultum
1189 3418 1349 3478 deliacum

68 3518 301 3580 commendare
331 3521 365 3578 et
396 3519 549 3579 adiuvare
580 3533 637 3592 pro
668 3518 792 3578 viribus
825 3534 890 3579 non
915 3519 1051 3580 destitit.
1077 3517 1146 3594 Qua
1169 3520 1295 3579 ratione
1319 3519 1350 3578 id

67 3620 184 3681 fecerit
206 3620 436 3696 quaerentibus
459 3620 566 3696 nobie,
591 3620 736 3695 primum
750 3620 833 3679 -si
857 3621 895 3681 de
920 3621 983 3681 alio
1008 3636 1107 3694 quam
1129 3619 1349 3680 Callimachus

68 3722 146 3797 fuit,
175 3735 284 3781 sermo
307 3723 395 3781 esset
415 3754 456 3763 —-
476 3724 622 3782 oreretur
642 3721 805 3797 quaestio,
825 3722 901 3795 quid
924 3723 963 3783 de
986 3721 1192 3782 Deliacorum
1215 3722 1350 3782 deorum

68 3823 199 3899 propria
218 3821 398 3896 intimaque
418 3823 536 3882 natura
551 3837 664 3882 secum
687 3821 900 3896 cogitavisset
910 3825 1016 3899 poeta.
1034 3823 1157 3883 Verum
1170 3822 1259 3882 enim
1272 3838 1349 3882 vero

69 3926 104 3985 in
138 3922 330 3983 Callimachi
365 3938 459 3999 opere
490 3922 664 3984 artificioso
696 3925 827 3983 tantum
860 3940 925 3986 non
955 3940 1086 4001 semper
1117 3925 1197 3984 haec
1227 3925 1350 3984 frustra

68 4039 218 4099 quaeras.
250 4024 401 4085 Deliacus
424 4024 542 4085 saitem
566 4025 710 4098 hymnus
734 4025 800 4086 tale
824 4025 899 4099 quid
923 4026 1051 4100 roganti
1075 4040 1139 4086 non
1164 4025 1348 4100 respondet.

68 4125 224 4202 Splendet
253 4126 341 4186 enim
371 4127 489 4200 ubique
519 4125 644 4199 fulgore
675 4126 806 4202 frigido,
840 4142 944 4201 neque
975 4128 1091 4204 animi,
1132 4127 1186 4201 qui
1219 4127 1348 4187 sincera

70 4421 214 4469 secundnm
235 4433 334 4468 morem
356 4433 432 4468 auum
454 4420 576 4470 recedere
601 4422 670 4482 cogit
695 4421 769 4469 deam
796 4421 970 4481 antiquissimi
993 4420 1096 4480 generis
1117 4421 1254 4470 recentiori
1275 4420 1348 4468 deae.

70 4503 112 4551 lta
129 4501 261 4549 evanescit
278 4501 347 4561 apud
363 4504 478 4549 nostr-nm
496 4501 642 4563 Themidis,
657 4501 755 4557 (lacae,
773 4501 877 4548 Saturni
895 4503 1021 4561 potestas.

104 4578 124 4645 ¹)
142 4582 185 4629 Va.
204 4581 255 4629 alt
272 4594 328 4641 sqq.
346 4581 389 4630 Vs.
408 4583 457 4629 ³00
475 4581 509 4629 cf.
527 4579 595 4628 Sena.
616 4578 677 4627 dau.
696 4580 716 4627 1.
735 4592 761 4640 p.
781 4579 839 4627 185.

104 4656 126 4725 ¹)
145 4661 206 4708 Dur.
226 4658 281 4708 Ion.
299 4673 336 4708 σο.
354 4662 412 4709 462.
