3068 5288
697 473 715 530 5

61 656 159 713 donis
195 655 316 714 votivis
359 656 448 730 colit,
494 655 691 716 Graecorum
733 657 871 716 Dianam
906 660 1119 719 servatricem
1153 661 1277 719 salutat
1312 661 1344 719 in

62 757 292 830 promunturio
334 757 507 832 Zephyrio,
552 758 666 817 urbem
705 759 940 819 Alexandriam
976 760 1172 820 Graecorum
1208 762 1342 820 deorum

63 857 199 931 templis
232 861 338 933 ornat,
373 858 582 918 Timotheum
614 859 840 933 Eumolpidam
865 861 1003 921 Athenis
1027 863 1164 921 arcessit
1187 863 1223 920 ut
1246 862 1342 921 Thes-

63 959 237 1032 mophoria
267 961 328 1019 rite
359 961 520 1019 instauret
551 961 583 1019 in
615 961 738 1035 templo
766 961 891 1022 Cereris
923 978 1036 1022 recens
1069 963 1214 1036 condito;
1245 978 1343 1036 quam

64 1061 160 1120 deam
178 1063 302 1135 quanta
322 1062 443 1135 pietate
460 1060 610 1120 homines
628 1061 741 1121 Graeci
760 1063 979 1139 adoraverint,
999 1064 1225 1140 inscriptiones
1243 1064 1343 1123 etiam

64 1177 151 1223 nunc
183 1163 349 1223 declarant
364 1156 394 1231 ¹).
426 1162 570 1235 Denique
603 1177 677 1222 curn
707 1163 932 1223 Ptolemaeum
962 1165 1180 1248 conspicimus
1212 1164 1343 1224 Graecis

65 1262 267 1338 philosophis
291 1264 394 1337 poetis
423 1261 601 1322 artificibus
628 1264 880 1339 circumdatum,
906 1281 944 1324 ac
967 1281 1042 1324 cum
1066 1266 1232 1326 Demetrio
1262 1266 1341 1339 peri·

64 1365 281 1439 pateticorum
317 1365 449 1424 alumno
480 1368 673 1439 occupatum
706 1367 739 1425 in
771 1367 935 1426 condendo
966 1368 1076 1427 Museo
1109 1367 1341 1441 Alexandrino,

64 1466 147 1540 quod
187 1467 290 1541 ipsius
329 1467 525 1527 Academiae
563 1467 793 1541 peripateticae
833 1468 966 1528 referret
1007 1468 1209 1543 exemplum,
1249 1467 1342 1526 nobis

65 1568 196 1641 quidem
228 1583 343 1642 parum
374 1571 468 1627 caute
499 1568 660 1627 iudicasse
692 1568 739 1627 illi
765 1551 915 1628 videntur
937 1571 991 1643 qui
1016 1571 1170 1630 censeant
1193 1570 1233 1628 ad
1257 1584 1341 1628 com·

66 1668 270 1728 miscendum
294 1669 529 1743 Aegyptiorum
554 1669 678 1729 cultum
702 1684 811 1729 mores
835 1671 940 1729 artem
961 1685 1035 1729 cum
1056 1669 1187 1729 Graecis
1207 1669 1342 1728 consilia

65 1769 244 1829 Ptolemaei
268 1771 408 1844 Lagidae
432 1770 637 1830 contendisse
652 1765 682 1841 ²).

107 1870 399 1931 verumenimvero
413 1871 552 1931 Graecae
565 1872 731 1946 religionis
744 1873 958 1933 dominationi
971 1889 1033 1933 non
1047 1874 1153 1933 solum
1168 1873 1206 1933 ab
1217 1874 1340 1947 Aegyp-

65 1971 159 2031 tiacis
190 1973 412 2033 sacerdotibus
439 1972 583 2047 pericula
611 1973 851 2047 impendebant.
876 1974 967 2033 Multi
993 1975 1079 2033 enim
1104 1974 1341 2047 consurgebant

64 2074 239 2148 scriptores
263 2076 332 2150 qui,
357 2075 477 2148 partim
496 2075 636 2134 sortasse
657 2075 696 2134 ab
720 2075 801 2149 ipsis
820 2075 1042 2135 sacerdotibus
1063 2075 1198 2151 incitati,
1220 2074 1340 2149 partim

64 2192 102 2236 ea
128 2176 335 2250 philosophia
365 2177 459 2250 duce,
489 2191 571 2249 quae
595 2177 635 2235 ed
659 2176 791 2236 easdem
811 2177 952 2250 origines
971 2177 1174 2251 singularum
1194 2176 1341 2250 gentium

64 2279 140 2337 deos
162 2277 282 2337 referre
302 2277 467 2352 studebat,
489 2277 566 2336 data
585 2292 683 2351 opera
704 2277 826 2336 Graeca
838 2293 912 2336 cum
926 2277 1135 2352 Aegyptiacis
1148 2278 1340 2336 miscerent:

64 2378 232 2439 Amometi
252 2378 299 2438 illi
324 2393 361 2437 ao
385 2377 610 2453 Manethones,
636 2393 712 2452 prae
732 2379 849 2437 ceteris
869 2381 980 2437 autem
1000 2378 1185 2437 Hecataeus
1200 2371 1220 2447 ³)
1241 2378 1339 2451 philo·

63 2480 186 2554 sophus
210 2479 265 2539 ille
286 2479 397 2538 mobili
418 2479 546 2553 ingenio
566 2480 713 2538 omnium
734 2479 920 2539 scholarum
940 2480 1105 2539 doctrinas
1125 2480 1338 2554 coniungens,

64 2598 159 2655 quern
181 2582 286 2641 frusta
302 2582 462 2656 Diogenes
482 2581 631 2642 Laertius
649 2582 826 2655 Pyrrhonis
846 2582 1061 2642 sectatoribus
1081 2580 1243 2641 adscribit.
1258 2579 1339 2639 (ium

63 2682 224 2743 eiusmodi
255 2683 404 2742 hostibus
435 2698 569 2743 manum
602 2698 771 2742 conserere
801 2698 882 2757 opus
914 2687 996 2758 erat,
1029 2683 1058 2742 si
1090 2683 1162 2755 quis
1186 2681 1338 2753 antiquae

63 2784 258 2843 Graecorum
297 2784 462 2859 religionis
501 2787 657 2858 patronus
701 2784 762 2843 dici
797 2784 943 2858 volebat;
981 2784 1020 2843 ab
1056 2782 1216 2843 eiusmodi
1249 2781 1340 2841 libris

61 2885 245 2944 timendum
277 2888 360 2959 erat,
393 2886 509 2960 quippe
540 2884 595 2958 qui
625 2886 664 2944 ad
689 2901 789 2944 unam
814 2901 951 2959 eamque
976 2886 1155 2945 humanam
1179 2883 1337 2957 originem

61 2987 210 3045 omnium
234 2986 424 3061 populorum
449 2986 556 3045 cultus
579 2986 752 3060 religiones
771 2987 848 3045 deos
868 2987 1047 3047 referentes
1068 3002 1108 3045 ex
1129 2983 1338 3059 Aegyptiacis

61 3087 197 3164 Graeca,
224 3104 266 3147 ex
296 3089 431 3147 remotis
462 3088 592 3160 cognita
615 3087 813 3162 derivarent,
840 3090 872 3146 et
896 3089 975 3148 duce
999 3087 1215 3163 philosophia,
1241 3085 1337 3145 modo

60 3190 170 3249 Ionica
197 3189 294 3249 modo
317 3192 434 3269 stoica,
459 3204 499 3248 ex
521 3189 726 3248 sacerdotum
751 3188 1025 3262 Aegyptiacorum
1050 3189 1140 3248 libris
1164 3187 1338 3248 reconditis

59 3291 304 3364 cosmogoniam
331 3306 404 3350 vere
428 3290 585 3349 Graecam
609 3305 721 3349 eruere
744 3304 840 3364 posse
864 3290 926 3349 sibi
950 3292 1146 3351 viderentur.
1161 3283 1183 3360 ⁴)

93 3519 111 3582 ¹)
141 3521 287 3568 Lumbroso
312 3519 417 3581 l’Eyitlo
442 3520 471 3566 al
496 3524 572 3582 ternpo
597 3520 637 3567 dei
664 3520 733 3568 Greci
757 3536 801 3568 ecc.
829 3537 854 3582 p.
880 3523 939 3577 107;
966 3519 1174 3580 Ndroutsos-Bey
1196 3518 1340 3567 l'Ancienne

59 3599 222 3654 iterandae,
240 3599 355 3659 Append.
375 3595 409 3644 n⁰.
425 3600 456 3645 bl
476 3604 502 3646 et
516 3615 541 3659 p.
563 3602 617 3646 llll.

92 3676 113 3740 ²)
133 3679 208 3736 Quod
232 3681 257 3725 in
282 3678 330 3724 huo
357 3692 384 3725 re
408 3680 566 3725 recentiores
590 3680 708 3725 iecerunt
729 3680 883 3740 Ptolemaei,
907 3680 933 3726 id
956 3681 1060 3740 saepius
1083 3679 1176 3726 iniuria
1199 3679 1248 3724 iem
1274 3678 1338 3736 Legi

57 3759 112 3806 filio
130 3759 260 3806 tribuitur.
283 3757 358 3804 Certe
375 3771 426 3804 non
444 3758 477 3804 de
494 3760 578 3818 primo
596 3760 706 3817 Aegypti
724 3772 784 3815 rege
804 3760 902 3806 Graeco
920 3761 990 3806 valet
1006 3758 1076 3817 quod
1093 3758 1184 3804 soribit
1201 3757 1337 3804 schreiber

58 3836 110 3899 (die
134 3836 277 3884 aetrnum
299 3836 523 3884 Alexandrianum
552 3837 680 3885 Verhondl.
705 3836 747 3884 der
770 3839 846 3885 40·ten
875 3837 1011 3885 Veraamml.
1037 3836 1170 3884 Deutacher
1194 3834 1337 3898 Philologus

56 3934 81 3964 u.
100 3915 204 3963 Schalm.
228 3930 252 3975 p.
277 3917 338 3964 80'l:
365 3914 442 3972 „Hier
462 3917 488 3962 in
511 3916 636 3978 Aegypton
662 3915 735 3964 bietei
758 3915 811 3964 rich
835 3933 887 3964 eum
912 3920 992 3964 ersten
1010 3915 1061 3964 und
1080 3916 1189 3978 ἀπείρονι
1215 3913 1272 3962 Mal
1294 3914 1338 3962 dae

56 3995 170 4058 Beiepiel
194 3994 236 4042 der
258 3994 417 4060 Einsrikrunq
439 3997 504 4043 einer
526 3997 720 4055 Stestsreligion
745 3995 817 4043 deren
835 3996 1004 4058 Kultapparat
1020 3996 1065 4042 mit
1076 3995 1167 4058 fertem
1185 3995 1273 4043 utimr
1288 3995 1339 4043 und

56 4076 104 4123 deu
126 4074 225 4137 uitiiyen
248 4078 303 4137 lupol
327 4078 391 4134 λόγοι
411 4074 479 4121 nieht
500 4090 545 4121 aaa
566 4074 617 4122 dem
645 4063 812 4123 Mulierlende
833 4073 932 4134 einfaelr
954 4074 1128 4130 idmommeu,
1146 4074 1213 4122 nieht
1230 4078 1289 4122 κατὰ
1307 4078 1336 4123 τὰ

56 4159 146 4218 πάτρια
171 4152 341 4216 eieqericlrtet,
367 4153 469 4200 condem
493 4169 538 4200 aua
557 4153 721 4215 yriechimhen
745 4152 796 4200 und
809 4152 924 4217 sremden
949 4152 1088 4200 Elementen
1112 4158 1337 4217 zusanrmenyeeelrl

56 4233 110 4282 und
124 4235 192 4280 uach
209 4233 364 4294 politischen
383 4233 558 4293 Ervtgungen
576 4233 680 4280 officiell
697 4233 820 4292 redigiert
838 4231 929 4280 νονᾰιη
946 4234 1021 4280 war.”

92 4308 114 4375 ³)
123 4312 152 4358 It.
164 4311 294 4358 Schwartz
306 4310 441 4358 Hekataeor
451 4326 494 4358 von
506 4310 563 4358 Teos
573 4313 598 4357 in
610 4310 692 4367 Rheba
705 4310 769 4357 Mus.
778 4312 830 4358 XL.
841 4312 888 4357 222
898 4323 954 4370 sqq.
966 4337 998 4345 -
1008 4311 1113 4371 Gruppe
1122 4310 1162 4358 die
1171 4311 1337 4360 Grieclu'ecben

59 4388 129 4437 Culte
152 4388 203 4436 und
225 4387 327 4451 Myiken
351 4403 409 4436 cnm
432 4404 457 4450 p.
482 4391 529 4436 422
548 4392 603 4438 iure
621 4391 695 4437 reicit
711 4391 857 4448 opinionem
876 4390 977 4447 Krellii,
994 4391 1175 4438 Manethonem
1193 4406 1208 4437 e
1225 4391 1337 4439 Diodoro

58 4483 115 4517 esse
142 4472 291 4528 excerptum
319 4467 447 4528 (llanetho
471 4468 523 4516 und
544 4468 636 4516 Diodor
655 4469 763 4516 vindob.
791 4465 875 4533 1880),
900 4471 956 4528 ipse
983 4471 1142 4530 argumentis
1165 4470 1234 4517 hund
1254 4474 1337 4530 magis

57 4549 140 4594 firmis
158 4548 277 4595 evincere
293 4550 401 4595 conatur
418 4549 575 4595 Hecataeum
595 4562 641 4595 sue
660 4548 754 4596 debere
774 4545 930 4595 Manethoni.

91 4624 112 4693 ⁴)
129 4627 309 4676 venerated
326 4629 491 4685 eoemogonia
509 4627 638 4688 disputavi
657 4625 746 4674 Marem.
764 4627 794 4674 N.
813 4628 837 4674 S.
857 4628 939 4674 XXII.
958 4643 981 4688 p.
1001 4632 1032 4676 ³0
1051 4642 1108 4687 sqq.
