3068 5288
74 2237 167 2295 Artis
198 2235 435 2298 Callimacheae
459 2239 614 2299 iudicium
637 2240 721 2299 ferre
744 2242 827 2315 quod
851 2240 945 2302 firmo
967 2243 1156 2304 testimonio
1181 2245 1304 2303 nitatur

21 2337 127 2397 sicuti
154 2339 350 2413 denegatum
378 2343 429 2400 est
457 2341 587 2401 saeculo
611 2344 737 2416 nostro,
762 2342 809 2402 ita
832 2359 947 2417 parum
971 2345 1083 2404 valent
1106 2345 1222 2419 hymni
1245 2361 1305 2405 sex

20 2454 105 2498 cum
136 2441 395 2514 fragmentorum
428 2459 543 2503 acervo
567 2447 603 2504 ut
625 2461 682 2518 pro
706 2447 794 2505 certo
817 2447 1057 2505 constituamus
1080 2461 1241 2520 quaenam
1266 2447 1304 2505 de

18 2542 127 2602 rebus
151 2543 284 2618 diviniS,
310 2544 349 2603 de
371 2545 510 2619 singulis
529 2546 592 2621 dis,
621 2547 660 2606 de
685 2547 785 2605 variis
807 2546 991 2606 fabularum
1016 2562 1184 2607 sacrarum
1208 2549 1303 2606 tradi-

16 2644 174 2703 tionibus
196 2649 311 2719 poetae
333 2647 430 2706 fuerit
453 2649 570 2721 opinio.
591 2648 727 2722 Tamen,
753 2652 911 2720 quantum
935 2663 977 2707 ex
1001 2664 1135 2722 operum
1159 2648 1303 2720 reliquiis

16 2742 98 2804 fieri
118 2748 240 2821 potest,
261 2748 475 2808 utilissimum
489 2750 617 2809 videtur
636 2764 803 2824 quaerere,
825 2765 985 2823 quaenam
1002 2750 1100 2809 fuerit
1112 2748 1303 2808 Callimachi

15 2845 56 2906 in
92 2847 191 2907 rebus
221 2849 340 2909 divinis
371 2850 547 2924 diligentia,
578 2851 731 2925 quidnam
758 2850 944 2923 consilium;
970 2865 1129 2923 quosnam
1154 2853 1303 2910 auctores

14 2951 176 3009 sectatus
206 2952 259 3025 sit,
292 2953 487 3025 quibusnam
519 2953 722 3012 adversatus,
757 2951 843 3026 Quae
874 2967 927 3011 res
954 2967 1019 3011 non
1043 2952 1149 3026 magis
1172 2953 1303 3025 propter

14 3049 137 3126 ipsum
161 3055 291 3126 poetam
311 3069 409 3127 quam
429 3056 558 3128 propter
577 3057 762 3128 temporum
782 3053 979 3126 gravitatem
999 3068 1037 3112 ae
1055 3054 1301 3113 multitudinem

13 3153 290 3214 adversariorum
324 3156 422 3229 digna
456 3156 563 3215 studio
598 3158 709 3215 nostro
745 3157 804 3214 est.
840 3155 959 3229 Ingens
994 3155 1082 3215 enim
1113 3156 1301 3230 opinionum

14 3255 301 3330 voluntatumque
331 3257 457 3317 eratin
484 3258 562 3317 urbe
586 3257 785 3318 Alexandria
808 3257 967 3316 varietas!
994 3258 1104 3333 Ipsam
1128 3272 1207 3317 sane
1231 3256 1300 3316 reli·

13 3358 159 3430 gionem
183 3359 230 3417 rei
253 3358 399 3432 publicae
422 3374 461 3418 ac
484 3358 574 3432 regni
598 3359 649 3418 sui
668 3358 917 3418 fundamentum
939 3360 1053 3432 putare
1072 3356 1300 3418 firmissimum

14 3458 169 3535 Lagidae
199 3459 317 3519 saltem
349 3476 414 3520 non
445 3460 650 3520 destiterunt.
683 3460 744 3520 Sed
769 3474 924 3533 quorsum
947 3461 1096 3520 tenderet
1118 3460 1300 3533 principum

15 3577 118 3636 cura,
146 3562 242 3621 multi
266 3563 464 3635 quaerebant
485 3563 632 3635 solliciti;
658 3564 812 3621 utrumne
832 3561 1051 3635 Aegyptiacos
1072 3561 1149 3621 deos
1169 3561 1301 3620 Graecis

15 3662 215 3723 nominibus
257 3665 389 3723 ornatos
431 3663 657 3737 Olympiorum
699 3661 830 3722 sedibus
874 3662 1058 3737 imposituri
1098 3664 1221 3737 essent,
1259 3676 1300 3720 an

16 3766 215 3838 Aegyptum
250 3764 382 3824 Graecis
416 3765 466 3823 dis
500 3764 674 3824 donaturi?
709 3765 759 3822 An
795 3763 879 3823 forte
914 3779 956 3822 ex
992 3763 1161 3836 utriusque
1191 3761 1300 3836 populi

16 3865 237 3939 religionibus
260 3881 383 3926 novum
407 3865 567 3939 quendam
592 3866 768 3925 miscerent
794 3865 920 3924 cultum
944 3880 1006 3937 quo
1031 3864 1155 3938 priscos
1177 3862 1300 3921 incolas

18 3982 101 4027 cum
126 3967 263 4043 exteris,
288 3969 393 4027 victos
417 3983 492 4027 cum
516 3966 693 4026 victoribus
717 3954 965 4025 conciliarent?

68 4068 258 4128 Extiterant
288 4069 457 4143 utriusque
488 4067 614 4128 consilii
640 4068 778 4144 patroni.
803 4067 886 4126 Nam
911 4068 1084 4142 postquam
1104 4063 1299 4140 Alexander,

21 4172 100 4244 post
120 4169 239 4229 durum
259 4170 433 4229 Persarum
458 4169 632 4245 imperium
652 4170 766 4243 gratus
786 4167 957 4241 Aegyptiis
977 4166 1168 4240 adveniens,
1190 4164 1301 4238 impiis

21 4271 223 4331 Artaxerxis
246 4270 369 4345 rapinis
393 4271 568 4344 benignam
591 4269 741 4344 opposuit
764 4269 921 4343 pietatem
938 4261 968 4342 ¹),
994 4270 1027 4326 et
1047 4266 1301 4342 Memphitarum

62 4561 82 4622 ¹)
105 4562 207 4612 Diodor.
231 4564 310 4612 Sicut.
334 4563 412 4610 XVII.
438 4564 469 4610 49
493 4567 515 4610 oi
538 4564 582 4627 γὰρ
603 4565 731 4621 Αἰγύπτιοι
756 4569 801 4608 τῶν
825 4566 923 4624 Πιρσῶν
942 4562 1089 4622 ὴσιβηκότων
1109 4563 1131 4613 ὃς
1148 4560 1177 4605 τὰ
1195 4560 1244 4623 iopd
1262 4560 1300 4604 uel

26 4649 106 4699 pratee
122 4646 245 4707 ἀρχόντων
262 4645 358 4702 &operor
374 4641 544 4708 προσσδὸξαντο
562 4645 614 4696 τοὺς
632 4643 775 4695 Μακιδόνας
791 4637 835 4704 (ef.
856 4639 927 4688 Diod.
947 4640 1012 4687 XVI.
1031 4636 1081 4703 51).

80 4728 110 4775 ΙΙ.
1208 4726 1219 4767 1
