3104 5296
70 473 129 532 111.
155 473 334 534 224-227
687 474 747 533 101

68 660 157 720 senti
198 663 345 736 tempore
379 685 398 720 α
431 664 616 737 correptum
651 661 768 722 hahere
802 661 836 721 in
868 660 1043 723 homericis
1077 659 1203 720 solebat
1237 658 1288 729 (ct
1322 657 1345 729 ζ.

69 761 154 835 292;
193 763 230 823 Φ.
265 764 349 839 197),
385 763 620 838 paenultimam
644 763 678 822 in
701 763 890 836 imperfecto
917 763 1069 823 habuisse
1092 764 1161 832 (aut
1183 763 1345 831 servasse)

66 861 212 939 longam,
237 868 270 925 et
290 873 373 942 νᾶεν,
394 879 458 925 non
481 869 564 924 ναῖεν
589 865 712 926 iustam
735 864 917 938 imperfecti
939 879 1012 924 esse
1037 864 1186 924 formam.
1211 862 1257 922 De
1280 875 1344 935 qna

65 979 102 1024 re
128 965 197 1026 tam
221 981 354 1040 prorsus
376 982 440 1027 non
465 967 634 1027 constabat
658 967 826 1027 doctorum
850 967 1021 1027 hominum
1051 965 1167 1041 opinio,
1191 966 1229 1025 ut
1251 963 1343 1038 Apol·

64 1065 176 1126 lonius
209 1067 354 1130 Rhodius
388 1072 561 1141 utramque
596 1068 735 1129 formam
766 1068 899 1141 probare
932 1067 1054 1143 mallet,
1085 1081 1183 1140 quam
1207 1066 1345 1126 alteram

63 1166 164 1227 alteri
198 1183 392 1244 praeponere
424 1170 523 1239 (11.1.
555 1170 659 1243 1146;
684 1169 741 1229 ΙΙΙ.
768 1169 853 1243 224),
878 1169 1087 1229 Aristarchus
1110 1169 1234 1228 formae
1257 1170 1344 1225 ναῖον

62 1268 204 1344 faveret,
236 1271 384 1346 analogia
415 1271 505 1332 verbi
536 1270 631 1330 καίειν
655 1272 794 1332 fortasse
818 1271 945 1331 ductus.
971 1271 1069 1332 (luins
1097 1270 1252 1331 iudicium
1276 1283 1343 1343 pro·

62 1371 124 1431 hat
147 1371 336 1446 Apollonius
360 1373 561 1448 Sophistalp.
585 1373 658 1433 114.
684 1373 737 1447 20,
757 1373 796 1433 11.
822 1372 932 1434 Ludw.
960 1373 1055 1433 Arist.
1080 1372 1205 1441 1574.)
1229 1372 1344 1444 impro-

60 1473 124 1532 bat
157 1473 334 1534 scholiasta
363 1474 524 1549 Apollonii
555 1474 685 1548 Rhodii;
717 1477 751 1535 et
782 1490 884 1548 nsque
908 1477 949 1535 ad
975 1478 1107 1536 nostros
1130 1475 1199 1535 dies
1222 1473 1342 1533 diesen

59 1575 154 1634 tiunt
177 1575 238 1635 viri
261 1576 359 1637 docti.

109 1739 182 1798 Iam
214 1739 310 1799 urbes
340 1740 561 1801 celebraturus
591 1756 648 1802 eas
675 1755 758 1815 quae
783 1743 877 1802 extra
900 1741 1074 1802 Arcadiam
1097 1753 1268 1800 nemorum
1290 1752 1340 1798 cu·

56 1840 194 1901 stodem
218 1839 355 1901 Dianam
379 1843 477 1902 variis
500 1843 610 1903 colunt
633 1842 888 1919 cognominibus,
909 1842 1061 1903 ultimam
1084 1842 1198 1915 hymni
1213 1842 1340 1916 partem

61 1941 193 2001 orditur
216 1941 305 2002 hisce
330 1942 495 2004 versibus:

103 2042 161 2102 Vs,
187 2044 263 2103 225.
308 2041 425 2120 πότνια,
447 2040 686 2122 πουλυμέλοιθρε,
707 2043 880 2120 cotemnit,
902 2047 983 2123 χαῖρε
1008 2041 1138 2121 Χιτώνη,

312 2144 439 2230 Μιλήτῳ
463 2143 595 2224 ἐπίδημε.
620 2140 653 2205 οὲ
674 2143 731 2226 γὰρ
755 2144 899 2223 ποίησατο
924 2144 1044 2223 Νηλεὺς

307 2238 487 2325 Ἡγεμόνην,
510 2245 557 2307 ὅτε
580 2244 689 2325 νηυσὶν
713 2243 838 2326 ἀνήγετο
862 2244 1080 2324 Κεκροπίηθεν.

57 2349 99 2408 In
145 2362 211 2421 qua
253 2348 455 2410 invocatione
491 2349 526 2408 si
553 2345 894 2427 ιιονλνμὲλαθρος
929 2348 1031 2424 ipsius
1065 2351 1117 2409 est
1151 2346 1340 2408 Callimachi

59 2451 237 2510 inventum
272 2451 438 2521 (adamant
473 2451 560 2511 enim
596 2454 710 2526 poetae
741 2450 937 2526 posteriores
969 2450 1112 2524 epitheta
1143 2463 1218 2508 cum
1248 2451 1336 2508 ιιολν-

59 2552 247 2626 composita
270 2567 461 2626 semperque
485 2555 626 2628 augenti,
647 2552 816 2613 fatendum
840 2555 892 2613 est
910 2552 1021 2612 minus
1039 2552 1114 2627 apte
1133 2550 1249 2611 iecisse
1263 2564 1338 2610 eum

56 2668 162 2727 quam
195 2653 402 2714 Theocritum
433 2655 486 2728 qui
519 2654 598 2725 (XV.
634 2655 707 2725 109)
738 2654 937 2729 Aphroditen
969 2655 1021 2714 his
1043 2653 1151 2714 verbis
1173 2653 1339 2712 invocaret

61 2753 264 2830 ,πολυώνυμε
297 2752 347 2814 καὶ
382 2755 547 2830 πολόναε”,
580 2770 656 2815 nam
692 2771 807 2831 parurn
843 2756 1003 2816 usitatum
1035 2756 1106 2817 erat
1135 2754 1174 2814 de
1206 2752 1338 2827 templis

59 2854 258 2916 vocabulum
281 2852 443 2934 μέλαθρον,
466 2857 549 2930 quod
574 2857 613 2918 de
633 2872 748 2931 regum
771 2857 921 2918 domibus
942 2856 1143 2932 frequentius
1166 2871 1186 2916 a
1206 2854 1338 2929 tragicis

57 2958 178 3017 dicitur
203 2957 390 3027 (ettamen
416 2959 505 3020 Pind.
531 2959 619 3035 Pyra.
644 2959 681 3019 V.
707 2961 749 3019 40
773 2962 807 3020 et
829 2960 912 3021 infra
936 2960 977 3020 ad
999 2961 1040 3019 ΙΙ.
1066 2960 1107 3027 2).
1135 2951 1155 3027 1)

99 3053 323 3137 Ἡγεμόνην
359 3075 434 3120 vero
468 3060 497 3120 si
528 3061 601 3134 quis
633 3063 804 3134 tamquam
837 3062 946 3121 minus
976 3061 1108 3120 solitam
1139 3060 1278 3119 formam
1303 3062 1336 3119 et

58 3159 286 3234 neglegentiae
319 3161 458 3221 fortasse
494 3161 637 3222 debitam
669 3165 823 3238 carperet,
859 3162 993 3222 minime
1024 3160 1213 3222 concederet
1244 3159 1333 3220 (lalli-

59 3264 211 3336 machus,
247 3262 302 3334 qui
331 3263 411 3323 nihil
443 3263 560 3337 agebat
592 3264 656 3323 nisi
687 3265 723 3323 ut
747 3278 785 3323 eo
815 3264 946 3324 nomine
975 3264 1129 3324 lectorem
1154 3277 1334 3323 commone·

60 3363 184 3423 iaceret
211 3363 295 3424 unde
318 3364 398 3424 haec
421 3365 480 3425 dea
505 3364 649 3426 venisset
672 3364 830 3440 Miletum,
862 3365 894 3425 in
919 3379 983 3438 qua
1005 3365 1083 3425 urbe
1107 3367 1334 3426 tantummodo

58 3466 183 3525 advena
213 3467 275 3541 est,
306 3461 508 3542 ε’νιίδημος.
540 3466 591 3525 Ita
623 3465 711 3526 enim
735 3466 958 3540 accipiendum
980 3473 1031 3526 est
1053 3467 1113 3527 hoc
1136 3466 1333 3528 adiectivnm

58 3581 263 3640 quamquam
293 3566 393 3627 aliam
424 3567 490 3626 vim
522 3567 707 3628 obtinuerat
738 3568 822 3641 apud
855 3568 1035 3627 Homerum
1066 3572 1103 3638 (α.
1134 3569 1213 3642 194;
1248 3568 1333 3638 234).

57 3668 259 3729 Callimacho
292 3683 331 3729 ea
365 3668 426 3728 dea
460 3664 603 3744 ἐπίδημος
639 3670 690 3728 est
725 3683 807 3742 quae
843 3668 973 3729 aliunde
1009 3671 1141 3730 veniens
1180 3666 1339 3746 ,ἐπιδημεῖ

58 3768 228 3853 Μιλήιμ”;
263 3770 329 3831 fere
362 3769 476 3830 eadem
505 3770 630 3830 ratione
660 3771 735 3845 post
766 3769 955 3844 Apollonius
985 3770 1140 3846 Rhodius,
1163 3770 1218 3844 qui
1241 3771 1266 3830 1.
1292 3772 1333 3831 95

57 3888 80 3931 a
103 3873 216 3932 nostro
245 3871 384 3931 formam
409 3869 619 3950 Κεκροπίηθεν
642 3871 773 3946 sumsit,
798 3871 821 3929 1.
846 3871 910 3931 827
942 3865 1131 3949 ,στρωφᾶσθ’
1161 3868 1332 3947 ἐνιδημιοι”

56 3973 153 4049 dixit,
185 3973 316 4048 ipseque
347 3974 459 4033 noster
492 3971 629 4048 ,Φοίβου
665 3967 923 4049 ίιιιδημήσανιος”
956 3973 994 4034 de
1025 3973 1084 4034 deo
1116 3974 1167 4043 (ΙΙ.
1195 3974 1246 4042 13)
1280 3973 1335 4046 111

56 4074 190 4135 aliunde
221 4075 255 4134 in
284 4074 446 4148 templum
476 4073 538 4134 sibi
564 4073 759 4149 dedicatum,
792 4076 829 4133 ut
853 4074 1052 4148 aliquamdiu
1075 4075 1119 4134 ihi
1142 4076 1334 4150 moraretur,

56 4176 202 4237 advenit.
239 4174 331 4236 Unde
367 4190 443 4235 vero
477 4175 580 4235 Diana
614 4175 782 4235 advenerit
817 4175 962 4235 Miletum
996 4175 1160 4251 epitheton
1185 4169 1336 4255 Ἡγεμόνη

56 4278 243 4338 1111161161
266 4277 424 4336 ostendit:
457 4290 620 4349 nusquam
643 4275 840 4349 frequentior
858 4270 1025 4356 Ἡγεμόνης
1049 4277 1157 4336 cultus
1180 4291 1279 4351 quam
1303 4276 1336 4337 in

56 4378 209 4440 Arcadia.
234 4377 280 4438 De
303 4378 373 4452 ipso
397 4379 508 4437 autem
532 4377 722 4451 cognomine
746 4377 900 4450 quidquid
923 4379 1053 4438 nostrae
1072 4378 1191 4438 aetatis
1211 4379 1336 4452 mytho·

56 4481 125 4554 logi
153 4479 308 4554 iudicant,
331 4479 364 4540 id
387 4479 517 4551 quidem
541 4480 670 4539 constat
693 4493 735 4538 ex
758 4480 868 4538 nostro
893 4494 1000 4555 versu,
1027 4479 1271 4555 Callimachum,
1297 4479 1360 4539 ab·

94 4645 115 4710 ¹)
134 4649 172 4696 De
189 4648 286 4697 Dianae
305 4649 419 4710 epitheto
438 4654 533 4710 Χινείινη
553 4650 651 4697 dictum
670 4651 710 4697 est
727 4663 806 4710 snpra
824 4663 883 4711 pag.
901 4652 941 4698 41.
