<?xml version="1.0" encoding="UTF-8"?>
<!DOCTYPE html PUBLIC "-//W3C//DTD XHTML 1.0 Transitional//EN"
    "http://www.w3.org/TR/xhtml1/DTD/xhtml1-transitional.dtd">
<html xmlns="http://www.w3.org/1999/xhtml" xml:lang="en" lang="en">
 <head>
  <title>
</title>
<meta http-equiv="Content-Type" content="text/html;charset=utf-8" />
  <meta name='ocr-system' content='tesseract 3.04.00' />
  <meta name='ocr-capabilities' content='ocr_page ocr_carea ocr_par ocr_line ocrx_word'/>
</head>
<body>
  <div class='ocr_page' id='page_1' title='image "./studiacallimach01kuipgoog_0082.png"; bbox 0 0 3090 5294; ppageno 0'>
   <div class='ocr_carea' id='block_1_1' title="bbox 64 460 732 524">
    <p class='ocr_par' dir='ltr' id='par_1_1' title="bbox 64 460 732 524">
     <span class='ocr_line' id='line_1_1' title="bbox 64 460 732 524; baseline 0.006 -6"><span class='ocrx_word' id='word_1_1' title='bbox 64 460 121 519; x_wconf 89' lang='grc'>111.</span> <span class='ocrx_word' id='word_1_2' title='bbox 153 460 287 520; x_wconf 79' lang='grc'>85-86</span> <span class='ocrx_word' id='word_1_3' title='bbox 690 464 732 524; x_wconf 87' lang='grc'><strong>69</strong></span> 
     </span>
    </p>
   </div>
   <div class='ocr_carea' id='block_1_2' title="bbox 62 647 1346 2354">
    <p class='ocr_par' dir='ltr' id='par_1_2' title="bbox 62 647 1346 2354">
     <span class='ocr_line' id='line_1_2' title="bbox 62 647 1344 726; baseline -0.001 -15"><span class='ocrx_word' id='word_1_4' title='bbox 62 650 209 711; x_wconf 78' lang='lat' dir='ltr'>adhibuit</span> <span class='ocrx_word' id='word_1_5' title='bbox 228 648 423 711; x_wconf 88' lang='lat' dir='ltr'><strong>vocabulum</strong></span> <span class='ocrx_word' id='word_1_6' title='bbox 443 647 565 721; x_wconf 80' lang='grc' dir='ltr'><em>δάκος</em></span> <span class='ocrx_word' id='word_1_7' title='bbox 585 665 606 710; x_wconf 93' lang='lat' dir='ltr'><strong>a</strong></span> <span class='ocrx_word' id='word_1_8' title='bbox 624 650 763 712; x_wconf 80' lang='lat' dir='ltr'><strong>dictione</strong></span> <span class='ocrx_word' id='word_1_9' title='bbox 777 650 941 711; x_wconf 90' lang='lat' dir='ltr'><strong>homerica</strong></span> <span class='ocrx_word' id='word_1_10' title='bbox 962 650 1115 726; x_wconf 90' lang='lat' dir='ltr'><strong>alienum,</strong></span> <span class='ocrx_word' id='word_1_11' title='bbox 1129 651 1164 710; x_wconf 87' lang='lat' dir='ltr'><strong>at</strong></span> <span class='ocrx_word' id='word_1_12' title='bbox 1183 649 1344 723; x_wconf 85' lang='lat' dir='ltr'>Aeschylo</span> 
     </span>
     <span class='ocr_line' id='line_1_3' title="bbox 62 747 1344 830; baseline -0.002 -17"><span class='ocrx_word' id='word_1_13' title='bbox 62 751 340 826; x_wconf 85' lang='lat' dir='ltr'><strong>acceptissimum,</strong></span> <span class='ocrx_word' id='word_1_14' title='bbox 377 750 432 824; x_wconf 89' lang='lat' dir='ltr'><strong>qui</strong></span> <span class='ocrx_word' id='word_1_15' title='bbox 466 749 546 826; x_wconf 79' lang='lat' dir='ltr'><strong>Sept.</strong></span> <span class='ocrx_word' id='word_1_16' title='bbox 587 752 650 812; x_wconf 90' lang='grc'><strong>558</strong></span> <span class='ocrx_word' id='word_1_17' title='bbox 679 748 793 829; x_wconf 52' lang='grc' dir='ltr'><strong><em>»θηρὸς</em></strong></span> <span class='ocrx_word' id='word_1_18' title='bbox 818 747 955 830; x_wconf 74' lang='grc' dir='ltr'><em>ἐχθίστου</em></span> <span class='ocrx_word' id='word_1_19' title='bbox 979 748 1123 827; x_wconf 70' lang='grc' dir='ltr'><strong><em>δάκνους’,</em></strong></span> <span class='ocrx_word' id='word_1_20' title='bbox 1147 750 1254 812; x_wconf 86' lang='lat' dir='ltr'><strong>Prom.</strong></span> <span class='ocrx_word' id='word_1_21' title='bbox 1281 753 1344 812; x_wconf 83' lang='lat'><strong>582</strong></span> 
     </span>
     <span class='ocr_line' id='line_1_4' title="bbox 67 851 1346 932; baseline -0.002 -18"><span class='ocrx_word' id='word_1_22' title='bbox 67 852 220 930; x_wconf 63' lang='lat' dir='ltr'><strong>„nomion-</strong></span> <span class='ocrx_word' id='word_1_23' title='bbox 243 851 365 913; x_wconf 77' lang='grc' dir='ltr'><strong><em>δάκεοι”</em></strong></span> <span class='ocrx_word' id='word_1_24' title='bbox 391 852 475 913; x_wconf 85' lang='lat' dir='ltr'><strong>dixit</strong></span> <span class='ocrx_word' id='word_1_25' title='bbox 507 853 714 929; x_wconf 72' lang='lat' dir='ltr'><strong>elapsae</strong></span> <span class='ocrx_word' id='word_1_26' title='bbox 750 868 870 927; x_wconf 88' lang='lat' dir='ltr'><strong>equum</strong></span> <span class='ocrx_word' id='word_1_27' title='bbox 902 852 1065 913; x_wconf 89' lang='lat' dir='ltr'><strong>troianum</strong></span> <span class='ocrx_word' id='word_1_28' title='bbox 1094 854 1223 932; x_wconf 77' lang='grc' dir='ltr'><strong><em>Ἀργεῖον</em></strong></span> <span class='ocrx_word' id='word_1_29' title='bbox 1254 851 1346 924; x_wconf 79' lang='grc' dir='ltr'><strong><em>δάκος</em></strong></span> 
     </span>
     <span class='ocr_line' id='line_1_5' title="bbox 64 951 1342 1031; baseline -0.001 -16"><span class='ocrx_word' id='word_1_30' title='bbox 64 955 204 1031; x_wconf 86' lang='lat' dir='ltr'><strong>vocavit,</strong></span> <span class='ocrx_word' id='word_1_31' title='bbox 232 955 329 1031; x_wconf 86' lang='lat' dir='ltr'><strong>idem,</strong></span> <span class='ocrx_word' id='word_1_32' title='bbox 365 954 405 1015; x_wconf 90' lang='lat' dir='ltr'><strong>ad</strong></span> <span class='ocrx_word' id='word_1_33' title='bbox 437 954 521 1028; x_wconf 88' lang='lat' dir='ltr'><strong>quod</strong></span> <span class='ocrx_word' id='word_1_34' title='bbox 556 955 686 1031; x_wconf 89' lang='lat' dir='ltr'><strong>propius</strong></span> <span class='ocrx_word' id='word_1_35' title='bbox 718 956 829 1016; x_wconf 90' lang='lat' dir='ltr'><strong>noster</strong></span> <span class='ocrx_word' id='word_1_36' title='bbox 859 955 992 1031; x_wconf 79' lang='lat' dir='ltr'><strong>accedit,</strong></span> <span class='ocrx_word' id='word_1_37' title='bbox 1027 951 1153 1030; x_wconf 81' lang='lat' dir='ltr'><strong>Ohocph.</strong></span> <span class='ocrx_word' id='word_1_38' title='bbox 1187 954 1342 1016; x_wconf 80' lang='grc'>5301110·</span> 
     </span>
     <span class='ocr_line' id='line_1_6' title="bbox 64 1054 1343 1131; baseline -0.002 -13"><span class='ocrx_word' id='word_1_39' title='bbox 64 1058 195 1118; x_wconf 83' lang='lat' dir='ltr'><strong>contem</strong></span> <span class='ocrx_word' id='word_1_40' title='bbox 218 1070 316 1130; x_wconf 89' lang='lat' dir='ltr'><strong>quem</strong></span> <span class='ocrx_word' id='word_1_41' title='bbox 336 1056 498 1131; x_wconf 82' lang='lat' dir='ltr'><strong>peperisse</strong></span> <span class='ocrx_word' id='word_1_42' title='bbox 519 1058 552 1116; x_wconf 91' lang='grc'><strong>01</strong></span> <span class='ocrx_word' id='word_1_43' title='bbox 572 1056 682 1117; x_wconf 83' lang='lat' dir='ltr'><strong>fasciis</strong></span> <span class='ocrx_word' id='word_1_44' title='bbox 702 1056 879 1118; x_wconf 88' lang='lat' dir='ltr'><strong>involvisse</strong></span> <span class='ocrx_word' id='word_1_45' title='bbox 893 1054 1130 1130; x_wconf 76' lang='lat' dir='ltr'><strong>Clytaemestra</strong></span> <span class='ocrx_word' id='word_1_46' title='bbox 1142 1056 1206 1116; x_wconf 92' lang='lat' dir='ltr'><strong>sibi</strong></span> <span class='ocrx_word' id='word_1_47' title='bbox 1219 1056 1343 1117; x_wconf 87' lang='lat' dir='ltr'><strong>videba-</strong></span> 
     </span>
     <span class='ocr_line' id='line_1_7' title="bbox 63 1152 1342 1237; baseline -0.001 -18"><span class='ocrx_word' id='word_1_48' title='bbox 63 1161 118 1220; x_wconf 89' lang='lat' dir='ltr'><strong>tur</strong></span> <span class='ocrx_word' id='word_1_49' title='bbox 155 1152 308 1237; x_wconf 68' lang='grc' dir='ltr'><strong><em>,νεογενὲς</em></strong></span> <span class='ocrx_word' id='word_1_50' title='bbox 331 1154 443 1228; x_wconf 79' lang='grc' dir='ltr'><strong><em>δάνος”</em></strong></span> <span class='ocrx_word' id='word_1_51' title='bbox 476 1156 659 1232; x_wconf 86' lang='lat' dir='ltr'><strong>appellavit.</strong></span> <span class='ocrx_word' id='word_1_52' title='bbox 691 1157 874 1219; x_wconf 85' lang='lat' dir='ltr'><strong>Illustravit</strong></span> <span class='ocrx_word' id='word_1_53' title='bbox 906 1156 1342 1219; x_wconf 78' lang='grc'>(10111010010000001010111</span> 
     </span>
     <span class='ocr_line' id='line_1_8' title="bbox 63 1259 1342 1336; baseline 0 -15"><span class='ocrx_word' id='word_1_54' title='bbox 63 1259 244 1336; x_wconf 85' lang='lat' dir='ltr'><strong>insolitum,</strong></span> <span class='ocrx_word' id='word_1_55' title='bbox 269 1259 363 1333; x_wconf 84' lang='lat' dir='ltr'><strong>(quud</strong></span> <span class='ocrx_word' id='word_1_56' title='bbox 386 1259 552 1335; x_wconf 89' lang='lat' dir='ltr'><strong>Lycophro</strong></span> <span class='ocrx_word' id='word_1_57' title='bbox 576 1275 712 1336; x_wconf 88' lang='lat' dir='ltr'><strong>quoque,</strong></span> <span class='ocrx_word' id='word_1_58' title='bbox 741 1275 825 1321; x_wconf 90' lang='lat' dir='ltr'><strong>unus</strong></span> <span class='ocrx_word' id='word_1_59' title='bbox 845 1259 992 1321; x_wconf 91' lang='lat' dir='ltr'><strong>omnium</strong></span> <span class='ocrx_word' id='word_1_60' title='bbox 1019 1259 1187 1320; x_wconf 84' lang='lat' dir='ltr'><strong>maximus</strong></span> <span class='ocrx_word' id='word_1_61' title='bbox 1210 1259 1342 1321; x_wconf 87' lang='lat' dir='ltr'><strong>abscon·</strong></span> 
     </span>
     <span class='ocr_line' id='line_1_9' title="bbox 63 1358 1343 1439; baseline -0.001 -16"><span class='ocrx_word' id='word_1_62' title='bbox 63 1362 207 1423; x_wconf 76' lang='lat' dir='ltr'><strong>ditonum</strong></span> <span class='ocrx_word' id='word_1_63' title='bbox 237 1361 383 1435; x_wconf 89' lang='lat' dir='ltr'><strong>captator</strong></span> <span class='ocrx_word' id='word_1_64' title='bbox 413 1361 603 1422; x_wconf 82' lang='lat' dir='ltr'><strong>adhibuerat</strong></span> <span class='ocrx_word' id='word_1_65' title='bbox 633 1377 681 1423; x_wconf 86' lang='lat' dir='ltr'><strong>vs.</strong></span> <span class='ocrx_word' id='word_1_66' title='bbox 718 1363 781 1424; x_wconf 81' lang='grc'><strong>765</strong></span> <span class='ocrx_word' id='word_1_67' title='bbox 813 1362 852 1423; x_wconf 86' lang='grc'><strong>(10</strong></span> <span class='ocrx_word' id='word_1_68' title='bbox 885 1361 1021 1437; x_wconf 78' lang='lat' dir='ltr'><strong>Cyclope</strong></span> <span class='ocrx_word' id='word_1_69' title='bbox 1056 1369 1109 1422; x_wconf 78' lang='lat' dir='ltr'><strong>rou</strong></span> <span class='ocrx_word' id='word_1_70' title='bbox 1134 1358 1343 1439; x_wconf 73' lang='grc' dir='ltr'><strong><em>τυφλωθέννος</em></strong></span> 
     </span>
     <span class='ocr_line' id='line_1_10' title="bbox 63 1461 1343 1541; baseline 0.001 -18"><span class='ocrx_word' id='word_1_71' title='bbox 63 1461 187 1535; x_wconf 80' lang='grc' dir='ltr'>δάκους)</span> <span class='ocrx_word' id='word_1_72' title='bbox 211 1463 369 1523; x_wconf 85' lang='lat' dir='ltr'><strong>adiectivo</strong></span> <span class='ocrx_word' id='word_1_73' title='bbox 393 1461 542 1540; x_wconf 82' lang='grc' dir='ltr'><strong><em>μονιός.</em></strong></span> <span class='ocrx_word' id='word_1_74' title='bbox 565 1464 602 1524; x_wconf 86' lang='lat' dir='ltr'><strong>ld</strong></span> <span class='ocrx_word' id='word_1_75' title='bbox 627 1465 750 1541; x_wconf 88' lang='lat' dir='ltr'><strong>autem,</strong></span> <span class='ocrx_word' id='word_1_76' title='bbox 767 1463 806 1524; x_wconf 91' lang='lat' dir='ltr'><strong>de</strong></span> <span class='ocrx_word' id='word_1_77' title='bbox 826 1464 868 1524; x_wconf 89' lang='lat' dir='ltr'><strong>iis</strong></span> <span class='ocrx_word' id='word_1_78' title='bbox 888 1463 1084 1524; x_wconf 87' lang='lat' dir='ltr'><strong>animalibus</strong></span> <span class='ocrx_word' id='word_1_79' title='bbox 1106 1463 1240 1539; x_wconf 90' lang='lat' dir='ltr'><strong>dictum,</strong></span> <span class='ocrx_word' id='word_1_80' title='bbox 1261 1479 1343 1538; x_wconf 87' lang='lat' dir='ltr'><strong>quae</strong></span> 
     </span>
     <span class='ocr_line' id='line_1_11' title="bbox 62 1561 1345 1645; baseline -0.002 -18"><span class='ocrx_word' id='word_1_81' title='bbox 62 1564 259 1627; x_wconf 76' lang='lat' dir='ltr'><strong>Aristoteles</strong></span> <span class='ocrx_word' id='word_1_82' title='bbox 280 1564 348 1626; x_wconf 78' lang='lat' dir='ltr'><strong>hist.</strong></span> <span class='ocrx_word' id='word_1_83' title='bbox 372 1580 426 1625; x_wconf 77' lang='lat' dir='ltr'><strong>an.</strong></span> <span class='ocrx_word' id='word_1_84' title='bbox 450 1565 475 1625; x_wconf 94' lang='grc' dir='ltr'><strong>Ι.</strong></span> <span class='ocrx_word' id='word_1_85' title='bbox 499 1567 515 1625; x_wconf 98' lang='grc'><strong>1</strong></span> <span class='ocrx_word' id='word_1_86' title='bbox 538 1561 687 1642; x_wconf 83' lang='grc' dir='ltr'><strong><em>μονωιικᾶ</em></strong></span> <span class='ocrx_word' id='word_1_87' title='bbox 707 1566 846 1642; x_wconf 84' lang='lat' dir='ltr'><strong>vocavit,</strong></span> <span class='ocrx_word' id='word_1_88' title='bbox 867 1566 1078 1641; x_wconf 81' lang='lat' dir='ltr'><strong>opposuitque</strong></span> <span class='ocrx_word' id='word_1_89' title='bbox 1099 1569 1159 1636; x_wconf 82' lang='grc' dir='ltr'><strong><em>τοῖς</em></strong></span> <span class='ocrx_word' id='word_1_90' title='bbox 1188 1562 1345 1645; x_wconf 73' lang='grc' dir='ltr'><em>ἀγελαίοις,</em></span> 
     </span>
     <span class='ocr_line' id='line_1_12' title="bbox 63 1666 1343 1742; baseline -0.002 -12"><span class='ocrx_word' id='word_1_91' title='bbox 63 1669 214 1742; x_wconf 84' lang='lat' dir='ltr'><strong>fortasse,</strong></span> <span class='ocrx_word' id='word_1_92' title='bbox 238 1666 390 1740; x_wconf 85' lang='lat' dir='ltr'><strong>quoniam</strong></span> <span class='ocrx_word' id='word_1_93' title='bbox 415 1666 578 1741; x_wconf 88' lang='lat' dir='ltr'><strong>poeticum</strong></span> <span class='ocrx_word' id='word_1_94' title='bbox 602 1666 742 1728; x_wconf 91' lang='lat' dir='ltr'><strong>colorem</strong></span> <span class='ocrx_word' id='word_1_95' title='bbox 765 1667 821 1727; x_wconf 83' lang='lat' dir='ltr'><strong>vix</strong></span> <span class='ocrx_word' id='word_1_96' title='bbox 843 1681 976 1742; x_wconf 87' lang='lat' dir='ltr'><strong>praese</strong></span> <span class='ocrx_word' id='word_1_97' title='bbox 1001 1666 1074 1741; x_wconf 88' lang='lat' dir='ltr'><strong>fert,</strong></span> <span class='ocrx_word' id='word_1_98' title='bbox 1096 1683 1138 1727; x_wconf 85' lang='lat' dir='ltr'><strong>ex</strong></span> <span class='ocrx_word' id='word_1_99' title='bbox 1157 1667 1343 1740; x_wconf 86' lang='lat' dir='ltr'><strong>aequalium</strong></span> 
     </span>
     <span class='ocr_line' id='line_1_13' title="bbox 63 1766 1342 1843; baseline 0 -13"><span class='ocrx_word' id='word_1_100' title='bbox 63 1783 216 1830; x_wconf 88' lang='lat' dir='ltr'><strong>sermone</strong></span> <span class='ocrx_word' id='word_1_101' title='bbox 239 1766 399 1828; x_wconf 83' lang='lat' dir='ltr'><strong>sumsisse</strong></span> <span class='ocrx_word' id='word_1_102' title='bbox 422 1768 518 1842; x_wconf 85' lang='lat' dir='ltr'><strong>poeta</strong></span> <span class='ocrx_word' id='word_1_103' title='bbox 541 1769 704 1843; x_wconf 89' lang='lat' dir='ltr'><strong>putandus</strong></span> <span class='ocrx_word' id='word_1_104' title='bbox 728 1771 789 1830; x_wconf 89' lang='lat' dir='ltr'><strong>est.</strong></span> <span class='ocrx_word' id='word_1_105' title='bbox 813 1769 850 1829; x_wconf 90' lang='lat' dir='ltr'><strong>In</strong></span> <span class='ocrx_word' id='word_1_106' title='bbox 872 1768 1020 1829; x_wconf 87' lang='lat' dir='ltr'><strong>versione</strong></span> <span class='ocrx_word' id='word_1_107' title='bbox 1045 1769 1133 1830; x_wconf 91' lang='lat' dir='ltr'><strong>enim</strong></span> <span class='ocrx_word' id='word_1_108' title='bbox 1154 1769 1342 1830; x_wconf 75' lang='grc'>111110110-</span> 
     </span>
     <span class='ocr_line' id='line_1_14' title="bbox 64 1867 1343 1946; baseline 0.001 -16"><span class='ocrx_word' id='word_1_109' title='bbox 64 1885 151 1946; x_wconf 88' lang='lat' dir='ltr'><strong>rum,</strong></span> <span class='ocrx_word' id='word_1_110' title='bbox 176 1883 258 1942; x_wconf 88' lang='lat' dir='ltr'><strong>quae</strong></span> <span class='ocrx_word' id='word_1_111' title='bbox 289 1867 582 1929; x_wconf 85' lang='lat' dir='ltr'><strong>Alexandrinorum</strong></span> <span class='ocrx_word' id='word_1_112' title='bbox 617 1869 811 1930; x_wconf 85' lang='lat' dir='ltr'><strong>dictionibus</strong></span> <span class='ocrx_word' id='word_1_113' title='bbox 841 1870 937 1944; x_wconf 90' lang='lat' dir='ltr'><strong>plena</strong></span> <span class='ocrx_word' id='word_1_114' title='bbox 960 1872 1021 1946; x_wconf 88' lang='lat' dir='ltr'><strong>est,</strong></span> <span class='ocrx_word' id='word_1_115' title='bbox 1046 1870 1125 1931; x_wconf 93' lang='lat' dir='ltr'><strong>illud</strong></span> <span class='ocrx_word' id='word_1_116' title='bbox 1150 1870 1343 1932; x_wconf 88' lang='lat' dir='ltr'><strong>vocabulum</strong></span> 
     </span>
     <span class='ocr_line' id='line_1_15' title="bbox 65 1967 1342 2051; baseline -0.002 -17"><span class='ocrx_word' id='word_1_117' title='bbox 65 1971 249 2034; x_wconf 86' lang='lat' dir='ltr'><strong>adhibitum</strong></span> <span class='ocrx_word' id='word_1_118' title='bbox 281 1971 430 2031; x_wconf 83' lang='lat' dir='ltr'><strong>videmus</strong></span> <span class='ocrx_word' id='word_1_119' title='bbox 461 1970 513 2032; x_wconf 73' lang='grc' dir='ltr'><strong>ΡΒ.</strong></span> <span class='ocrx_word' id='word_1_120' title='bbox 540 1971 592 2032; x_wconf 85' lang='grc'><strong>79.</strong></span> <span class='ocrx_word' id='word_1_121' title='bbox 619 1972 659 2030; x_wconf 88' lang='grc'><strong>14</strong></span> <span class='ocrx_word' id='word_1_122' title='bbox 687 1969 809 2048; x_wconf 63' lang='lat' dir='ltr'><strong>„provehe</strong></span> <span class='ocrx_word' id='word_1_123' title='bbox 832 1967 934 2051; x_wconf 72' lang='grc' dir='ltr'><strong><em>ἄγριος</em></strong></span> <span class='ocrx_word' id='word_1_124' title='bbox 964 1970 1180 2050; x_wconf 79' lang='grc' dir='ltr'><strong><em>κατενεμήσαιο</em></strong></span> <span class='ocrx_word' id='word_1_125' title='bbox 1215 1970 1342 2049; x_wconf 80' lang='grc' dir='ltr'><strong><em>αὐτήν”.</em></strong></span> 
     </span>
     <span class='ocr_line' id='line_1_16' title="bbox 65 2067 1343 2151; baseline -0.002 -17"><span class='ocrx_word' id='word_1_126' title='bbox 65 2072 224 2134; x_wconf 69' lang='grc'>0111111110</span> <span class='ocrx_word' id='word_1_127' title='bbox 255 2072 377 2132; x_wconf 78' lang='lat' dir='ltr'><strong>Aratus</strong></span> <span class='ocrx_word' id='word_1_128' title='bbox 412 2086 460 2132; x_wconf 82' lang='lat' dir='ltr'><strong>vs.</strong></span> <span class='ocrx_word' id='word_1_129' title='bbox 500 2072 584 2132; x_wconf 79' lang='lat'>1124</span> <span class='ocrx_word' id='word_1_130' title='bbox 616 2072 699 2133; x_wconf 76' lang='lat' dir='ltr'><strong>dixit</strong></span> <span class='ocrx_word' id='word_1_131' title='bbox 735 2071 843 2148; x_wconf 64' lang='lat' dir='ltr'><strong>„ioxep</strong></span> <span class='ocrx_word' id='word_1_132' title='bbox 867 2067 977 2132; x_wconf 82' lang='grc' dir='ltr'><strong><em>δππότε</em></strong></span> <span class='ocrx_word' id='word_1_133' title='bbox 1001 2070 1099 2151; x_wconf 82' lang='grc' dir='ltr'><strong><em>μακρὰ</em></strong></span> <span class='ocrx_word' id='word_1_134' title='bbox 1122 2071 1343 2151; x_wconf 77' lang='grc' dir='ltr'><strong><em>μονόλυκος</em></strong></span> 
     </span>
     <span class='ocr_line' id='line_1_17' title="bbox 67 2171 1343 2254; baseline 0.001 -20"><span class='ocrx_word' id='word_1_135' title='bbox 67 2171 212 2254; x_wconf 77' lang='grc' dir='ltr'><strong><em>ὠρύηνοι,</em></strong></span> <span class='ocrx_word' id='word_1_136' title='bbox 244 2188 341 2246; x_wconf 83' lang='lat' dir='ltr'><strong>quem</strong></span> <span class='ocrx_word' id='word_1_137' title='bbox 376 2173 527 2235; x_wconf 86' lang='lat' dir='ltr'><strong>imitatus</strong></span> <span class='ocrx_word' id='word_1_138' title='bbox 561 2174 719 2237; x_wconf 87' lang='lat' dir='ltr'><strong>Leonidas</strong></span> <span class='ocrx_word' id='word_1_139' title='bbox 754 2174 863 2246; x_wconf 84' lang='lat' dir='ltr'><strong>(Anth.</strong></span> <span class='ocrx_word' id='word_1_140' title='bbox 895 2173 949 2235; x_wconf 90' lang='lat' dir='ltr'><strong>VI.</strong></span> <span class='ocrx_word' id='word_1_141' title='bbox 982 2175 1056 2236; x_wconf 78' lang='lat'>221.</span> <span class='ocrx_word' id='word_1_142' title='bbox 1088 2177 1118 2246; x_wconf 83' lang='lat'><strong>8)</strong></span> <span class='ocrx_word' id='word_1_143' title='bbox 1149 2175 1343 2237; x_wconf 85' lang='lat' dir='ltr'><strong>vocabulum</strong></span> 
     </span>
     <span class='ocr_line' id='line_1_18' title="bbox 66 2271 348 2354; baseline 0 -18"><span class='ocrx_word' id='word_1_144' title='bbox 66 2271 221 2354; x_wconf 81' lang='grc' dir='ltr'><strong><em>μονολὲων</em></strong></span> <span class='ocrx_word' id='word_1_145' title='bbox 244 2273 348 2337; x_wconf 76' lang='lat' dir='ltr'><strong>finxit.</strong></span> 
     </span>
    </p>
   </div>
   <div class='ocr_carea' id='block_1_3' title="bbox 112 2472 1194 2660">
    <p class='ocr_par' dir='ltr' id='par_1_3' title="bbox 112 2472 1194 2660">
     <span class='ocr_line' id='line_1_19' title="bbox 112 2472 1194 2559; baseline 0.001 -22"><span class='ocrx_word' id='word_1_146' title='bbox 112 2479 169 2540; x_wconf 87' lang='lat' dir='ltr'><strong>Vs.</strong></span> <span class='ocrx_word' id='word_1_147' title='bbox 196 2480 249 2540; x_wconf 86' lang='grc'><strong>86.</strong></span> <span class='ocrx_word' id='word_1_148' title='bbox 295 2475 423 2552; x_wconf 75' lang='grc' dir='ltr'><strong><em>ἔννεπες·</em></strong></span> <span class='ocrx_word' id='word_1_149' title='bbox 449 2479 479 2539; x_wconf 79' lang='grc' dir='ltr'><strong>οἳ</strong></span> <span class='ocrx_word' id='word_1_150' title='bbox 500 2473 529 2538; x_wconf 90' lang='grc' dir='ltr'><strong>δ’</strong></span> <span class='ocrx_word' id='word_1_151' title='bbox 555 2476 714 2540; x_wconf 76' lang='grc' dir='ltr'><strong><em>ἐτέλεσσαν.</em></strong></span> <span class='ocrx_word' id='word_1_152' title='bbox 738 2475 821 2559; x_wconf 76' lang='grc' dir='ltr'><strong><em>ἄφαρ</em></strong></span> <span class='ocrx_word' id='word_1_153' title='bbox 845 2472 876 2538; x_wconf 86' lang='grc' dir='ltr'><strong>δ’</strong></span> <span class='ocrx_word' id='word_1_154' title='bbox 903 2476 1052 2539; x_wconf 75' lang='grc' dir='ltr'><strong><em>ὡπλίσσαο</em></strong></span> <span class='ocrx_word' id='word_1_155' title='bbox 1077 2478 1194 2557; x_wconf 81' lang='grc' dir='ltr'><em>δαῖμον·</em></span> 
     </span>
     <span class='ocr_line' id='line_1_20' title="bbox 294 2572 1131 2660; baseline 0 -21"><span class='ocrx_word' id='word_1_156' title='bbox 294 2573 371 2656; x_wconf 79' lang='grc' dir='ltr'><strong><em>αἶψα</em></strong></span> <span class='ocrx_word' id='word_1_157' title='bbox 395 2575 423 2640; x_wconf 84' lang='grc' dir='ltr'><strong>δ’</strong></span> <span class='ocrx_word' id='word_1_158' title='bbox 449 2578 498 2641; x_wconf 72' lang='grc' dir='ltr'><strong><em>ἐπὶ</em></strong></span> <span class='ocrx_word' id='word_1_159' title='bbox 521 2581 670 2654; x_wconf 80' lang='grc' dir='ltr'><strong><em>σκύλακας</em></strong></span> <span class='ocrx_word' id='word_1_160' title='bbox 692 2580 782 2642; x_wconf 74' lang='grc' dir='ltr'><strong><em>πάλιν</em></strong></span> <span class='ocrx_word' id='word_1_161' title='bbox 805 2577 877 2660; x_wconf 59' lang='lat' dir='ltr'><strong>ilaec,</strong></span> <span class='ocrx_word' id='word_1_162' title='bbox 900 2580 961 2641; x_wconf 76' lang='grc' dir='ltr'><strong><em>ἵκεο</em></strong></span> <span class='ocrx_word' id='word_1_163' title='bbox 990 2573 1017 2640; x_wconf 85' lang='grc' dir='ltr'><strong>δ’</strong></span> <span class='ocrx_word' id='word_1_164' title='bbox 1044 2572 1131 2641; x_wconf 75' lang='grc' dir='ltr'><strong><em>αὖλιν</em></strong></span> 
     </span>
    </p>
   </div>
   <div class='ocr_carea' id='block_1_4' title="bbox 107 2678 1338 2963">
    <p class='ocr_par' dir='ltr' id='par_1_4' title="bbox 107 2678 1338 2963">
     <span class='ocr_line' id='line_1_21' title="bbox 294 2678 1123 2764; baseline 0.001 -23"><span class='ocrx_word' id='word_1_165' title='bbox 294 2679 469 2762; x_wconf 77' lang='grc' dir='ltr'><strong><em>Ἀρκαδικὴν</em></strong></span> <span class='ocrx_word' id='word_1_166' title='bbox 492 2680 541 2743; x_wconf 72' lang='grc' dir='ltr'><strong><em>ἔπι</em></strong></span> <span class='ocrx_word' id='word_1_167' title='bbox 563 2682 675 2755; x_wconf 89' lang='grc' dir='ltr'><strong><em>Πανός·</em></strong></span> <span class='ocrx_word' id='word_1_168' title='bbox 699 2678 716 2744; x_wconf 78' lang='grc' dir='ltr'>ὃ</span> <span class='ocrx_word' id='word_1_169' title='bbox 740 2679 772 2743; x_wconf 77' lang='grc' dir='ltr'><strong>δὲ</strong></span> <span class='ocrx_word' id='word_1_170' title='bbox 795 2679 867 2764; x_wconf 71' lang='grc' dir='ltr'><strong><em>κρέα</em></strong></span> <span class='ocrx_word' id='word_1_171' title='bbox 888 2681 996 2763; x_wconf 80' lang='grc' dir='ltr'><strong><em>λυγκὸς</em></strong></span> <span class='ocrx_word' id='word_1_172' title='bbox 1018 2680 1123 2760; x_wconf 75' lang='grc' dir='ltr'><strong><em>ἕταμνε</em></strong></span> 
     </span>
     <span class='ocr_line' id='line_1_22' title="bbox 291 2777 1091 2863; baseline 0 -20"><span class='ocrx_word' id='word_1_173' title='bbox 291 2784 477 2863; x_wconf 78' lang='grc' dir='ltr'><strong><em>Μαιναλίης,</em></strong></span> <span class='ocrx_word' id='word_1_174' title='bbox 499 2783 549 2845; x_wconf 72' lang='grc' dir='ltr'><strong><em>ἵνα</em></strong></span> <span class='ocrx_word' id='word_1_175' title='bbox 573 2784 605 2845; x_wconf 75' lang='lat' dir='ltr'><strong>ol</strong></span> <span class='ocrx_word' id='word_1_176' title='bbox 624 2783 746 2858; x_wconf 78' lang='grc' dir='ltr'><strong><em>τοκάδες</em></strong></span> <span class='ocrx_word' id='word_1_177' title='bbox 768 2784 857 2857; x_wconf 80' lang='grc' dir='ltr'><strong><em>κύνες</em></strong></span> <span class='ocrx_word' id='word_1_178' title='bbox 880 2777 962 2862; x_wconf 79' lang='grc' dir='ltr'><strong><em>εἶδαρ</em></strong></span> <span class='ocrx_word' id='word_1_179' title='bbox 986 2782 1091 2844; x_wconf 74' lang='grc' dir='ltr'><strong><em>ἔδοιεν.</em></strong></span> 
     </span>
     <span class='ocr_line' id='line_1_23' title="bbox 107 2885 1338 2963; baseline -0.002 -13"><span class='ocrx_word' id='word_1_180' title='bbox 107 2889 138 2950; x_wconf 85' lang='grc' dir='ltr'><strong>Α</strong></span> <span class='ocrx_word' id='word_1_181' title='bbox 174 2886 365 2962; x_wconf 80' lang='lat' dir='ltr'><strong>cyclopibus</strong></span> <span class='ocrx_word' id='word_1_182' title='bbox 398 2902 473 2948; x_wconf 90' lang='lat' dir='ltr'><strong>cum</strong></span> <span class='ocrx_word' id='word_1_183' title='bbox 504 2887 607 2949; x_wconf 87' lang='lat' dir='ltr'><strong>Diana</strong></span> <span class='ocrx_word' id='word_1_184' title='bbox 641 2889 702 2949; x_wconf 89' lang='lat' dir='ltr'><strong>iter</strong></span> <span class='ocrx_word' id='word_1_185' title='bbox 736 2888 895 2950; x_wconf 83' lang='lat' dir='ltr'><strong>convertit</strong></span> <span class='ocrx_word' id='word_1_186' title='bbox 918 2888 951 2947; x_wconf 90' lang='lat' dir='ltr'><strong>iu</strong></span> <span class='ocrx_word' id='word_1_187' title='bbox 978 2887 1077 2948; x_wconf 91' lang='lat' dir='ltr'><strong>Panis</strong></span> <span class='ocrx_word' id='word_1_188' title='bbox 1100 2889 1242 2963; x_wconf 86' lang='lat' dir='ltr'><strong>antrum,</strong></span> <span class='ocrx_word' id='word_1_189' title='bbox 1268 2885 1338 2961; x_wconf 89' lang='lat' dir='ltr'><strong>ipse</strong></span> 
     </span>
    </p>
   </div>
   <div class='ocr_carea' id='block_1_5' title="bbox 61 2988 1454 3067">
    <p class='ocr_par' dir='ltr' id='par_1_5' title="bbox 61 2988 1454 3067">
     <span class='ocr_line' id='line_1_24' title="bbox 61 2988 1454 3067; baseline -0.004 -14"><span class='ocrx_word' id='word_1_190' title='bbox 61 3005 194 3067; x_wconf 89' lang='lat' dir='ltr'><strong>quoque</strong></span> <span class='ocrx_word' id='word_1_191' title='bbox 228 2989 324 3064; x_wconf 85' lang='lat' dir='ltr'><strong>poeta</strong></span> <span class='ocrx_word' id='word_1_192' title='bbox 359 3004 434 3050; x_wconf 92' lang='lat' dir='ltr'><strong>cum</strong></span> <span class='ocrx_word' id='word_1_193' title='bbox 466 2990 499 3050; x_wconf 92' lang='lat' dir='ltr'><strong>in</strong></span> <span class='ocrx_word' id='word_1_194' title='bbox 529 3005 566 3052; x_wconf 91' lang='lat' dir='ltr'><strong>eo</strong></span> <span class='ocrx_word' id='word_1_195' title='bbox 590 2992 641 3051; x_wconf 89' lang='grc'><strong>001</strong></span> <span class='ocrx_word' id='word_1_196' title='bbox 665 2992 702 3051; x_wconf 86' lang='lat' dir='ltr'><strong>ut</strong></span> <span class='ocrx_word' id='word_1_197' title='bbox 725 2990 880 3052; x_wconf 86' lang='lat' dir='ltr'><strong>Arcadiae</strong></span> <span class='ocrx_word' id='word_1_198' title='bbox 911 3005 964 3052; x_wconf 87' lang='lat' dir='ltr'><strong>res</strong></span> <span class='ocrx_word' id='word_1_199' title='bbox 988 3004 1087 3064; x_wconf 86' lang='lat' dir='ltr'><strong>quam</strong></span> <span class='ocrx_word' id='word_1_200' title='bbox 1111 2989 1257 3049; x_wconf 85' lang='lat' dir='ltr'><strong>maxime</strong></span> <span class='ocrx_word' id='word_1_201' title='bbox 1281 2988 1343 3049; x_wconf 91' lang='lat' dir='ltr'><strong>sibi</strong></span> <span class='ocrx_word' id='word_1_202' title='bbox 1452 3034 1454 3039; x_wconf 91' lang='lat'><em>.</em></span> 
     </span>
    </p>
   </div>
   <div class='ocr_carea' id='block_1_6' title="bbox 59 3090 1345 4694">
    <p class='ocr_par' dir='ltr' id='par_1_6' title="bbox 59 3090 1345 4694">
     <span class='ocr_line' id='line_1_25' title="bbox 59 3090 1237 3166; baseline -0.003 -12"><span class='ocrx_word' id='word_1_203' title='bbox 59 3095 161 3154; x_wconf 89' lang='lat' dir='ltr'><strong>notas</strong></span> <span class='ocrx_word' id='word_1_204' title='bbox 187 3091 299 3154; x_wconf 88' lang='lat' dir='ltr'><strong>cantet</strong></span> <span class='ocrx_word' id='word_1_205' title='bbox 322 3106 342 3150; x_wconf 91' lang='lat' dir='ltr'><strong>a</strong></span> <span class='ocrx_word' id='word_1_206' title='bbox 364 3090 503 3153; x_wconf 88' lang='lat' dir='ltr'><strong>dictione</strong></span> <span class='ocrx_word' id='word_1_207' title='bbox 526 3106 627 3165; x_wconf 89' lang='lat' dir='ltr'><strong>quam</strong></span> <span class='ocrx_word' id='word_1_208' title='bbox 650 3094 784 3152; x_wconf 89' lang='lat' dir='ltr'><strong>secutus</strong></span> <span class='ocrx_word' id='word_1_209' title='bbox 807 3092 877 3152; x_wconf 91' lang='lat' dir='ltr'><strong>erat</strong></span> <span class='ocrx_word' id='word_1_210' title='bbox 900 3090 1063 3166; x_wconf 89' lang='lat' dir='ltr'><strong>paulisper</strong></span> <span class='ocrx_word' id='word_1_211' title='bbox 1085 3090 1237 3150; x_wconf 85' lang='lat' dir='ltr'><strong>deflectit.</strong></span> 
     </span>
     <span class='ocr_line' id='line_1_26' title="bbox 108 3191 1344 3271; baseline -0.004 -15"><span class='ocrx_word' id='word_1_212' title='bbox 108 3195 276 3271; x_wconf 79' lang='lat' dir='ltr'><strong>Adparent</strong></span> <span class='ocrx_word' id='word_1_213' title='bbox 296 3207 388 3254; x_wconf 88' lang='lat' dir='ltr'><strong>rarae</strong></span> <span class='ocrx_word' id='word_1_214' title='bbox 410 3193 542 3267; x_wconf 85' lang='lat' dir='ltr'><strong>quidem</strong></span> <span class='ocrx_word' id='word_1_215' title='bbox 564 3194 764 3255; x_wconf 87' lang='lat' dir='ltr'><strong>imitationes</strong></span> <span class='ocrx_word' id='word_1_216' title='bbox 787 3193 971 3254; x_wconf 89' lang='lat' dir='ltr'><strong>homericae</strong></span> <span class='ocrx_word' id='word_1_217' title='bbox 994 3194 1032 3252; x_wconf 88' lang='lat' dir='ltr'><strong>ut</strong></span> <span class='ocrx_word' id='word_1_218' title='bbox 1056 3207 1104 3253; x_wconf 91' lang='lat' dir='ltr'><strong>vs.</strong></span> <span class='ocrx_word' id='word_1_219' title='bbox 1127 3193 1169 3252; x_wconf 85' lang='grc'>90</span> <span class='ocrx_word' id='word_1_220' title='bbox 1194 3192 1248 3252; x_wconf 91' lang='lat' dir='ltr'><strong>ubi</strong></span> <span class='ocrx_word' id='word_1_221' title='bbox 1273 3191 1344 3251; x_wconf 88' lang='lat' dir='ltr'><strong>eius</strong></span> 
     </span>
     <span class='ocr_line' id='line_1_27' title="bbox 62 3289 1342 3375; baseline -0.004 -16"><span class='ocrx_word' id='word_1_222' title='bbox 62 3299 244 3359; x_wconf 86' lang='lat' dir='ltr'><strong>memoriae</strong></span> <span class='ocrx_word' id='word_1_223' title='bbox 264 3297 454 3360; x_wconf 88' lang='lat' dir='ltr'><strong>obversatur</strong></span> <span class='ocrx_word' id='word_1_224' title='bbox 476 3317 498 3357; x_wconf 83' lang='grc' dir='ltr'><strong>ι.</strong></span> <span class='ocrx_word' id='word_1_225' title='bbox 519 3297 561 3356; x_wconf 83' lang='grc'><strong>84</strong></span> <span class='ocrx_word' id='word_1_226' title='bbox 588 3296 637 3373; x_wconf 73' lang='grc' dir='ltr'><strong>1,οἳ</strong></span> <span class='ocrx_word' id='word_1_227' title='bbox 659 3291 789 3356; x_wconf 70' lang='grc' dir='ltr'><strong><em>ἄνθινον</em></strong></span> <span class='ocrx_word' id='word_1_228' title='bbox 812 3289 896 3375; x_wconf 77' lang='grc' dir='ltr'><strong><em>εἶδαρ</em></strong></span> <span class='ocrx_word' id='word_1_229' title='bbox 919 3293 1072 3371; x_wconf 77' lang='grc' dir='ltr'>11οοοιν”,</span> <span class='ocrx_word' id='word_1_230' title='bbox 1095 3295 1130 3355; x_wconf 85' lang='grc'><strong>01</strong></span> <span class='ocrx_word' id='word_1_231' title='bbox 1152 3294 1342 3369; x_wconf 90' lang='lat' dir='ltr'><strong>plerumque</strong></span> 
     </span>
     <span class='ocr_line' id='line_1_28' title="bbox 62 3396 1343 3461; baseline -0.003 -1"><span class='ocrx_word' id='word_1_232' title='bbox 62 3401 134 3460; x_wconf 86' lang='lat' dir='ltr'><strong>iam</strong></span> <span class='ocrx_word' id='word_1_233' title='bbox 168 3398 249 3460; x_wconf 88' lang='lat' dir='ltr'><strong>alios</strong></span> <span class='ocrx_word' id='word_1_234' title='bbox 282 3399 389 3461; x_wconf 85' lang='lat' dir='ltr'><strong>fontes</strong></span> <span class='ocrx_word' id='word_1_235' title='bbox 425 3397 501 3458; x_wconf 88' lang='lat' dir='ltr'><strong>adit.</strong></span> <span class='ocrx_word' id='word_1_236' title='bbox 539 3398 646 3458; x_wconf 89' lang='lat' dir='ltr'><strong>Pauca</strong></span> <span class='ocrx_word' id='word_1_237' title='bbox 682 3399 795 3458; x_wconf 87' lang='lat' dir='ltr'><strong>tamen</strong></span> <span class='ocrx_word' id='word_1_238' title='bbox 830 3397 992 3458; x_wconf 88' lang='lat' dir='ltr'><strong>monenda</strong></span> <span class='ocrx_word' id='word_1_239' title='bbox 1028 3397 1106 3456; x_wconf 87' lang='lat' dir='ltr'><strong>sunt</strong></span> <span class='ocrx_word' id='word_1_240' title='bbox 1139 3396 1179 3457; x_wconf 92' lang='lat' dir='ltr'><strong>de</strong></span> <span class='ocrx_word' id='word_1_241' title='bbox 1213 3396 1343 3456; x_wconf 89' lang='lat' dir='ltr'><strong>vocibus</strong></span> 
     </span>
     <span class='ocr_line' id='line_1_29' title="bbox 63 3494 1344 3574; baseline -0.003 -13"><span class='ocrx_word' id='word_1_242' title='bbox 63 3499 229 3572; x_wconf 78' lang='grc' dir='ltr'><strong><em>ἕννεπες</em></strong></span> <span class='ocrx_word' id='word_1_243' title='bbox 252 3501 286 3562; x_wconf 91' lang='grc'><strong>01</strong></span> <span class='ocrx_word' id='word_1_244' title='bbox 309 3496 436 3558; x_wconf 72' lang='grc' dir='ltr'><strong><em>πάλιν.</em></strong></span> <span class='ocrx_word' id='word_1_245' title='bbox 461 3498 640 3560; x_wconf 88' lang='lat' dir='ltr'><strong>Occurrunt</strong></span> <span class='ocrx_word' id='word_1_246' title='bbox 660 3499 693 3560; x_wconf 89' lang='lat' dir='ltr'><strong>iu</strong></span> <span class='ocrx_word' id='word_1_247' title='bbox 714 3499 935 3561; x_wconf 90' lang='lat' dir='ltr'><strong>callimacheis</strong></span> <span class='ocrx_word' id='word_1_248' title='bbox 957 3498 1080 3558; x_wconf 86' lang='lat' dir='ltr'><strong>formae</strong></span> <span class='ocrx_word' id='word_1_249' title='bbox 1092 3494 1221 3574; x_wconf 76' lang='grc' dir='ltr'><strong><em>ἕννεπες,</em></strong></span> <span class='ocrx_word' id='word_1_250' title='bbox 1232 3495 1344 3574; x_wconf 78' lang='grc' dir='ltr'><strong><em>ἔννεπε,</em></strong></span> 
     </span>
     <span class='ocr_line' id='line_1_30' title="bbox 63 3599 1341 3680; baseline -0.004 -16"><span class='ocrx_word' id='word_1_251' title='bbox 63 3602 180 3680; x_wconf 82' lang='grc' dir='ltr'><strong><em>ἔνεπεν,</em></strong></span> <span class='ocrx_word' id='word_1_252' title='bbox 209 3600 334 3680; x_wconf 75' lang='grc' dir='ltr'><strong><em>ἐνίσποι,</em></strong></span> <span class='ocrx_word' id='word_1_253' title='bbox 364 3602 397 3663; x_wconf 92' lang='lat' dir='ltr'><strong>iu</strong></span> <span class='ocrx_word' id='word_1_254' title='bbox 424 3602 538 3662; x_wconf 84' lang='lat' dir='ltr'><strong>formis</strong></span> <span class='ocrx_word' id='word_1_255' title='bbox 562 3601 650 3663; x_wconf 87' lang='lat' dir='ltr'><strong>verbi</strong></span> <span class='ocrx_word' id='word_1_256' title='bbox 676 3602 785 3676; x_wconf 81' lang='lat' dir='ltr'><strong>itaque</strong></span> <span class='ocrx_word' id='word_1_257' title='bbox 812 3617 875 3662; x_wconf 91' lang='lat' dir='ltr'><strong>non</strong></span> <span class='ocrx_word' id='word_1_258' title='bbox 899 3601 1011 3675; x_wconf 87' lang='lat' dir='ltr'><strong>peccat</strong></span> <span class='ocrx_word' id='word_1_259' title='bbox 1034 3601 1147 3659; x_wconf 91' lang='lat' dir='ltr'><strong>contra</strong></span> <span class='ocrx_word' id='word_1_260' title='bbox 1170 3613 1267 3660; x_wconf 93' lang='lat' dir='ltr'><strong>usum</strong></span> <span class='ocrx_word' id='word_1_261' title='bbox 1290 3599 1341 3659; x_wconf 94' lang='lat' dir='ltr'><strong>ho·</strong></span> 
     </span>
     <span class='ocr_line' id='line_1_31' title="bbox 64 3700 1343 3781; baseline -0.005 -15"><span class='ocrx_word' id='word_1_262' title='bbox 64 3706 237 3767; x_wconf 84' lang='lat' dir='ltr'><strong>moricum.</strong></span> <span class='ocrx_word' id='word_1_263' title='bbox 272 3704 407 3766; x_wconf 85' lang='lat' dir='ltr'><strong>Videtur</strong></span> <span class='ocrx_word' id='word_1_264' title='bbox 440 3706 552 3763; x_wconf 89' lang='lat' dir='ltr'><strong>autem</strong></span> <span class='ocrx_word' id='word_1_265' title='bbox 591 3704 711 3781; x_wconf 84' lang='lat' dir='ltr'><strong>noster,</strong></span> <span class='ocrx_word' id='word_1_266' title='bbox 747 3718 851 3777; x_wconf 87' lang='lat' dir='ltr'><strong>neque</strong></span> <span class='ocrx_word' id='word_1_267' title='bbox 887 3702 919 3763; x_wconf 90' lang='lat' dir='ltr'><strong>id</strong></span> <span class='ocrx_word' id='word_1_268' title='bbox 954 3701 1075 3762; x_wconf 89' lang='lat' dir='ltr'><strong>mirum</strong></span> <span class='ocrx_word' id='word_1_269' title='bbox 1109 3702 1170 3777; x_wconf 85' lang='lat' dir='ltr'><strong>est,</strong></span> <span class='ocrx_word' id='word_1_270' title='bbox 1206 3700 1343 3761; x_wconf 90' lang='lat' dir='ltr'><strong>eandem</strong></span> 
     </span>
     <span class='ocr_line' id='line_1_32' title="bbox 64 3801 1341 3879; baseline -0.005 -11"><span class='ocrx_word' id='word_1_271' title='bbox 64 3809 105 3869; x_wconf 92' lang='lat' dir='ltr'><strong>de</strong></span> <span class='ocrx_word' id='word_1_272' title='bbox 129 3808 190 3868; x_wconf 92' lang='lat' dir='ltr'><strong>hoc</strong></span> <span class='ocrx_word' id='word_1_273' title='bbox 221 3806 318 3869; x_wconf 87' lang='lat' dir='ltr'><strong>verbo</strong></span> <span class='ocrx_word' id='word_1_274' title='bbox 348 3805 464 3866; x_wconf 86' lang='lat' dir='ltr'><strong>tulisse</strong></span> <span class='ocrx_word' id='word_1_275' title='bbox 495 3805 694 3866; x_wconf 90' lang='lat' dir='ltr'><strong>seutentiam</strong></span> <span class='ocrx_word' id='word_1_276' title='bbox 725 3819 824 3879; x_wconf 90' lang='lat' dir='ltr'><strong>quam</strong></span> <span class='ocrx_word' id='word_1_277' title='bbox 852 3805 965 3879; x_wconf 87' lang='lat' dir='ltr'><strong>postea</strong></span> <span class='ocrx_word' id='word_1_278' title='bbox 988 3802 1152 3877; x_wconf 83' lang='lat' dir='ltr'><strong>professus</strong></span> <span class='ocrx_word' id='word_1_279' title='bbox 1176 3803 1227 3862; x_wconf 88' lang='lat' dir='ltr'><strong>est</strong></span> <span class='ocrx_word' id='word_1_280' title='bbox 1250 3801 1341 3876; x_wconf 79' lang='lat' dir='ltr'><strong>Apol·</strong></span> 
     </span>
     <span class='ocr_line' id='line_1_33' title="bbox 64 3902 1344 3984; baseline -0.005 -13"><span class='ocrx_word' id='word_1_281' title='bbox 64 3910 174 3972; x_wconf 84' lang='lat' dir='ltr'><strong>lunius</strong></span> <span class='ocrx_word' id='word_1_282' title='bbox 210 3909 313 3984; x_wconf 80' lang='lat' dir='ltr'><strong>(Synt.</strong></span> <span class='ocrx_word' id='word_1_283' title='bbox 347 3907 401 3968; x_wconf 91' lang='lat' dir='ltr'><strong>IV.</strong></span> <span class='ocrx_word' id='word_1_284' title='bbox 440 3909 469 3968; x_wconf 82' lang='lat'><strong>7.</strong></span> <span class='ocrx_word' id='word_1_285' title='bbox 506 3908 580 3978; x_wconf 82' lang='lat'><strong>327)</strong></span> <span class='ocrx_word' id='word_1_286' title='bbox 621 3904 700 3983; x_wconf 63' lang='lat' dir='ltr'><strong>„fruor</strong></span> <span class='ocrx_word' id='word_1_287' title='bbox 735 3903 785 3966; x_wconf 78' lang='lat' dir='ltr'><strong>nul</strong></span> <span class='ocrx_word' id='word_1_288' title='bbox 820 3902 914 3967; x_wconf 73' lang='grc' dir='ltr'><strong><em>ἐνέπω</em></strong></span> <span class='ocrx_word' id='word_1_289' title='bbox 949 3902 985 3965; x_wconf 86' lang='grc' dir='ltr'><strong>οὐ</strong></span> <span class='ocrx_word' id='word_1_290' title='bbox 1022 3902 1184 3982; x_wconf 85' lang='grc' dir='ltr'><strong><em>διαφορά”.</em></strong></span> <span class='ocrx_word' id='word_1_291' title='bbox 1216 3904 1344 3978; x_wconf 85' lang='lat' dir='ltr'><strong>Fragm.</strong></span> 
     </span>
     <span class='ocr_line' id='line_1_34' title="bbox 65 4011 246 4074; baseline -0.022 0"><span class='ocrx_word' id='word_1_292' title='bbox 65 4013 156 4074; x_wconf 91' lang='lat' dir='ltr'><strong>enim</strong></span> <span class='ocrx_word' id='word_1_293' title='bbox 184 4011 246 4071; x_wconf 84' lang='lat'><strong>104</strong></span> 
     </span>
     <span class='ocr_line' id='line_1_35' title="bbox 582 4104 1079 4190; baseline -0.006 -22"><span class='ocrx_word' id='word_1_294' title='bbox 582 4107 615 4169; x_wconf 77' lang='grc' dir='ltr'><strong>κδ</strong></span> <span class='ocrx_word' id='word_1_295' title='bbox 640 4105 694 4187; x_wconf 71' lang='grc' dir='ltr'><strong><em>μὲν</em></strong></span> <span class='ocrx_word' id='word_1_296' title='bbox 720 4108 870 4190; x_wconf 79' lang='grc' dir='ltr'><strong><em>Φυγάδοιν</em></strong></span> <span class='ocrx_word' id='word_1_297' title='bbox 898 4130 941 4179; x_wconf 86' lang='grc' dir='ltr'><strong>τις</strong></span> <span class='ocrx_word' id='word_1_298' title='bbox 964 4104 1079 4167; x_wconf 72' lang='grc' dir='ltr'><strong><em>ἐνίσποι</em></strong></span> 
     </span>
     <span class='ocr_line' id='line_1_36' title="bbox 292 4205 1075 4292; baseline -0.005 -21"><span class='ocrx_word' id='word_1_299' title='bbox 292 4214 429 4292; x_wconf 82' lang='grc' dir='ltr'><strong><em>Γραῐκος,</em></strong></span> <span class='ocrx_word' id='word_1_300' title='bbox 451 4207 524 4290; x_wconf 76' lang='grc' dir='ltr'><strong><em>ἀτὰρ</em></strong></span> <span class='ocrx_word' id='word_1_301' title='bbox 549 4209 656 4270; x_wconf 85' lang='grc' dir='ltr'><strong><em>κείνων</em></strong></span> <span class='ocrx_word' id='word_1_302' title='bbox 679 4205 782 4292; x_wconf 73' lang='grc' dir='ltr'><strong><em>γλῶσδ</em></strong></span> <span class='ocrx_word' id='word_1_303' title='bbox 810 4206 939 4288; x_wconf 80' lang='grc' dir='ltr'><strong><em>ὀνόμηνε</em></strong></span> <span class='ocrx_word' id='word_1_304' title='bbox 963 4206 1075 4285; x_wconf 74' lang='grc' dir='ltr'><strong><em>Πόλας,</em></strong></span> 
     </span>
     <span class='ocr_line' id='line_1_37' title="bbox 66 4309 1345 4385; baseline -0.005 -7"><span class='ocrx_word' id='word_1_305' title='bbox 66 4317 181 4379; x_wconf 91' lang='lat' dir='ltr'><strong>eodem</strong></span> <span class='ocrx_word' id='word_1_306' title='bbox 213 4315 296 4377; x_wconf 86' lang='lat' dir='ltr'><strong>redit</strong></span> <span class='ocrx_word' id='word_1_307' title='bbox 327 4309 442 4373; x_wconf 74' lang='grc' dir='ltr'><strong><em>ἐνίσποι</em></strong></span> <span class='ocrx_word' id='word_1_308' title='bbox 473 4327 511 4372; x_wconf 90' lang='lat' dir='ltr'><strong>ac</strong></span> <span class='ocrx_word' id='word_1_309' title='bbox 544 4313 573 4373; x_wconf 89' lang='lat' dir='ltr'><strong>si</strong></span> <span class='ocrx_word' id='word_1_310' title='bbox 604 4311 682 4374; x_wconf 79' lang='grc' dir='ltr'><strong><em>εἴποι</em></strong></span> <span class='ocrx_word' id='word_1_311' title='bbox 716 4314 863 4375; x_wconf 87' lang='lat' dir='ltr'><strong>dixisset.</strong></span> <span class='ocrx_word' id='word_1_312' title='bbox 888 4312 1123 4373; x_wconf 85' lang='lat' dir='ltr'><strong>Verumtamen</strong></span> <span class='ocrx_word' id='word_1_313' title='bbox 1146 4325 1345 4385; x_wconf 89' lang='lat' dir='ltr'><strong>quamquam</strong></span> 
     </span>
     <span class='ocr_line' id='line_1_38' title="bbox 66 4409 1345 4491; baseline -0.005 -11"><span class='ocrx_word' id='word_1_314' title='bbox 66 4419 107 4480; x_wconf 86' lang='lat' dir='ltr'><strong>ab</strong></span> <span class='ocrx_word' id='word_1_315' title='bbox 142 4417 259 4478; x_wconf 89' lang='lat' dir='ltr'><strong>eadem</strong></span> <span class='ocrx_word' id='word_1_316' title='bbox 294 4415 394 4491; x_wconf 88' lang='lat' dir='ltr'><strong>stirpe</strong></span> <span class='ocrx_word' id='word_1_317' title='bbox 429 4413 566 4475; x_wconf 89' lang='lat' dir='ltr'><strong>ducebat</strong></span> <span class='ocrx_word' id='word_1_318' title='bbox 596 4412 628 4474; x_wconf 80' lang='lat' dir='ltr'><strong>rb</strong></span> <span class='ocrx_word' id='word_1_319' title='bbox 652 4413 744 4475; x_wconf 81' lang='grc' dir='ltr'><strong><em>εἰπεῖν</em></strong></span> <span class='ocrx_word' id='word_1_320' title='bbox 772 4417 806 4476; x_wconf 90' lang='grc'><strong>01</strong></span> <span class='ocrx_word' id='word_1_321' title='bbox 828 4412 861 4474; x_wconf 76' lang='grc' dir='ltr'><strong>τὸ</strong></span> <span class='ocrx_word' id='word_1_322' title='bbox 885 4409 1029 4489; x_wconf 76' lang='grc' dir='ltr'><strong><em>ἐννέπειν,</em></strong></span> <span class='ocrx_word' id='word_1_323' title='bbox 1052 4412 1210 4474; x_wconf 91' lang='lat' dir='ltr'><strong>maiorem</strong></span> <span class='ocrx_word' id='word_1_324' title='bbox 1234 4415 1345 4474; x_wconf 87' lang='lat' dir='ltr'><strong>tamen</strong></span> 
     </span>
     <span class='ocr_line' id='line_1_39' title="bbox 68 4513 1345 4592; baseline -0.005 -12"><span class='ocrx_word' id='word_1_325' title='bbox 68 4519 138 4580; x_wconf 85' lang='lat' dir='ltr'><strong>vim</strong></span> <span class='ocrx_word' id='word_1_326' title='bbox 160 4518 238 4580; x_wconf 90' lang='lat' dir='ltr'><strong>huic</strong></span> <span class='ocrx_word' id='word_1_327' title='bbox 262 4517 360 4579; x_wconf 88' lang='lat' dir='ltr'><strong>verbo</strong></span> <span class='ocrx_word' id='word_1_328' title='bbox 385 4531 484 4591; x_wconf 88' lang='lat' dir='ltr'><strong>quam</strong></span> <span class='ocrx_word' id='word_1_329' title='bbox 503 4515 551 4576; x_wconf 91' lang='lat' dir='ltr'><strong>illi</strong></span> <span class='ocrx_word' id='word_1_330' title='bbox 570 4516 678 4579; x_wconf 89' lang='lat' dir='ltr'><strong>inesse</strong></span> <span class='ocrx_word' id='word_1_331' title='bbox 698 4517 853 4592; x_wconf 87' lang='lat' dir='ltr'><strong>ducebet;</strong></span> <span class='ocrx_word' id='word_1_332' title='bbox 874 4515 987 4577; x_wconf 88' lang='lat' dir='ltr'><strong>duobis</strong></span> <span class='ocrx_word' id='word_1_333' title='bbox 1007 4514 1095 4576; x_wconf 92' lang='lat' dir='ltr'><strong>enim</strong></span> <span class='ocrx_word' id='word_1_334' title='bbox 1114 4513 1247 4588; x_wconf 87' lang='lat' dir='ltr'><strong>reliquis</strong></span> <span class='ocrx_word' id='word_1_335' title='bbox 1267 4515 1345 4576; x_wconf 91' lang='lat' dir='ltr'><strong>locis</strong></span> 
     </span>
     <span class='ocr_line' id='line_1_40' title="bbox 68 4615 1344 4694; baseline -0.005 -13"><span class='ocrx_word' id='word_1_336' title='bbox 68 4620 187 4694; x_wconf 89' lang='lat' dir='ltr'><strong>quibus</strong></span> <span class='ocrx_word' id='word_1_337' title='bbox 208 4618 355 4680; x_wconf 88' lang='lat' dir='ltr'><strong>adhibuit</strong></span> <span class='ocrx_word' id='word_1_338' title='bbox 376 4622 465 4689; x_wconf 85' lang='lat' dir='ltr'><strong>(nam</strong></span> <span class='ocrx_word' id='word_1_339' title='bbox 481 4615 1344 4687; x_wconf 74' lang='grc'>(10110000.5501111100101011101011111010001001]</span> 
     </span>
    </p>
   </div>
   <div class='ocr_carea' id='block_1_7' title="bbox 0 0 1557 5294">
    <p class='ocr_par' dir='ltr' id='par_1_7' title="bbox 0 0 1557 5294">
     <span class='ocr_line' id='line_1_41' title="bbox 0 0 1557 5294; baseline 0 0"><span class='ocrx_word' id='word_1_340' title='bbox 0 0 1557 5294; x_wconf 95' lang='lat' dir='ltr'><strong> </strong></span> 
     </span>
    </p>
   </div>
  </div>
 </body>
</html>
