3104 5296
273 678 317 739 De
348 677 494 740 vocabuli
518 672 645 753 μέσφα
669 692 730 736 usu
753 676 962 737 callimacheo
986 677 1033 737 ita
1055 676 1095 737 ad
1117 676 1170 736 IV.
1194 677 1235 736 47
1257 679 1290 736 et
1312 677 1349 737 V.
1373 679 1413 737 ὄσ
1433 677 1484 737 dis·

228 782 330 840 seruit
349 780 522 841 Schneider
542 780 578 838 ut
589 778 668 837 nihil
682 777 831 851 equidem
844 778 1031 839 addiderim.
1045 778 1138 838 Hanc
1149 779 1279 838 tantum
1292 779 1333 839 ad
1349 780 1487 839 nostrum

229 897 360 943 versum
383 882 600 956 suspicionem
621 880 748 955 notabo,
770 873 854 955 μέσφ’
878 877 924 939 ὅτε
943 895 1019 940 cum
1038 880 1168 955 diceret,
1190 878 1487 941 callimachumlor·

226 985 316 1044 tasse
339 984 473 1043 Homeri
497 981 646 1057 exemplo
670 983 729 1042 niti
752 982 814 1042 sibi
837 983 947 1043 visum
971 997 1043 1043 esse
1075 996 1153 1042 nam
1176 1004 1201 1043 ι.
1220 983 1283 1042 223
1308 987 1352 1053 (=
1365 1005 1398 1043 α.
1422 982 1488 1051 310)

227 1086 259 1145 in
291 1088 381 1160 parte
404 1086 550 1146 codicum
575 1086 626 1145 est
645 1077 729 1160 μέσφ’
753 1081 798 1142 ὅτε
821 1084 905 1157 quod
928 1083 972 1144 ibi
993 1084 1093 1144 etiam
1119 1082 1339 1144 Callimachus
1363 1084 1488 1144 forsitan

226 1187 341 1260 legerit
373 1187 424 1259 (cf.
458 1186 498 1247 de
531 1201 610 1246 voce
644 1181 743 1261 μέσφα
775 1200 804 1245 v.
831 1184 989 1245 Leeuvven
1019 1184 1181 1246 'Eocbirr'd
1210 1202 1240 1260 p.
1268 1187 1354 1255 543).
1382 1184 1488 1245 (lontra

227 1289 362 1350 Homeri
383 1290 494 1349 autem
518 1302 616 1348 usum
639 1286 795 1362 peccavit,
819 1302 894 1346 cum
918 1284 1060 1363 σχεδὸν
1084 1288 1197 1348 eodem
1222 1303 1318 1348 versu
1343 1288 1436 1362 dixit,
1458 1288 1489 1346 ut

227 1391 383 1452 indicaret
427 1392 578 1464 ,paene''.
615 1389 729 1448 uellus
767 1389 967 1449 homericum
1003 1403 1128 1448 morem
1163 1388 1351 1448 observavit
1385 1391 1488 1462 postea

228 1492 446 1565 Aristarchus,
478 1491 533 1564 qui
558 1490 684 1550 monuit
706 1505 885 1563 numquam
909 1487 1019 1569 σχεδὸν,
1037 1489 1123 1550 aliud
1154 1490 1217 1550 nisi
1240 1487 1327 1570 ἐγγὺς
1358 1491 1489 1551 indicare

228 1596 311 1668 apud
337 1594 515 1653 Homerum
539 1592 589 1661 (cf.
614 1592 715 1652 Lehrs
739 1592 834 1652 Arist.
860 1607 889 1666 p.
914 1595 977 1663 91).

273 1696 361 1772 Quod
391 1694 509 1770 ἥλατο
544 1692 692 1752 πόντον
724 1694 815 1767 dixit,
840 1695 986 1768 neglecto
1014 1693 1132 1755 suffixo
1156 1694 1198 1770 de,
1222 1693 1254 1753 id
1279 1709 1343 1754 non
1367 1707 1489 1768 prorsus

227 1797 472 1871 neglegendum,
504 1795 579 1868 quia
612 1795 848 1868 quodammodo
883 1796 1006 1855 imitari
1040 1796 1168 1857 videtur
1199 1796 1310 1856 noster
1341 1797 1387 1853 M.
1415 1793 1489 1854 438:

227 1896 349 1975 ἐσήλατο
383 1902 480 1975 τεῖχος
510 1900 630 1974 Ἀχαιῶν
661 1897 711 1967 (ci.
737 1899 775 1954 ll.
805 1899 889 1967 558).
921 1898 1061 1974 Quodsi
1087 1913 1201 1958 verum
1225 1899 1276 1958 est
1301 1902 1417 1970 (neque
1439 1896 1490 1956 im-

227 2001 399 2076 probabile,
435 2015 511 2059 nam
543 1999 766 2059 conclamatus
798 2003 868 2059 erat
890 1999 991 2071 locus)
1018 2001 1150 2075 apparet
1173 1998 1412 2059 Callimachum
1433 2010 1491 2057 non

227 2104 359 2163 stetisse
393 2102 433 2162 ab
466 2117 576 2162 eorum
612 2101 758 2175 partibus
792 2101 848 2174 qui
879 2098 1015 2178 ε’-σήλανο
1046 2100 1089 2161 ibi
1120 2100 1291 2175 legendum
1317 2101 1491 2160 censerent.

228 2204 389 2274 (Ceterum
424 2203 463 2263 de
486 2203 546 2263 hoc
569 2202 748 2262 accusativi
773 2202 897 2263 nauci.
922 2218 951 2277 p.
978 2205 1041 2274 53).

270 2307 307 2365 In
341 2305 458 2365 ceteris
494 2303 640 2364 versibus
675 2317 777 2376 usque
809 2303 849 2364 ad
886 2319 933 2364 vs.
963 2305 1025 2364 201
1059 2305 1163 2364 multo
1196 2304 1305 2364 minus
1329 2303 1496 2377 diligenter

229 2408 337 2483 epicae
359 2406 509 2466 dictionis
531 2420 627 2464 usum
653 2406 773 2465 servat.
802 2404 872 2464 Non
895 2405 1002 2466 solum
1026 2406 1113 2466 enim
1138 2422 1186 2466 vs.
1214 2406 1275 2466 197
1301 2404 1498 2480 pronominis

228 2509 333 2569 forma
356 2525 412 2583 σφε
435 2508 550 2568 tertiae
571 2521 727 2581 personae
746 2508 971 2568 accusativum
991 2507 1190 2581 singularem
1208 2507 1340 2581 indicat,
1360 2507 1498 2580 tragicos

228 2614 371 2685 secutae,
402 2609 515 2670 sedin
547 2608 757 2682 sequentibus
780 2622 916 2684 quoque,
946 2610 1243 2683 quotiescunquea
1275 2609 1408 2683 vulgato
1438 2624 1497 2669 ser·

228 2728 323 2774 mone
353 2712 504 2786 deflectit,
543 2712 741 2784 tragicorum
775 2711 932 2771 vocabula
967 2711 1065 2786 epicis
1100 2711 1276 2787 anteponit,
1311 2725 1391 2770 nam
1427 2725 1498 2771 cum

228 2814 361 2887 tragicis
383 2814 460 2874 dicit
484 2810 590 2889 στέφος
613 2828 668 2888 pro
695 2809 805 2888 στέμμα
836 2817 869 2873 et
896 2812 1013 2872 ultima
1031 2828 1161 2887 quoque
1189 2812 1330 2889 ,edoceto
1354 2807 1389 2871 δὲ
1411 2816 1500 2890 χεῖρες

226 2912 366 2974 durato?
387 2914 587 2987 tragoediam
606 2916 732 2975 sonant.
758 2914 884 2974 Mittam
910 2914 1046 2990 minora,
1066 2914 1168 2975 veluti
1188 2913 1355 2974 insolitam
1377 2913 1501 2974 dicendi

227 3017 386 3077 rationem
414 3011 500 3092 ,ὄζος
523 3012 652 3094 ἐνέσχετο
675 3011 862 3074 uictorem&

272 3218 402 3293 Raptim
426 3218 457 3277 in
481 3219 691 3291 sequentibus
722 3224 780 3289 (vs.
807 3219 993 3289 204-224)
1027 3218 1175 3278 heroinas
1206 3219 1274 3277 tres
1304 3219 1501 3290 quattuorve

226 3321 476 3380 enumeraturus
499 3333 581 3391 quae
605 3319 690 3379 inter
712 3319 833 3379 Dianae
857 3320 963 3380 socias
983 3319 1148 3379 amicasve
1167 3317 1346 3393 principem
1366 3320 1503 3380 teneant

225 3423 344 3496 locum,
375 3422 421 3479 ita
455 3435 524 3480 rem
561 3421 628 3494 agit
662 3423 700 3481 ut
731 3423 856 3482 ceteras
886 3422 998 3496 paucis
1029 3421 1187 3496 absolvat,
1202 3422 1248 3490 ⁴at
1270 3420 1303 3480 in
1328 3421 1505 3482 Atalantes

226 3523 375 3584 laudibus
405 3523 442 3582 ut
472 3523 505 3582 in
537 3523 693 3583 Arcadiae
725 3523 839 3583 decore
869 3523 991 3583 diutius
1024 3525 1213 3583 remoretur.
1237 3521 1360 3582 Versus
1385 3524 1507 3596 quibus

226 3628 352 3686 ceteras
383 3627 546 3683 memorat
578 3625 709 3684 vocibus
741 3627 868 3699 propter
891 3624 1065 3684 dictionem
1089 3624 1261 3685 observatu
1286 3625 1393 3698 dignis
1418 3626 1507 3687 haud

229 3727 410 3800 abundant;
435 3725 501 3785 iam
526 3728 724 3798 sequuntur:

256 3828 311 3888 Vs.
337 3828 411 3886 204.
471 3816 551 3885 Οὖνσι
574 3821 675 3884 ύνασσ’
701 3824 804 3902 addat,
827 3825 989 3905 φαεσφόρε,
1012 3824 1062 3886 καὶ
1085 3824 1118 3886 δέ
1140 3844 1171 3886 σε
1193 3827 1293 3904 κείνης

474 3923 621 4006 Κρηταίες
643 3923 800 3987 καλέουσιν
823 3924 996 4006 ἐπωνυμίην
1019 3925 1078 3988 ἀπὸ
1101 3927 1232 4005 νύμφης.

471 4026 523 4088 καί
545 4026 605 4106 μὴν
627 4028 774 4107 Κυρήνην
798 4026 963 4107 ίταρίσσαο,
984 4038 1020 4113 τῇ
1043 4024 1105 4089 ποτ’
1132 4027 1245 4101 ἔδωκας

472 4128 547 4207 αὐτη
570 4135 722 4209 θηρητῆρα
746 4129 808 4190 δύω
832 4130 914 4208 κύνε,
936 4135 995 4203 τοῖς
1019 4128 1063 4190 ἔνι
1087 4131 1181 4209 κούρη

467 4226 573 4310 Ἥφηίς
596 4230 677 4310 παρὰ
700 4232 813 4311 τύμβον
831 4226 963 4292 Ἰώλκιον
986 4225 1084 4311 ίμμορ
1111 4229 1232 4293 ἀέθλου.

473 4331 524 4393 καί
547 4333 689 4410 Κεφάλου
713 4331 832 4410 ξανθὴν
855 4330 962 4412 ύίοχον
986 4333 1162 4412 Δηιονίὸαο,

472 4434 589 4513 πότνια,
611 4433 667 4512 σὴν
690 4431 846 4514 ὁμόθηρον
868 4433 990 4513 ἔθηκαν·
1015 4433 1065 4495 καί
1088 4432 1120 4495 δέ
1143 4451 1175 4494 σε
1198 4432 1272 4510 φασὶ

473 4535 567 4615 καλὴν
590 4536 765 4597 Ἀντίκλειαν
787 4537 854 4596 ίσον
877 4533 999 4613 φαέεσσι
1022 4540 1153 4614 φιλῆσαι.

474 4640 506 4698 αἳ
528 4646 640 4718 πρῶται
663 4636 725 4698 θοὰ
747 4638 817 4712 τύξα
841 4635 891 4697 καὶ
913 4633 985 4715 ἀμφ’
1012 4638 1117 4715 ὤμοισι
1141 4633 1288 4715 φαρέτρας

846 485 888 547 96
1240 487 1297 549 III.
1324 489 1484 550 iao-204
1543 413 1546 549 ί
