3104 5286
826 1576 884 1658 [Χ

753 1858 945 1868 ———-

258 2072 415 2147 Orphicae
437 2073 602 2147 religionis
629 2088 747 2134 arcana
768 2088 966 2148 quamquam
990 2088 1111 2148 magna
1134 2074 1166 2133 vi
1187 2074 1364 2135 trahebant
1388 2075 1426 2135 ad
1448 2089 1479 2134 se

215 2174 394 2236 multorum
417 2175 559 2250 animos,
588 2189 652 2235 uon
675 2167 848 2235 tamense
872 2175 979 2235 aetate
1005 2174 1110 2250 poetis
1134 2190 1175 2235 ex
1198 2175 1323 2251 Museo,
1349 2175 1479 2236 homini-

215 2277 275 2336 bus
294 2276 441 2336 doctrina
460 2275 564 2337 multo
583 2277 691 2352 magis
708 2275 843 2336 imbutis
862 2291 960 2350 quam
977 2274 1039 2337 flde
1055 2276 1109 2352 pia
1120 2278 1217 2350 atque
1230 2278 1379 2354 antiqua,
1393 2277 1481 2337 valde

215 2378 376 2453 placuisse
398 2377 558 2447 videntur.
583 2377 681 2438 Plura
700 2378 811 2437 autem
831 2376 925 2437 valde
943 2378 1103 2453 placitura
1120 2378 1198 2438 viris
1218 2377 1356 2438 eruditis
1376 2379 1479 2439 offere·

215 2480 271 2540 bat
289 2481 425 2555 physica
443 2495 552 2541 rerum
575 2480 758 2541 divinarum
787 2479 1019 2555 interpretatio.
1043 2480 1084 2540 Et
1102 2480 1178 2540 huic
1195 2479 1368 2558 scientiae,
1388 2496 1481 2556 quam

215 2582 248 2641 in
272 2582 435 2656 primariis
454 2583 643 2644 numinibus
666 2581 864 2655 antiquiores
887 2582 954 2642 iam
974 2584 1088 2656 poetae
1107 2582 1211 2643 secuti
1231 2585 1334 2658 erant,
1356 2598 1482 2643 summo

214 2684 321 2744 studio
334 2683 485 2757 aequales
498 2682 688 2744 Callimachi
700 2682 854 2758 permulti
866 2683 987 2743 dabant
998 2698 1131 2758 operam
1143 2685 1213 2744 sive
1226 2699 1302 2744 cum
1314 2685 1482 2746 Timotheo

215 2800 334 2845 nomen
364 2785 542 2845 Artemidis
572 2786 758 2845 derivantes
788 2781 848 2843 ἀπὸ
875 2791 928 2844 τοῦ
963 2783 1015 2844 τὸν
1046 2782 1118 2864 ἀέρα
1148 2782 1277 2864 τέμνειν,
1308 2787 1382 2848 sive
1413 2802 1481 2849 curn

215 2887 370 2948 Cleanthe
392 2887 527 2962 Dionysi
550 2903 670 2948 nomen
693 2883 752 2946 ἀπὸ
776 2893 829 2946 τοῦ
853 2885 993 2946 διανύσαι
1019 2887 1114 2963 „quic
1137 2888 1289 2949 cotidiano
1309 2890 1429 2966 impetu
1447 2889 1482 2950 ab

212 2991 324 3049 orieme
346 2990 389 3049 od
411 3005 554 3050 occucum
577 2990 659 3050 diem
682 2992 858 3062 noctemque
876 2990 1019 3065 faciendo
1043 2990 1118 3050 coeli
1140 2991 1256 3067 conticit
1280 3007 1423 3053 curcum.
1441 2987 1460 3062 ¹)

258 3090 354 3150 Nulla
384 3090 490 3165 magis
521 3092 603 3151 ratio
635 3090 757 3166 placuit
787 3091 974 3152 homiuibus
998 3092 1239 3169 eruditioribus
1264 3093 1358 3154 nulla
1381 3094 1482 3169 magis

213 3193 254 3253 ad
296 3192 460 3268 religionis
495 3193 692 3268 deorumque
727 3193 936 3267 antiquorum
979 3209 1127 3255 amorem
1168 3195 1331 3269 quendam
1375 3211 1482 3257 eorum

215 3297 343 3354 menies
369 3294 542 3355 revocabat
565 3311 645 3368 quos
675 3296 819 3356 severior
847 3296 1000 3370 cogitatio
1024 3295 1118 3371 plane
1142 3297 1181 3357 ab
1205 3297 1270 3357 illis
1294 3298 1345 3358 dis
1369 3299 1481 3359 aliena·

216 3400 316 3457 verat.
337 3397 461 3456 Tamen
486 3395 719 3473 Callimachus,
744 3399 899 3458 constans
921 3397 976 3457 hic
995 3412 1133 3472 quoque,
1155 3398 1298 3473 priscam
1317 3400 1481 3460 traditam-

215 3514 276 3573 que
307 3498 495 3573 religionem
527 3498 620 3558 unice
648 3499 772 3575 laudat,
805 3499 975 3574 physicam
1008 3498 1099 3559 illam
1129 3500 1366 3575 interpretandi
1393 3503 1482 3562 ratio·

215 3616 291 3660 nem
314 3600 451 3675 spernit,
477 3615 513 3659 ac
541 3602 612 3660 tum
637 3616 762 3675 quoque
786 3616 861 3660 cum
883 3600 970 3660 ultro
989 3615 1025 3660 se
1046 3600 1154 3676 offert,
1176 3603 1307 3662 tantum
1324 3618 1482 3664 nousem·

213 3717 270 3777 per
302 3702 403 3762 reicit.
439 3701 549 3775 Neque
583 3702 671 3762 enim
694 3718 750 3778 per
780 3717 816 3762 se
839 3703 1011 3777 physicam
1035 3702 1196 3763 rationem
1221 3703 1358 3778 probare
1381 3706 1483 3781 potuit

214 3805 310 3879 poeta
343 3805 494 3877 autiquae
518 3803 683 3878 religionis
716 3804 897 3881 studiosus,
931 3818 991 3864 nec
1020 3803 1049 3863 si
1080 3804 1250 3880 probasset
1284 3806 1484 3867 adhibuisset

214 3905 407 3981 praesertim
429 3906 463 3965 in
483 3907 616 3980 hymnis
636 3920 728 3966 sacro
749 3905 850 3966 cultui
874 3905 1056 3965 destinatis.
1076 3906 1194 3981 Magna
1213 3907 1305 3982 copia
1324 3908 1482 3983 exemplo·

214 4023 288 4067 rum
308 4007 515 4082 comprobare
535 4023 617 4081 quae
637 4007 704 4067 dixi
728 4007 870 4067 otiosum
894 4009 954 4068 est.
980 4007 1067 4067 Satis
1087 4009 1150 4068 erit
1173 4024 1248 4069 cum
1273 4009 1483 4085 Orphicorum

215 4110 487 4184 physicorumque
518 4109 604 4171 Pane
636 4108 780 4170 conferre
813 4107 1082 4169 Callimacheum:
1119 4111 1263 4184 primum
1301 4114 1483 4186 spectemus

249 4388 269 4452 ¹)
288 4392 400 4440 hiucrob.
416 4393 436 4439 I.
456 4394 537 4440 18.14
554 4392 601 4440 Ilei
618 4392 686 4440 enim
704 4392 748 4438 ille
762 4392 991 4451 Dionysos-”imos
1007 4405 1083 4451 quem
1093 4404 1152 4439 mox
1165 4393 1384 4452 Aegyptiacontes
1394 4395 1480 4442 Ἥλιον·

215 4470 322 4530 Sarapin
348 4471 507 4533 salutabunt,
533 4472 607 4519 cuius
632 4470 768 4531 potestatis
794 4483 893 4518 memor
918 4472 968 4518 fnit
993 4470 1122 4530 Vergilius
1147 4483 1206 4518 oum
1231 4470 1316 4535 Georp.
1342 4473 1363 4520 1.
1388 4476 1402 4520 b
1425 4474 1480 4521 meo

215 4549 322 4597 diceret:
356 4549 401 4597 Vos
426 4566 439 4596 o
464 4550 598 4598 clarissima
625 4549 707 4597 mundi
729 4548 820 4597 lumina
844 4548 959 4598 lahem
981 4550 1047 4597 caelo
1069 4549 1111 4613 qui
1131 4548 1222 4597 ducitis
1244 4566 1346 4608 annum,
1371 4551 1441 4600 biber
1461 4550 1481 4597 el

216 4627 280 4675 alma
299 4626 373 4676 Cerea.
