3068 5288
705 464 743 522 15

122 650 195 709 Iam
212 651 308 711 docet
324 652 385 711 hoc
401 666 503 710 unum
521 652 723 724 exemplum,
746 652 796 710 cui
808 650 903 725 plura
915 651 1000 711 iufra
1012 652 1180 728 addentur,
1195 671 1356 729 quaenam

74 752 161 811 ratio
182 751 363 825 plurimum
384 752 416 810 in
436 752 486 811 dis
502 751 685 824 fabulisque
697 751 877 810 tractandis
889 752 998 811 valeat
1010 753 1094 828 apud
1107 754 1354 816 Callimachum.

74 853 148 912 Non
168 855 341 927 poetarum
362 853 564 926 testimonia,
586 867 651 911 non
670 852 740 925 ipsa
760 867 779 910 3
798 851 944 926 patribus
962 855 1083 915 tradita
1102 871 1196 916 sacra
1211 873 1356 931 unquam

75 957 208 1014 tantam
229 955 258 1013 ei
279 954 399 1014 habent
418 955 647 1014 auctoritatem
667 969 766 1028 quam
786 957 901 1014 sancta
919 956 953 1014 31
969 956 1198 1030 antiquissima
1210 958 1355 1019 locorum

76 1056 227 1131 uomina,
252 1059 383 1131 propter
404 1056 550 1116 occultas
573 1070 670 1130 saepe
694 1070 811 1115 333333
834 1059 972 1116 mutata.

124 1157 291 1233 Perpauea
321 1161 398 1217 sunt
429 1172 512 1231 quae
543 1158 581 1217 de
609 1157 727 1217 ceteris
751 1157 800 1216 dis
824 1156 986 1218 deabusve
1011 1159 1043 1217 in
1068 1159 1258 1220 universum
1282 1164 1356 1236 post

78 1259 161 1318 haec
192 1260 319 1319 moneri
350 1274 466 1334 operae
498 1260 639 1334 pretium
671 1261 730 1318 est.
763 1260 912 1319 Athenae
935 1261 1076 1335 Argivae
1100 1262 1209 1336 imago
1233 1264 1356 1338 hymno

78 1363 207 1438 quinte,
227 1363 353 1423 Cereris
368 1379 491 1424 numen
504 1362 626 1437 hymno
638 1364 733 1422 sexto
746 1362 908 1421 delineata
920 1377 984 1422 uon
998 1362 1061 1423 nisi
1075 1364 1171 1438 vulgo
1184 1365 1358 1425 decantata

78 1464 373 1538 mythologumena
408 1466 571 1540 praebent.
609 1465 806 1524 Memoratur
845 1464 975 1523 Athena
1010 1464 1185 1539 Gigantum
1223 1467 1354 1541 victrix,

79 1568 173 1626 03313
203 1566 295 1640 virgo
327 1567 378 1626 031
409 1566 581 1641 displicent
611 1568 778 1640 unguenta
812 1566 1045 1640 speculumque
1076 1583 1188 1627 carum
1224 1568 1356 1643 Veneri,

78 1666 283 1744 χρυσεοιιιμηξ
318 1667 374 1727 1113
407 1667 595 1743 aspernere,
634 1668 848 1728 dilectissima
887 1667 974 1727 Iovis
1013 1667 1094 1743 filia,
1131 1685 1229 1743 quam
1268 1670 1358 1730 33113

78 1771 205 1844 peperit
229 1773 344 1829 mater.
369 1770 465 1830 (leres
486 1773 597 1831 autem
620 1769 807 1840 solvuntque
829 1771 879 1829 est
899 1772 932 1829 et
951 1768 1202 1846 novlope'drpvlg,
1223 1787 1355 1845 praeses

78 1887 233 1945 agrorum
252 1887 290 1931 33
307 1872 471 1946 frugifera,
491 1871 541 1931 331
559 1886 655 1930 curae
672 1871 1356 1947 33313313333313333331333111333133,

78 1988 163 2046 quae
185 1989 260 2034 cum
280 1973 427 2048 frugibus
446 1988 561 2047 greges
581 1988 706 2046 quoque
727 1973 798 2046 3111,
820 1974 853 2032 31
873 1987 947 2031 cum
968 1988 1077 2032 messe
1094 1989 1208 2046 pacem
1220 1976 1355 2049 tutatur,

81 2069 139 2148 ,ἵν’
162 2070 194 2144 ὃς
215 2072 304 2147 (13333
323 2083 411 2150 τῖμος
431 2071 552 2155 ἀμάσῃ”
571 2073 634 2143 (VI.
652 2073 735 2141 138).
750 2072 907 2132 Venerem
923 2077 1034 2132 autem
1048 2075 1143 2133 modo
1156 2076 1356 2149 Aphroditen

78 2176 178 2251 dixit,
197 2176 293 2236 modo
308 2176 427 2252 illapso
443 2176 606 2246 nominat,
625 2175 681 2235 sed
694 2178 823 2249 propter
835 2175 897 2234 hoc
909 2174 1062 2253 Κύπριδος
1076 2192 1195 2236 nomen
1207 2180 1357 2237 accurate

78 2278 237 2337 iudicium
270 2294 367 2338 suum
395 2279 433 2338 de
457 2278 535 2337 deae
559 2277 682 2351 origine
706 2277 840 2350 indicat,
867 2292 941 2336 cum
966 2277 1019 2335 IV.
1046 2278 1084 2337 21
1112 2279 1238 2339 insulae
1262 2279 1357 2353 Cypri

77 2381 247 2440 mentione
282 2381 369 2441 iacta
403 2380 501 2439 adicit
532 2379 570 2438 de
597 2379 775 2453 Aphrodite
813 2375 881 2452 ,καὶ
915 2374 953 2454 ἣν
985 2376 1144 2450 insolitum
1180 2382 1295 2454 Κύπρις
1328 2379 1357 2450 ἐξ

76 2481 189 2550 ὕδατος
220 2481 256 2539 τὰ
286 2482 420 2558 πρῶια”,
449 2481 566 2554 quibus
598 2481 705 2540 verbis
736 2481 928 2540 adversatur
959 2480 1100 2540 Hesiodo
1126 2483 1179 2555 qui
1204 2483 1357 2541 docuerat

78 2582 203 2657 (Theop.
232 2584 305 2653 192)

614 2690 732 2760 πρῶτον
754 2679 786 2741 ei
809 2682 1000 2757 Κυθήροισιν
1024 2681 1156 2754 ζαθέοισι

351 2779 459 2861 ἔπλητ’,
482 2782 571 2843 ἔνθεν
594 2780 691 2842 ἔπειτα
715 2782 890 2858 περίρρυτον
914 2783 989 2842 ἵκετο
1014 2784 1147 2860 Κύπρον.

79 2888 135 2946 113
166 2889 254 2947 euim
285 2888 393 2947 mutat
424 2886 598 2959 Hesiodea,
631 2888 668 2944 ut
701 2885 825 2944 omissa
856 2885 1015 2959 cytherae
1038 2887 1165 2946 insulae
1191 2888 1357 2948 mentione

79 2990 173 3049 omni
204 2989 335 3049 disertis
366 2990 444 3049 dicit
467 2987 588 3062 verbiS,
614 2988 756 3061 primum
789 2986 931 3060 Cyprum
960 2988 1131 3048 advectam
1155 3005 1227 3048 esse
1252 2990 1356 3049 deam.

77 3090 195 3149 Nonne
227 3091 266 3149 ad
299 3093 470 3149 externam
493 3089 630 3149 Veneris
662 3090 820 3163 originem
848 3090 928 3148 haec
951 3092 1124 3164 spectant?
1148 3092 1261 3152 Nonne
1284 3108 1357 3152 eam

77 3190 269 3266 significant
304 3193 412 3266 deam,
448 3192 487 3250 de
522 3206 586 3264 qua
617 3190 726 3251 Cicero
763 3194 837 3259 (331.
873 3191 954 3250 deor.
992 3191 1049 3265 III,
1087 3193 1195 3262 23139)
1227 3197 1356 3253 monet:

81 3292 205 3370 „Syrio
230 3291 388 3369 Cyproque
408 3297 564 3367 concepta,
584 3309 663 3366 qaue
683 3293 805 3353 Astarte
823 3295 995 3352 cocolar”?
1016 3292 1109 3353 Certe
1129 3295 1239 3355 minus
1259 3312 1358 3369 quam

79 3398 267 3455 ceterorum
284 3396 457 3454 numinum
475 3394 610 3455 Veneris
627 3394 688 3453 sibi
706 3397 855 3454 constare
872 3409 1045 3468 personam
1066 3395 1205 3469 iudicat;
1228 3391 1266 3471 ,ἡ
1286 3395 1357 3467 θεὸς

77 3493 138 3575 γὰρ
170 3494 207 3554 οὐ
238 3495 312 3568 μία”
343 3496 381 3555 fr.
414 3494 475 3555 82¹>
506 3498 631 3571 monet,
665 3498 698 3555 et
729 3496 919 3555 distinxisse
958 3496 1195 3569 quodammodo
1231 3498 1359 3556 videtur

78 3600 168 3658 inter
202 3597 324 3657 amoris
359 3598 454 3657 deam
488 3596 580 3657 illam
617 3597 708 3656 cuius
742 3596 891 3670 operibus
930 3597 1043 3671 plenae
1079 3601 1156 3657 sunt
1189 3602 1357 3672 poetarum

78 3699 301 3774 narrationes
327 3700 419 3759 cuius
441 3700 532 3759 iussu
557 3697 698 3772 Cydippe
722 3697 809 3757 malo
828 3699 958 3771 petitur,
980 3699 1031 3757 oui
1051 3697 1137 3758 iilius
1156 3701 1208 3758 est
1227 3699 1356 3775 (lupide,

78 3801 176 3861 03133
204 3801 283 3860 (1333
310 3815 448 3875 persona
476 3799 544 3859 abit
562 3799 629 3858 fere
653 3799 685 3858 in
709 3799 818 3872 ipsum
841 3801 1011 3873 Amorem,
1037 3802 1134 3872 atque
1158 3800 1357 3875 Aphroditen

78 4160 178 4205 iterum
202 4156 262 4204 huic
284 4157 333 4205 deo
354 4157 470 4203 adiunxit
492 4158 578 4217 poesis
603 4156 773 4203 Alexandrina
798 4158 883 4203 omnis
907 4157 960 4203 fere
984 4157 1016 4202 iis
1034 4157 1152 4204 attribuit
1169 4161 1274 4216 propter
1292 4171 1358 4216 quse

78 4237 145 4284 olim
170 4236 320 4283 Hellanious
340 4233 383 4299 (fr.
408 4232 468 4300 111)
491 4237 540 4282 tria
558 4250 653 4295 genere
670 4235 794 4294 distingui
810 4237 927 4281 iusserat.
946 4235 1037 4295 Itaque
1055 4250 1070 4282 a
1088 4237 1251 4295 Mycenarum
1271 4236 1357 4282 condi-

78 4316 185 4365 toribus
209 4318 303 4375 artem,
326 4330 341 4361 (ι
360 4317 512 4376 Polyphemi
531 4316 668 4363 comitibus
686 4315 787 4362 vultum
805 4328 835 4361 so
851 4315 973 4373 figuram,
991 4328 1006 4360 s
1023 4315 1063 4361 dis
1082 4314 1237 4374 chlopibus
1256 4317 1358 4362 immor-

78 4396 211 4443 tslitstem
233 4395 331 4442 hebent
353 4396 477 4455 Cyclopes
501 4396 680 4451 callimachei,
697 4395 742 4453 qui
760 4395 908 4453 ceteroquin
927 4394 1026 4439 minore
1043 4407 1101 4440 oum
1120 4394 1263 4440 Homericis
1281 4407 1357 4452 quam

78 4488 142 4524 cum
161 4474 296 4522 Hesiodeis
319 4476 327 4527 1
334 4471 417 4536 Pheop.
442 4476 499 4530 139)
522 4474 619 4521 habeut
641 4474 794 4520 communis.
815 4499 843 4506 -
863 4472 982 4519 Imitatur
1000 4485 1091 4519 versus
1115 4472 1301 4519 Osllimseheos
1326 4472 1357 4519 de

80 4553 239 4614 cyclopibus
263 4552 360 4613 [hymn.
383 4553 429 4600 111.
453 4554 484 4600 41
507 4551 567 4616 sqq.)
590 4553 741 4612 Apollonius
763 4551 783 4597 Ι.
808 4549 856 4597 ‘leo
880 4555 907 4598 et
929 4552 1010 4598 multo
1028 4552 1134 4598 liberius
1151 4552 1279 4611 Vergilius
1297 4550 1357 4598 Aen.

80 4632 153 4679 vm.
172 4634 228 4680 ⁴26.
