3104 5296
838 443 900 502 148
1248 445 1301 505 IV.
1333 447 1510 509 159-161

232 631 374 706 fugiendi
395 630 571 691 coniunxit.
593 629 716 691 Habuit
735 629 769 689 in
788 643 827 688 ea
845 644 881 689 re
901 631 1111 703 praeeuntem
1132 631 1283 708 Aratum,
1304 635 1511 697 cuiusverba

231 733 357 803 (Phoco.
379 732 455 801 641)
482 729 651 813 ,πανσυδίῃ
671 729 858 808 φεύγουσιν”
879 730 926 790 ita
946 732 1057 791 tamen
1080 733 1213 791 secutus
1226 736 1278 792 est
1297 736 1334 794 ut
1346 737 1458 810 magis
1471 738 1510 797 ad

228 835 426 895 homericam
461 833 635 894 dictionem
667 832 845 908 adaptaret,
869 833 952 892 dixit
975 833 1063 893 enim
1086 830 1297 912 φοβέοντο.
1329 837 1368 896 In
1393 852 1509 898 versus

233 939 295 998 159
318 935 381 996 flne
404 931 537 1011 τέτμον
560 933 666 1007 magis
691 934 819 1008 petendi
844 934 910 994 vim
935 935 1058 994 obtinet
1078 949 1176 1007 quam
1197 935 1392 1012 inveniendi,
1413 937 1509 1017 ῥόος

230 1040 341 1099 autem
372 1036 411 1097 de
435 1036 535 1097 maris
558 1037 654 1096 undis
675 1050 739 1095 non
762 1036 860 1096 habet
882 1036 965 1109 quod
988 1037 1140 1112 offendat,
1165 1037 1205 1097 cl.
1231 1037 1288 1099 Od.
1314 1060 1333 1097 ι.
1358 1040 1403 1098 80
1425 1047 1508 1117 κῦμα

229 1139 298 1219 βόος
324 1160 364 1216 τε,
394 1140 428 1199 et
450 1138 484 1198 in
508 1138 622 1198 eadem
646 1152 761 1197 versus
784 1138 860 1198 sede
883 1153 921 1199 ac
945 1153 1041 1200 versu
1063 1141 1174 1199 nostro
1198 1162 1227 1217 μ.
1253 1141 1318 1200 204
1345 1139 1508 1219 βόμβησαν

229 1237 259 1302 δ’
286 1239 344 1323 ἵρα
367 1238 464 1300 πάντα
487 1236 562 1298 κατὰ
584 1237 656 1317 ῥόον
682 1232 712 1308 ¹).
740 1246 742 1251 '

272 1446 327 1506 VS.
353 1445 426 1506 160.
451 1438 583 1523 νὀμνμίην
606 1439 729 1520 δῆπειτα
752 1440 843 1503 Κόων
867 1443 1050 1521 Μεροπηέδα
1074 1452 1169 1522 νῆσον

447 1543 534 1621 ἵκετο,
557 1529 733 1622 Χαλκιόπης
753 1543 833 1624 ἱερὸν
858 1544 953 1622 μυχὸν
975 1540 1115 1624 ἡρωένης.
1251 1542 1253 1546 ’

448 1643 521 1705 ἄλλό
543 1642 557 1704 έ
579 1643 687 1716 παιδὸς
710 1643 815 1724 έρνκεν
839 1642 909 1718 έπος
931 1645 1007 1707 τόδε·
1034 1645 1093 1725 „ph
1118 1647 1156 1707 σύ
1178 1669 1211 1727 με
1234 1655 1324 1727 μῆτερ

445 1758 481 1833 τῇ
504 1769 539 1825 με
561 1745 663 1820 τέκοις·
689 1742 748 1809 οὔτ’
775 1739 831 1809 οἵαν
854 1746 1057 1828 ἐπιμέμφομαι
1080 1747 1152 1811 οὐδὲ
1176 1750 1305 1831 μεγαίρω

445 1857 550 1927 νῆσον,
572 1847 634 1910 έπελ
655 1849 765 1930 λιπαρή
789 1872 819 1910 τε
842 1848 892 1910 καλ
915 1848 1047 1930 εὔβοτος,
1077 1851 1107 1912 εἵ
1125 1852 1163 1913 νύ
1187 1875 1229 1923 τις
1253 1849 1336 1930 ἵλλη·

350 1954 411 2013 165
445 1949 518 2012 ἄλλά
542 1950 570 2011 οἵ
592 1948 624 2011 έκ
647 1948 774 2030 μοιρέων
797 1974 839 2024 τις
864 1947 1056 2030 ὀφειλόμενος
1078 1952 1150 2026 θεὸς
1174 1950 1262 2026 ἵλλος

446 2049 515 2130 έστλ,
536 2052 697 2131 σαωτήρων
720 2052 837 2113 ὕπατον
859 2050 955 2132 γένος,
979 2047 1002 2137 ᾧ
1025 2052 1085 2114 ὑπὸ
1111 2055 1218 2135 μίτρην

446 2153 535 2228 ἵξεται
557 2154 613 2216 οὐκ
635 2152 764 2215 ἀέκουσα
789 2153 954 2233 Μακηδόνι
977 2154 1186 2235 κοιρανέεσθαι

445 2253 597 2337 ἀμφοτέρῃ
620 2255 756 2337 μεσόγεια
779 2254 829 2316 καλ
862 2257 895 2316 αἵ
916 2257 1072 2338 πελάγεσσι
1094 2258 1255 2336 κάθηνται,

445 2355 543 2437 μέχρις
562 2356 638 2418 ὅπου
661 2358 771 2438 περότη
794 2380 833 2436 τε,
855 2356 906 2419 κοιλ
929 2355 1068 2421 ὁππόθεν
1090 2357 1177 2433 ὠκέες
1201 2359 1288 2420 ἵπποι

347 2461 408 2520 170
440 2454 557 2519 Ἠέλιον
580 2456 751 2540 φορέουσιν.
775 2455 791 2520 ὃ
816 2455 845 2520 δ’
872 2460 979 2521 εἵσεται
1002 2459 1080 2540 ἤθεα
1103 2461 1245 2542 πατρός.”

268 2559 437 2636 copiosam
471 2560 651 2621 doctrinam
686 2562 940 2636 mythologicam
972 2564 1011 2624 de
1036 2562 1109 2624 cols
1132 2563 1257 2625 insulae
1281 2563 1380 2624 rebus
1404 2564 1497 2625 disci·

222 2663 306 2739 pulis
328 2663 496 2723 Theocrito
520 2664 553 2722 et
576 2661 772 2725 callimacho
794 2664 827 2723 ni
847 2664 940 2725 fallor
959 2666 1093 2726 tradidit
1113 2665 1257 2727 Philetas
1278 2665 1372 2742 Coun,
1398 2680 1498 2740 quem

221 2767 254 2825 et
288 2765 395 2839 ipsum
431 2762 529 2824 coam
560 2763 730 2825 historiam
758 2768 918 2826 tractasse
943 2768 1071 2827 constat
1094 2768 1145 2838 (cf.
1169 2767 1269 2828 schol.
1294 2768 1333 2828 ad
1359 2768 1496 2829 Theoor.

220 2867 289 2928 VII.
315 2870 335 2928 6
367 2868 400 2928 et
430 2865 570 2940 Hesyeh.
595 2866 615 2927 t.
639 2882 666 2926 ν.
695 2865 865 2936 Θετταλαί).
890 2866 956 2927 Nos
980 2870 1092 2928 tamen
1116 2869 1149 2929 in
1173 2869 1256 2929 hanc
1279 2869 1497 2930 eruditionem

221 2984 306 3029 nuno
329 2984 391 3029 non
415 2969 626 3043 inquiremus,
650 2968 713 3027 nisi
736 2969 863 3040 quando
883 2970 952 3044 ipse
976 2971 1145 3031 nominum
1168 2985 1248 3031 usus
1272 2970 1312 3031 ad
1335 2971 1495 3044 mytholo-

223 3072 310 3144 giam
343 3072 456 3145 sponte
486 3085 546 3130 nos
580 3071 697 3131 trahet.
730 3071 831 3131 Sicuti
855 3087 940 3132 nuno
972 3073 1139 3133 occasione
1163 3073 1271 3133 oblata
1293 3075 1408 3134 notare
1432 3089 1495 3134 non

221 3174 279 3233 abs
309 3188 343 3233 re
373 3173 500 3233 videtur
531 3175 652 3245 quanta
683 3188 760 3234 cura
789 3174 841 3234 hio
871 3174 1086 3235 illustraverit
1116 3176 1225 3235 noster
1256 3188 1339 3246 quae
1371 3174 1494 3235 imitari

222 3275 329 3335 vellet.
354 3276 390 3335 In
414 3275 576 3335 homerico
600 3275 721 3349 hymno
744 3275 779 3334 tn
802 3275 901 3349 Apoll.
926 3291 974 3335 ve.
999 3277 1040 3335 42
1064 3275 1172 3336 insula
1199 3274 1259 3335 (los
1283 3274 1376 3334 audit

440 3375 528 3447 Κόως
550 3397 580 3436 τε
603 3375 686 3447 πόλις
711 3374 865 3454 Μερόπων
889 3373 1070 3454 ἀνθρώπων.

220 3476 325 3537 Μ1ιιιιο
353 3478 412 3538 boc
443 3477 564 3552 placuit
595 3476 807 3538 callimacho:
839 3493 879 3538 ne
912 3479 984 3559 quis
1013 3480 1099 3539 enim
1124 3478 1334 3539 confunderet
1355 3478 1494 3553 Meropas

219 3578 292 3640 illos
324 3582 421 3652 atque
446 3577 575 3658 μέροπας
599 3575 782 3657 ἀνθρώπους
806 3581 991 3640 maximum
1016 3583 1085 3640 erat
1109 3580 1287 3654 perieulum
1314 3573 1344 3649 2).
1378 3580 1493 3641 Phere·

219 3681 316 3755 oydes
340 3680 542 3758 „Mepocldu”
564 3680 661 3741 Ooem
682 3682 823 3742 insulam
843 3683 913 3742 iarn
933 3681 1152 3756 appellaverat
1175 3681 1225 3751 (cl.
1250 3681 1348 3742 schol.
1370 3679 1402 3744 Ξ.
1417 3683 1491 3752 255)

217 3787 252 3842 at
282 3798 322 3842 ne
354 3784 414 3844 hoc
442 3782 572 3855 quidem
596 3782 678 3842 satis
697 3785 857 3843 accurate.
882 3785 955 3857 Ipse
979 3783 1107 3844 mavult
1141 3782 1344 3859 Μεροπηέδας
1368 3785 1490 3844 etenim

217 3885 263 3943 ita
283 3883 400 3943 melius
420 3883 585 3958 apparebit
605 3883 746 3944 insulam
766 3885 947 3945 habitatam
968 3900 1040 3945 esse
1061 3884 1177 3960 arepto
1188 3883 1321 3959 Meropia
1334 3886 1491 3961 proponis,

216 3986 298 4058 quod
316 3986 464 4059 sequenti
483 4000 609 4059 quoque
630 4001 726 4046 versu
743 3987 873 4063 indicat,
900 4001 1098 4059 quamquam
1118 3987 1199 4046 latet
1222 4001 1286 4059 qua
1306 4001 1408 4047 causa
1426 4003 1491 4048 mo·

250 4229 270 4298 ¹)
287 4233 398 4281 Offendit
422 4237 507 4280 tamen
533 4233 664 4280 Reiskium
691 4234 736 4292 qui
758 4233 868 4280 coniecit
886 4234 935 4280 κατ’
956 4236 1054 4297 ἀθρόον.
1072 4233 1141 4280 Haec
1159 4232 1244 4277 nutem
1262 4231 1310 4277 riri
1329 4231 1489 4290 sagacissimi

215 4313 361 4360 coniectura
373 4316 478 4372 propter
493 4326 523 4359 ea
537 4326 602 4372 quae
617 4313 704 4359 statim
714 4316 857 4371 sequnntur
871 4315 894 4371 (ll
901 4328 985 4358 ννννν
1004 4315 1092 4370 τέτμον]
1110 4311 1191 4358 multo
1206 4311 1291 4357 minna
1301 4310 1398 4370 placet,
1412 4325 1488 4371 qnam

215 4392 282 4452 qnod
308 4393 334 4438 in
360 4392 461 4438 schedis
478 4393 613 4452 proposuit
628 4392 828 4439 Valckenaerius
846 4391 939 4438 collato
955 4404 1031 4437 versu
1050 4391 1094 4437 lb:
1116 4390 1208 4445 „nard
1226 4388 1359 4452 δρόμον”
1376 4390 1488 4454 suscpic-

215 4470 272 4518 bant
289 4470 407 4518 celeriter.

247 4547 267 4615 ²)
285 4551 406 4599 Mortales
430 4551 486 4610 ipso
512 4564 614 4610 qnoque
642 4554 761 4615 ,ὀιζυροὺς
785 4550 889 4613 μέροπας
915 4549 979 4595 dixit
1005 4550 1035 4594 lr.
1060 4550 1118 4605 418,
1141 4546 1267 4594 adiectivo
1290 4547 1424 4597 homerico
1440 4562 1487 4610 pro

213 4629 381 4685 substantivo,
398 4632 428 4676 nt
446 4629 548 4688 saepius
566 4630 636 4686 lecit,
654 4643 725 4676 naus.
