3068 5288
692 487 735 544 53

66 672 120 731 ita
145 671 295 745 disputat
317 670 374 730 ΠΙ.
403 669 452 730 16.
475 671 509 731 7:
537 668 632 752 ,nolui
655 667 711 749 γὰρ
739 667 777 745 δὴ
800 668 877 754 λόγῳ
900 666 1055 730 κατέλιπεν
1078 668 1116 730 ἂν
1140 670 1172 732 ἐν
1196 676 1355 753 Βραυρῶνι

61 767 235 852 Ἰφιγένεια
261 769 295 831 τὸ
321 768 471 850 ἅγαλμα;”
496 771 541 831 ht
564 771 640 845 quid
664 769 907 832 Callimachus?
937 773 1051 833 Nonne
1074 775 1242 849 utriusque
1265 777 1355 837 urbis

69 873 179 935 simul
210 872 377 933 mentione
406 873 495 933 iacta
525 875 559 933 et
588 872 667 932 deae
698 873 875 934 Limnaeae
899 875 1145 949 cognominibus
1168 879 1256 938 arcte
1279 893 1354 937 cum

71 975 257 1036 Brauronia
287 989 380 1035 sacro
411 974 593 1034 coniunctis
621 973 764 1034 indicare
795 974 933 1052 videtur,
961 975 1039 1036 olim
1063 976 1243 1053 Braurona,
1280 983 1353 1054 post

71 1092 155 1138 vero
191 1075 468 1136 Lacedaemonem
502 1074 657 1135 Tauricae
692 1075 771 1135 deae
801 1076 1015 1137 simulacrum
1047 1077 1224 1139 habuisse?
1254 1080 1353 1140 Extat

74 1179 167 1238 enirn
198 1176 336 1237 historia
358 1176 443 1250 apud
465 1176 693 1253 Plutarchum,
723 1176 878 1251 Pelasgos
906 1178 961 1252 qui
987 1179 1147 1240 Lemnum
1172 1181 1354 1241 incolebant

73 1280 227 1355 rapuisse
254 1293 297 1339 ex
326 1277 437 1338 Attica
466 1292 531 1338 non
559 1277 667 1337 solum
691 1277 834 1352 virgines
853 1279 915 1349 ,sed
939 1280 1047 1354 ipsum
1071 1296 1196 1355 quoque
1218 1282 1353 1343 Brauro-

76 1382 151 1442 niae
187 1380 267 1441 deae
296 1378 524 1455 simulacrum,
550 1379 628 1439 illud
651 1380 763 1439 autern
787 1393 901 1440 secum
925 1380 1058 1441 duxisse
1081 1382 1209 1456 Minyas
1232 1384 1287 1457 qui
1310 1399 1352 1444 ex

76 1483 187 1544 insula
217 1481 345 1557 expulsi
374 1483 488 1556 postea
515 1480 794 1541 Lacedaemonem
821 1483 1045 1542 veneruntad
1069 1484 1353 1560 sedespetendas.

78 1584 274 1646 Plutarchea
295 1598 376 1643 num
400 1597 441 1642 ex
465 1581 656 1642 Philochoro
680 1580 849 1657 fluxerint,
875 1598 1074 1657 quamquam
1097 1600 1154 1658 pro
1179 1587 1266 1646 certo
1290 1587 1352 1647 dici

78 1701 140 1747 non
164 1686 288 1761 potest,
319 1686 431 1744 tamen
455 1683 541 1743 haud
564 1683 724 1744 dissimile
749 1688 800 1745 est
823 1685 892 1744 veri
916 1678 947 1754 ¹).
973 1684 1125 1761 Quisquis
1146 1689 1258 1747 autem
1281 1688 1351 1748 Plu·

80 1788 190 1848 tarcho
221 1787 285 1847 fuit
315 1788 435 1861 auctor,
465 1785 506 1846 iis
535 1800 617 1859 quae
648 1786 760 1863 refert,
794 1787 917 1862 optime
940 1787 1098 1848 illustrari
1121 1803 1236 1849 versus
1260 1788 1351 1850 Galli·

79 1890 234 1951 macheos
264 1886 505 1948 concedendum
537 1886 608 1948 erit.
640 1887 706 1948 Nec
737 1888 932 1948 mirabimur
961 1888 1041 1948 haec
1071 1889 1233 1963 placuisse
1260 1890 1352 1951 Calli·

78 1990 209 2064 macho,
234 1989 286 2049 cut
309 2003 348 2048 ea
370 1989 495 2050 ratione
519 2004 594 2050 cum
617 1989 827 2064 Euphemidis
851 2004 889 2051 ac
911 1990 1008 2050 Batto
1032 2006 1151 2065 proavo
1174 2007 1234 2052 suo
1254 1994 1351 2054 Brau-

76 2092 205 2152 roniam
230 2102 355 2162 quoque
378 2089 473 2149 deam
497 2090 728 2164 antiquissima
750 2091 907 2152 societate
931 2091 1126 2166 coniungere
1149 2092 1276 2154 licebat.

108 2333 130 2394 ¹)
149 2334 282 2384 Plutarch.
307 2331 337 2380 de
357 2332 450 2382 mutter.
476 2332 562 2380 abiut.
580 2333 721 2382 aet-ala.
748 2334 846 2381 Locum
864 2347 914 2382 non
932 2336 1057 2395 exsoripsi
1075 2337 1135 2395 quia
1152 2350 1235 2397 pauca
1252 2342 1351 2388 unium

71 2413 125 2463 buo
150 2414 283 2475 portinent
304 2417 332 2460 et
353 2414 380 2460 in
406 2413 505 2474 reliqua
528 2413 663 2460 Brauronii
685 2413 816 2461 simulacri
837 2413 945 2461 historia
962 2415 1012 2462 alia
1030 2414 1106 2462 docet
1123 2417 1289 2474 Plutarchus,
1308 2421 1352 2479 qui

68 2494 101 2542 in
126 2495 231 2543 Oratam
254 2491 282 2539 id
303 2493 434 2541 invectum
452 2505 509 2540 ease
527 2494 608 2554 putat.
628 2492 774 2541 Philochorl
793 2493 938 2551 fragmenta
955 2506 1014 2541 oum
1031 2493 1103 2540 hisce
1121 2497 1276 2544 conseranda
1292 2503 1353 2558 sunt

70 2575 136 2621 §et
153 2574 167 2620 5
187 2570 273 2635 (lidii.
292 2570 320 2620 F.
338 2570 371 2620 Η.
390 2571 418 2620 θ.
437 2573 457 2619 l.
475 2586 501 2633 p.
519 2572 590 2633 884).
