3320 5432
110 531 162 592 IV.
191 533 362 592 112-117
711 535 772 595 137

109 723 174 783 tius
208 723 305 798 priori
339 723 387 784 illi
421 723 530 797 generi
564 722 758 784 imitationis
787 721 1005 784 Callimachus
1036 722 1093 784 dat
1120 738 1250 798 operam
1278 739 1378 797 quam

110 825 184 884 huic
211 823 392 900 difficiliori,
415 826 451 886 et
474 825 503 884 ei
525 825 637 886 nostro
664 824 733 886 loco
757 823 882 885 dicendi
904 823 1063 886 rationem
1088 825 1287 886 homericam
1309 826 1378 900 ipse

109 941 169 986 sua
191 929 262 987 arte
284 926 416 987 reddere
440 928 574 989 conatur
598 926 766 988 latendum
791 929 843 988 est
862 927 945 988 satis
964 924 1093 1006 ἀκαίρως
1115 929 1196 989 artis
1214 929 1378 1004 specimen

108 1043 184 1088 eum
203 1028 341 1089 dedisse.
362 1027 487 1107 Studet,
507 1032 544 1090 ut
557 1029 678 1107 opinor,
698 1030 822 1091 imitari
838 1030 988 1092 acerbam
1000 1031 1164 1103 quandam
1175 1029 1311 1090 ironiam
1327 1030 1378 1090 vei

107 1129 349 1192 cavillationem
383 1144 448 1204 qna
480 1131 532 1192 bic
562 1131 629 1193 iilic
660 1134 796 1193 utuntur
827 1133 941 1194 heroes
972 1132 1136 1208 homerici,
1160 1131 1378 1193 imitationem

107 1233 221 1294 autern
245 1233 354 1307 arguit
377 1232 512 1294 verbum
536 1233 597 1296 boc
620 1234 752 1308 quidem
774 1248 875 1296 sensu
898 1233 1008 1294 minus
1028 1233 1189 1294 usitatum
1221 1230 1378 1310 ἐλαφρί

107 1336 196 1406 ζειν.
232 1336 366 1398 Ducitur
400 1337 488 1397 enirn
522 1337 562 1398 ad
597 1337 657 1398 boc
693 1337 827 1398 verbum
858 1335 1068 1422 acerbissimo
1096 1351 1192 1397 versu
1215 1335 1378 1396 homerico

108 1440 146 1496 Π.
172 1440 237 1499 745
260 1438 315 1499 ubi
338 1437 370 1498 iu
394 1437 488 1511 longe
511 1438 575 1499 alia
598 1454 633 1501 re
656 1438 785 1501 bostem
809 1439 933 1500 deridet
956 1437 1139 1499 Patroclus:

330 1530 477 1615 ὦπόποι,
500 1529 520 1617 ἦ
544 1533 606 1616 μάλ’
634 1536 762 1618 ἐλαφρὸς
785 1536 870 1617 ἀνήρ·
894 1536 935 1611 ὡς
956 1538 1021 1618 ῥεῖα
1043 1539 1175 1622 κυβιστᾷ.

152 1641 315 1719 (letarum,
339 1657 443 1715 neque
465 1641 499 1701 in
521 1641 655 1715 reliquis
680 1642 824 1716 neglegit
846 1643 929 1704 banc
953 1641 1171 1703 imitationem
1195 1639 1377 1700 liberiorem

107 1743 252 1805 Homeri.
295 1744 509 1804 Decantatam
550 1743 733 1805 velocitatis
774 1758 849 1805 cum
885 1745 982 1806 vento
1021 1742 1295 1819 comparationem
1331 1743 1379 1813 (ut

109 1847 143 1902 K.
175 1846 241 1906 437
272 1845 312 1905 de
335 1845 434 1906 Rhesi
465 1846 556 1919 equis
583 1844 697 1922 ,θείειν
720 1842 874 1922 ἀνέμοισιν
896 1842 1026 1921 δμοῖοι”)
1050 1845 1184 1908 innovat
1205 1844 1378 1917 interroga·

108 1945 194 2007 tione
219 1944 255 2005 τί
275 1953 349 2004 νῦν
371 1942 587 2023 ἀνέμοισιν
611 1943 774 2024 έρίζειςς
798 1945 962 2021 Odysseae
985 1962 1118 2008 versum
1142 1966 1163 2006 ε.
1188 1947 1249 2006 371

335 2040 425 2125 »ἀμφ’
450 2043 495 2106 ivl
518 2045 639 2124 δούρατι
662 2047 747 2126 βαῖνε
769 2041 868 2125 κέληθ’
894 2044 934 2119 ὡς
957 2046 1049 2107 ἵππον
1072 2045 1226 2107 έλαύνον”

107 2151 237 2224 propter
269 2149 500 2223 equitationem
532 2163 604 2210 raro
626 2150 666 2210 ab
690 2150 832 2211 Homero
861 2150 1078 2210 memoratam
1101 2148 1186 2209 baud
1209 2147 1378 2221 iudignum

106 2251 245 2327 putavit,
264 2265 361 2323 quem
382 2253 510 2311 ornaret
531 2250 683 2312 variando
706 2249 849 2326 „innoc
872 2246 1042 2310 ἀέθλιον
1062 2246 1377 2328 mammet

109 2351 228 2414 Maiore
249 2353 360 2414 antem
379 2351 538 2426 libertate,
558 2351 587 2412 si
607 2353 703 2413 modo
723 2353 810 2413 recte
822 2367 898 2413 enm
912 2367 1044 2413 uersum
1058 2352 1189 2428 accipio,
1203 2367 1300 2412 versu
1314 2351 1377 2410 115

109 2455 208 2515 dixit:
237 2451 472 2540 „mancipem
497 2447 537 2512 di
559 2449 752 2513 πέτεσθαι
776 2453 904 2532 σήμερον
928 2450 1106 2531 έξαπίνης;”
1130 2454 1193 2514 Vix
1216 2453 1303 2514 enim
1323 2468 1376 2528 pu·

108 2556 250 2618 leverim
273 2556 353 2616 bene
376 2555 456 2616 haec
477 2555 573 2616 verba
593 2556 841 2630 interpretatum
862 2571 935 2617 esse
954 2555 1160 2632 scholiasten,
1180 2555 1235 2630 qui
1247 2555 1381 2616 adnotat

113 2654 196 2732 „ivri
220 2663 274 2717 τοῦ
296 2657 476 2740 προσποιη”.
505 2657 551 2718 Ut
569 2672 632 2718 non
655 2673 787 2732 prorsus
810 2659 994 2732 incognitus
1017 2659 1062 2719 sit
1083 2659 1136 2719 hic
1159 2658 1247 2719 verbi
1270 2661 1380 2716 ποιεῖσ-

108 2763 163 2818 θαι
186 2773 278 2835 usus‚
302 2774 417 2834 parum
431 2760 543 2820 tamen
562 2759 818 2820 nuncconvenit.
844 2759 954 2833 Neque
976 2775 1051 2820 vero
1070 2759 1232 2820 assentior
1243 2757 1379 2820 Graevio

14 2858 15 2902 l
109 2861 155 2922 ita
188 2861 298 2921 locum
335 2861 489 2922 vertenti:
528 2861 678 2936 „facietne
713 2861 835 2936 <eca>
862 2862 964 2922 volare
990 2862 1120 2922 bodic?”
1144 2862 1267 2922 Durum
1292 2859 1380 2921 enirn

110 2964 161 3022 set
190 2961 363 3024 subaudire
393 2965 503 3038 pedm
536 2963 634 3023 simul
669 2963 749 3024 latet
784 2979 847 3037 qua
878 2979 977 3026 eausa
1007 2967 1116 3025 motus
1147 2965 1243 3038 poeta
1273 2961 1379 3023 medio

110 3063 270 3140 πεποίησαι
304 3079 385 3125 usus
418 3065 470 3126 sit.
506 3064 663 3138 liquidem
694 3065 881 3127 Ernestium
914 3067 1047 3127 secutus
1075 3066 1181 3126 locum
1207 3063 1378 3125 verterim:

115 3165 291 3241 „saciusque
307 3167 392 3227 οοῑοιι
414 3181 444 3228 es
465 3167 664 3242 derepeatcr’
689 3169 725 3228 Id
748 3170 860 3229 antem
883 3169 912 3228 si
935 3183 1049 3229 reuera
1075 3168 1177 3229 voluit
1200 3167 1304 3242 poete,
1329 3180 1381 3240 ap·

110 3271 202 3341 paret
231 3269 365 3342 putasse
400 3267 644 3345 Callimachum,
681 3270 709 3330 si
745 3270 824 3331 oiim
859 3269 971 3332 liceret
1006 3269 1111 3332 dicere
1146 3268 1288 3329 Homero
1312 3268 1382 3326 tam

111 3366 237 3448 προέηκε
259 3365 400 3428 πέτεσθαι
423 3384 523 3443 quarn
545 3361 619 3447 ὦρτο
643 3367 794 3448 πέτεσθαι,
818 3372 932 3432 eodem
954 3372 1023 3432 iure
1044 3371 1083 3432 ad
1104 3385 1255 3432 normam
1274 3369 1380 3429 borne·

112 3470 196 3532 ricae
227 3470 377 3531 dictionis
414 3468 495 3547 „luel
523 3467 560 3551 ἅρ
584 3487 615 3531 σε
639 3469 707 3532 θεοὶ
729 3471 859 3550 ποίησαν
883 3469 1022 3533 ἱαέσθαι”
1048 3477 1091 3548 (ψ.
1117 3473 1193 3543 258)
1217 3486 1252 3534 se
1276 3469 1381 3532 dicere

113 3587 206 3647 posse
230 3572 359 3647 passive
386 3571 565 3651 ,πεποίησαι
585 3571 759 3636 πέτεσθαι”.

155 3671 341 3750 Ἀαήκοος
382 3678 491 3745 (versu
534 3677 607 3745 116)
650 3676 791 3738 Homero
833 3677 1034 3752 incognitum
1077 3677 1137 3752 est,
1188 3689 1301 3749 neque,
1345 3687 1384 3733 ea

113 3777 244 3848 quidem
266 3774 501 3850 significatione
524 3791 623 3850 quam
646 3778 699 3839 bic
721 3778 855 3855 obtinet,
880 3781 949 3840 tam
973 3779 1133 3839 usitatum
1157 3778 1194 3837 ut
1216 3777 1382 3836 auctorem

113 3892 266 3950 quaerere
292 3891 570 3951 supervacaneum
593 3878 646 3938 eit.
677 3879 748 3940 Non
778 3879 888 3954 procul
914 3880 942 3940 is
973 3879 1082 3940 abest:
1107 3877 1272 3951 Lycopbro
1295 3875 1382 3936 euim

115 3992 159 4038 vs.
200 3979 282 4040 1451
320 3978 508 4053 exemplum
542 3980 674 4055 praebet
707 3982 791 4054 quod
823 3983 899 4043 ante
930 3982 1040 4042 oculos
1062 3981 1163 4041 luisse
1187 3977 1384 4039 callimacho

115 4079 288 4140 admodum
316 4080 368 4141 est
388 4079 567 4154 probabile:

337 4178 366 4239 τί
386 4177 485 4259 μακρὰ
506 4179 625 4258 τλήμων
649 4179 690 4253 εἰς
713 4178 864 4260 ἀνηκόους
887 4177 994 4259 πέτρας

336 4280 454 4360 dodim:

160 4384 278 4446 Contra
296 4383 448 4445 convenit
466 4399 541 4445 cum
560 4383 694 4446 Homeri
713 4399 775 4446 usu
795 4383 920 4446 dicendi
939 4401 1014 4446 cum
1032 4400 1149 4445 nervos
1165 4388 1287 4446 οιινιοίοο
1308 4399 1384 4446 voce

117 4481 295 4556 τένοντες
317 4486 448 4562 indicat,
472 4487 585 4548 latiore
604 4487 704 4561 igitur
726 4502 824 4548 seusu
844 4502 956 4549 vocem
978 4487 1133 4547 adhibens
1152 4502 1250 4561 quarn
1270 4489 1383 4562 postea

116 4587 226 4662 tragici
246 4587 403 4664 iecerunt,
423 4603 560 4661 quorum
578 4604 659 4650 usus
680 4589 867 4664 exemplum
880 4589 1012 4664 praebet
1023 4588 1191 4663 Euripides
1202 4587 1280 4648 Med.
1298 4588 1381 4647 1176

335 4684 440 4750 τένοντ’
467 4688 507 4762 είς
531 4685 626 4770 ὀρθὸν
649 4687 759 4768 ὄμμασι
782 4686 982 4768 σκοπουμένη.
