3068 5288
683 492 722 551 27

64 676 320 737 Halicarnasum
346 677 552 752 Rhodumque
570 682 799 753 transportatus
822 680 905 738 est’?
929 671 949 748 ¹)
981 680 1051 740 Non
1075 681 1196 754 opinor.
1221 681 1343 741 Graves

65 779 211 854 fuerunt,
244 794 326 852 quas
356 780 441 840 inira
470 780 615 855 pluribus
646 782 831 858 ostendam,
864 796 996 856 causae,
1030 796 1111 855 quae
1139 782 1172 842 in
1192 797 1227 843 re
1250 797 1344 843 sacra

65 878 306 940 Callimachum
337 881 376 941 ad
405 882 579 943 Arcadiam
603 885 821 958 accesserant,
847 884 880 942 et
904 884 965 956 ipsi
988 882 1127 942 Maassio
1150 884 1343 958 praesertim

64 981 198 1056 egregia
228 981 301 1042 laus
331 983 465 1044 debetur
495 983 579 1057 quod
612 984 646 1043 in
678 983 896 1059 disputatione
925 985 963 1044 de
992 984 1140 1060 Apolline
1167 983 1343 1059 Cyrenaico

64 1085 193 1158 primus
225 1084 345 1144 adeas
368 1099 484 1145 causas
509 1085 754 1159 investigandas
779 1087 902 1145 certam
927 1085 1016 1145 viam
1039 1085 1237 1146 monstravit
1258 1079 1290 1155 ²).

110 1287 231 1347 Totum
255 1287 415 1361 hymnum
440 1289 473 1348 in
496 1287 635 1348 Dianam
658 1288 688 1347 si
710 1288 784 1361 quis
807 1288 877 1348 sine
901 1290 1090 1363 exceptione
1110 1291 1150 1349 ad
1170 1290 1344 1351 Arcadicas

64 1389 209 1464 origines
241 1389 360 1450 referre
391 1390 548 1467 studebit,
580 1405 665 1451 vano
687 1390 841 1464 fungetur
862 1389 980 1451 labore.
1010 1391 1166 1451 Attamen
1190 1395 1344 1454 constans

64 1493 182 1566 poetae
206 1491 380 1552 consilium
402 1491 505 1552 luisse
538 1492 676 1568 videtur,
708 1494 745 1552 ut
768 1493 897 1552 doceret
928 1493 1070 1568 cultum,
1096 1508 1158 1567 quo
1189 1494 1345 1568 gauderet

65 1592 171 1653 Diana
202 1593 236 1652 in
267 1593 308 1652 iis
339 1595 533 1670 regionibus,
566 1609 648 1669 quae
682 1596 778 1655 extra
794 1664 796 1667 ¹
812 1594 1032 1655 continentem
1069 1594 1226 1656 Graecam
1261 1597 1344 1656 sitae

64 1697 192 1770 essent,
219 1695 396 1769 ingenuum
419 1711 484 1757 non
508 1711 594 1774 esse,
620 1697 676 1757 sed
701 1712 743 1757 ex
766 1697 836 1771 ipsa
859 1696 1008 1772 Graecia,
1033 1711 1075 1756 ex
1098 1697 1237 1757 Arcadia
1255 1713 1343 1772 prae·

64 1797 160 1871 cipue
199 1795 338 1856 illatum.
378 1797 559 1879 Subtiliter,
583 1813 653 1859 rem
691 1813 787 1858 suam
819 1812 919 1872 agens
958 1800 991 1857 et
1021 1800 1091 1858 arte
1123 1797 1213 1857 varia
1251 1813 1342 1873 argu·

63 1899 219 1958 mentum
249 1898 433 1975 illustrans,
466 1915 563 1975 saepe
586 1915 606 1960 a
627 1900 793 1975 proposita
822 1899 878 1959 via
900 1899 1064 1974 aberrare,
1086 1899 1190 1974 primo
1214 1899 1343 1973 quidem

65 2000 197 2074 obtutu,
230 1999 405 2074 videbitu13
438 2000 541 2060 veluti
572 2016 646 2061 cum
678 2016 798 2061 novam
829 2000 945 2074 hymni
971 2002 1099 2075 partem
1123 1999 1290 2074 ingressus
1312 2003 1345 2059 et

65 2102 106 2160 de
126 2101 260 2161 urbibus
280 2102 447 2162 montibus
466 2102 583 2163 insulis
601 2103 680 2164 deae
692 2103 794 2178 gratis
806 2117 920 2177 agens,
942 2102 1041 2162 adicit
1059 2118 1108 2161 vs.
1130 2102 1192 2161 184
1212 2100 1296 2178 ,rivo
1314 2096 1342 2160 δ’

64 2200 152 2279 ἔξοχα
173 2200 317 2278 νυμφέων
333 2203 423 2279 pilae
436 2201 487 2262 nal
498 2203 586 2275 ποίας
598 2198 728 2283 ἡρωίδας
741 2201 819 2281 ἔσχες
832 2201 983 2277 ἕταίρας;”
997 2205 1104 2264 Nolim
1118 2207 1230 2264 tamen
1242 2205 1343 2279 impu·

64 2306 138 2363 tare
157 2303 382 2379 neglegentiae
399 2307 514 2381 poetae
530 2305 614 2380 quod
635 2321 766 2366 carmen
789 2305 940 2365 deflectat
956 2304 995 2365 de
1006 2306 1180 2380 proposito.
1195 2305 1345 2366 Heroinis

65 2406 269 2467 enumeratis
287 2408 413 2467 occasio
433 2407 568 2468 offertur
588 2406 767 2467 disserendi
786 2407 826 2466 de
845 2407 1076 2467 Britomartide
1092 2407 1162 2467 sive
1173 2407 1343 2483 Dictynna,

66 2524 169 2583 quam
202 2524 266 2569 non
297 2509 404 2569 solum
436 2507 607 2569 Cretenses
638 2508 748 2567 divino
779 2506 964 2567 afficiebant
995 2508 1129 2584 honore,
1161 2509 1218 2568 sed
1249 2525 1345 2584 saepe

65 2610 171 2671 Attici
195 2626 321 2684 quoque
344 2613 458 2685 poetae
471 2643 514 2652 -
527 2610 558 2669 id
579 2610 662 2684 quod
687 2610 837 2685 graviora
858 2609 1002 2684 pericula
1022 2609 1209 2669 minabatur
1232 2610 1345 2669 honori

64 2711 222 2773 Graeciae
237 2712 338 2772 -ita
360 2727 434 2773 cum
454 2712 525 2787 ipsa
544 2711 712 2772 Artemide
733 2711 980 2786 confundebant,
1002 2713 1039 2770 ut
1055 2709 1219 2771 Cretensis
1242 2711 1345 2772 Diana

63 2816 134 2874 iam
157 2813 322 2875 videretur
340 2806 371 2884 ¹).
391 2813 497 2874 Huius
517 2812 698 2887 Dictynnae
718 2812 817 2887 igitur
836 2811 979 2872 fabulam
1000 2811 1149 2873 consulto
1168 2813 1215 2872 ita
1233 2815 1345 2874 noster

99 3068 121 3136 ¹)
138 3072 259 3119 Ceterm
282 3071 342 3118 licet
361 3072 458 3119 diserte
480 3073 550 3119 dicat
572 3074 649 3133 poeta
674 3077 779 3127 „soliar
803 3072 828 3118 di
845 3087 880 3117 cei
899 3071 966 3118 ctat·
986 3071 1080 3134 uteru
1096 3083 1147 3117 non
1165 3073 1251 3118 tamen
1268 3071 1344 3117 nimis

63 3153 115 3199 hoc
139 3150 315 3198 testimonium
338 3151 507 3210 premendum
526 3153 580 3213 est,
603 3151 678 3210 qnasi
693 3164 783 3198 revera
800 3150 919 3197 omnibus
936 3150 1000 3197 locis
1017 3151 1099 3208 Perge
1117 3148 1295 3210 anteponenda
1312 3151 1345 3196 sit
1363 3195 1365 3199 ,

63 3233 89 3277 in
110 3229 183 3276 cultu
200 3229 304 3276 Dianae.
325 3229 364 3276 Ex
380 3230 500 3276 omnibus
518 3230 581 3277 loeis
599 3230 696 3277 Dianae
714 3230 781 3277 caris
799 3242 878 3276 unum
897 3229 1040 3289 quemlibet
1057 3229 1129 3287 eligit
1147 3232 1237 3290 poeta,
1255 3229 1344 3276 eadem

64 3311 123 3357 lere
148 3309 250 3356 dicendi
273 3309 371 3356 ratione
393 3323 468 3370 usus,
494 3322 545 3369 qua
568 3312 658 3370 postea
681 3309 809 3367 Vergilius
832 3309 894 3355 dicit
916 3308 1041 3355 Iunonem
1066 3309 1247 3367 Carthaginem
1274 3311 1346 3371 ,port

62 3387 149 3435 tabita
176 3387 278 3435 coluisse
303 3385 397 3435 Saeao”.
427 3390 571 3448 Taygetum
593 3392 681 3436 antem
704 3390 727 3436 ei
751 3402 782 3436 ex
805 3388 937 3435 montibus
965 3388 1047 3436 solum
1076 3389 1191 3435 nominat
1217 3391 1294 3448 poeta
1319 3388 1346 3434 id

63 3468 136 3516 malo
159 3467 192 3514 ad
214 3467 319 3514 Homeri
341 3469 491 3515 memoriam
511 3469 608 3516 referre
628 3464 656 3532 (ζ.
678 3469 726 3516 108
746 3468 757 3528 ἢ
776 3470 836 3515 κατὰ
856 3468 972 3528 'thipasae
988 3472 1140 3530 ucpautmor
1159 3465 1346 3531 r'i'Ept'ruarDor)

64 3560 145 3607 quam
163 3560 222 3594 cnm
241 3543 352 3593 Maaesio
372 3547 404 3593 de
422 3547 552 3595 Artemide
570 3548 661 3596 Cnidia
674 3547 873 3613 ’Υακινθοτρόφφ
891 3561 949 3594 cum
960 3547 1077 3607 Apolline
1089 3547 1216 3594 Laconico
1225 3547 1344 3593 coniunc-

64 3627 168 3674 tissima
187 3627 308 3685 cogitare.

98 3701 122 3767 ἵ)
140 3703 224 3751 Herae
243 3704 317 3751 XXV.
336 3718 361 3766 p.
380 3707 436 3753 toa,

97 3780 121 3844 ⁸)
138 3783 170 3830 Id
192 3785 310 3844 inprimis
332 3785 432 3845 placuit
454 3785 585 3846 Euripidi,
610 3799 695 3832 rerum
721 3786 883 3834 Cretensium
908 3799 1010 3846 semper
1033 3786 1108 3833 valde
1140 3784 1247 3832 curioso.
1268 3782 1344 3845 Hipp.

66 3865 132 3911 1128
152 3865 215 3919 „tar
233 3872 307 3911 κυνῶν
323 3866 449 3912 ὠκυπόδων
466 3866 525 3921 μέτα
542 3871 619 3928 θῆρας
635 3868 723 3928 lrarpar
740 3870 870 3913 Atracem
887 3868 947 3927 ἀμφὶ
966 3863 1076 3922 cracow.
1095 3866 1219 3913 Graecam
1237 3863 1345 3910 Dianam

64 3942 190 3989 mulieres
207 3943 362 3991 'l'roeneniae
379 3945 421 3991 hic
437 3945 586 4006 designant,
603 3949 631 3991 at
646 3946 805 4006 cognomine,
820 3946 889 4006 quod
904 3947 1062 4005 quantopere
1077 3944 1110 3991 ad
1119 3945 1241 3992 Cretense
1250 3955 1345 3988 numen

65 4023 172 4082 proprie
189 4023 311 4070 attineret
324 4024 420 4082 optime
435 4024 507 4084 ipsse
522 4026 652 4071 noverant.
669 4024 733 4071 Nam
752 4036 789 4070 rs.
808 4025 855 4071 145
873 4024 1032 4081 Phaedram,
1050 4025 1165 4082 reginam
1184 4022 1345 4081 Cretensem,

65 4102 296 4162 interrogaverant,
313 4116 375 4150 num
393 4104 459 4150 torte
477 4105 519 4150 ete
537 4107 674 4168 πολύθηρον
691 4106 822 4150 Δίκτυνναν
838 4103 1002 4163 neglegentia
1019 4101 1345 4162 sacrificandioffendisset,

67 4179 177 4228 eandem
195 4182 286 4241 procul
304 4182 384 4229 dubio
404 4182 479 4230 deam
498 4185 653 4243 spectantes,
671 4195 738 4243 quae
754 4182 787 4229 ab
805 4183 977 4242 Aristophane
991 4178 1064 4244 (dum
1083 4180 1213 4242 Euripidis
1231 4181 1345 4227 fabulam

68 4258 191 4307 Cutem
206 4258 283 4324 ludit)
301 4261 395 4307 dicitnr
412 4265 529 4308 Δίκτυννα
547 4270 600 4316 παῖς
618 4265 676 4308 καλά
695 4256 766 4324 (Rau.
787 4257 869 4325 1³60).

98 4340 138 4387 De
155 4341 214 4400 ipsa
233 4338 413 4387 Britomartide
431 4341 532 4388 abunde
548 4343 601 4400 egit
618 4341 733 4402 Bappius
751 4339 884 4402 (Roseheri
901 4341 962 4388 Lex.
978 4340 994 4387 ι’.
1005 4356 1025 4387 e.
1042 4339 1156 4397 Britan.)
1170 4340 1245 4386 Errat
1259 4341 1346 4385 eutem

67 4419 135 4467 idem
160 4420 199 4465 vir
219 4419 311 4466 doetus
329 4432 387 4466 oum
401 4420 427 4466 in
442 4424 529 4468 nostro
544 4421 640 4479 hymno
654 4421 724 4468 iuxta
740 4425 839 4468 ceterae
848 4420 974 4480 nymphas
983 4419 1051 4479 Upin
1060 4418 1200 4478 nympham
1210 4419 1346 4464 memorari

68 4513 83 4544 a
99 4498 258 4547 Callimacho
276 4498 352 4546 docet
368 4499 385 4545 1.
394 4499 412 4545 l.
427 4499 461 4546 11.
478 4501 541 4547 1093
556 4499 582 4561 (i.
593 4516 614 4547 c.
632 4499 772 4563 Kephalos),
792 4513 823 4547 ex
839 4500 954 4546 versibus
971 4501 1018 4546 20t
1036 4513 1084 4562 sqq.
1100 4498 1144 4557 qni
1160 4498 1347 4544 Britomartidis

70 4591 210 4637 cognomen
228 4578 382 4637 Dictynnam
401 4582 528 4640 spectant,
547 4580 640 4627 iniuria
664 4581 779 4627 efficiens
801 4580 868 4639 Dpin
889 4579 970 4625 videri
987 4581 1079 4638 poetae
1096 4590 1189 4624 nomen
1207 4578 1348 4637 nymphae,

71 4658 143 4705 simul
166 4661 270 4715 anum,
296 4657 365 4717 quod
382 4659 486 4717 gravius
503 4662 556 4719 est,
574 4662 681 4720 propter
697 4660 839 4719 Dictynnae
858 4658 971 4706 fabulam
991 4658 1101 4705 lectores
1120 4669 1224 4703 mouens
1243 4656 1347 4714 „<daaa
