3104 5286
668 475 728 546 131

52 664 183 751 ιλκαίρσσ
214 666 286 749 μετὰ
315 669 439 752 γέλωτος
469 673 609 750 prolata,
642 677 712 735 tam
742 675 947 749 philosophia
977 688 1076 748 quam
1104 667 1259 751 religione
1286 664 1331 737 in·

54 777 154 850 digna
186 775 244 834 vix
278 776 394 835 docent
427 790 490 848 quo
519 776 636 835 iudicio
669 790 689 835 a
719 775 850 836 Graecis
882 777 1051 850 acceptum
1082 777 1180 837 fuerit
1210 793 1332 838 numen

54 877 245 937 Alexandri.
270 877 456 951 Opportune
476 878 568 937 nobis
591 879 737 938 servavit
749 878 907 938 Arrianus
926 893 1009 952 quae
1027 878 1214 939 ferebantur
1233 867 1333 954 philo·

55 979 235 1054 sophorum
259 979 496 1053 disputationes
515 980 554 1039 de
578 981 784 1040 institutione
806 989 858 1057 τῆς
881 979 1110 1058 προσκυνήσεως
1130 980 1195 1051 (IV.
1220 982 1270 1040 10.
1292 983 1333 1050 b).

56 1081 146 1140 Inter
188 1095 270 1153 quos
314 1082 440 1155 primus
485 1082 584 1142 verba
626 1082 750 1141 iaciens
791 1083 1007 1143 Anaxarchus
1050 1084 1129 1142 nihil
1175 1085 1333 1144 interesse

56 1183 151 1242 docet
174 1183 260 1242 inter
285 1182 363 1241 deos
390 1182 604 1257 hominesque
631 1186 664 1243 et
691 1183 754 1243 sibi
780 1184 912 1256 quidem
942 1186 1050 1259 magis
1074 1185 1209 1259 dignum
1233 1186 1334 1245 videri

57 1283 283 1342 Alexandrum
312 1284 368 1355 qui
395 1284 480 1343 inter
504 1285 694 1345 Macedones
725 1284 835 1344 divino
858 1285 985 1346 fruatur
1009 1287 1130 1347 honore
1154 1303 1253 1360 quam
1278 1290 1334 1347 aut

56 1384 240 1459 Dionysum
274 1383 465 1445 Thebanum
499 1389 556 1446 aut
586 1386 761 1446 Herculem
792 1387 969 1461 Argivum;
1002 1390 1147 1447 ceterum
1179 1390 1334 1462 quoniam

57 1486 195 1545 dubium
230 1500 294 1545 non
328 1490 417 1547 esset
450 1488 528 1560 quin
563 1490 637 1561 post
670 1491 811 1547 mortem
842 1487 1027 1549 Alexandro
1059 1489 1136 1549 talis
1167 1490 1335 1550 obveniret

1 1668 2 1673 ρ
57 1587 181 1663 cultus,
220 1586 303 1672 πόσῳ
338 1587 376 1665 δὴ
414 1587 598 1665 δικαιότερον
629 1588 722 1658 ζῶντα
758 1588 904 1667 γεραίρειν
935 1586 1009 1667 ἤπερ
1041 1589 1267 1667 τελευτήσαντα,
1298 1589 1312 1650 ε’
1320 1615 1334 1662 ς

1 1677 3 1761 ᾗ
57 1684 170 1748 οὐδὲν
196 1685 324 1764 ὄφελος
347 1700 390 1773 τῷ
414 1686 630 1772 τιμωμένῳ”.
656 1689 760 1765 Quam
785 1691 998 1766 contemptim
1018 1692 1098 1752 haec
1118 1693 1205 1752 dicta
1224 1696 1336 1753 essent

57 1791 233 1851 adeorum
256 1792 385 1852 irrisore
405 1792 588 1864 quantaque
609 1790 712 1850 ironia
735 1806 775 1851 ne
799 1793 856 1850 vix
880 1792 1010 1865 quidem
1034 1794 1237 1870 abscondita,
1263 1809 1333 1854 con-

1 1939 2 1946 ,
57 1894 155 1952 vivae
184 1893 376 1967 plaudentes
405 1907 522 1966 parum
552 1893 778 1966 attenderunt;
802 1896 837 1953 at
867 1892 1084 1954 Callisthenes
1106 1907 1176 1955 rem
1200 1910 1334 1970 gravem

56 2009 96 2053 ac
120 1993 338 2069 periculosam
360 1993 445 2052 serio
469 2007 541 2053 esse
564 1994 771 2054 tractandam
794 1997 886 2054 ratus
910 1995 1055 2055 oratione
1083 1999 1116 2056 et
1139 1998 1336 2071 gravissima

57 2099 91 2156 et
111 2096 305 2170 dignissima
323 2094 495 2168 respondet
518 2096 728 2168 Anaxarcho;
753 2095 875 2155 frustra
898 2111 1036 2156 monens
1059 2099 1184 2157 certum
1207 2113 1336 2173 semper

58 2199 145 2258 inter
174 2197 345 2256 hominum
376 2196 512 2255 heroum
544 2196 678 2256 deorum
701 2197 840 2257 honores
863 2196 964 2256 fuisse
989 2198 1178 2272 discrimem
1203 2198 1335 2274 templis

1 2322 2 2369 3
58 2300 162 2373 enim,
196 2296 365 2358 sacrificiis
396 2297 536 2373 choreis,
568 2297 746 2372 paeonibus
777 2313 842 2358 non
873 2299 937 2358 nisi
967 2299 1044 2359 deos
1076 2315 1148 2359 esse
1169 2299 1334 2360 colendos:

1 2399 2 2419 ¹
62 2397 196 2474 ,οὔκουν
217 2398 295 2470 εἰκὸς
315 2391 412 2469 (εἶναι)
432 2398 589 2474 ξύμπαντα
609 2406 699 2456 ταῦτα
720 2395 979 2476 ἀναταράσσοντας
997 2398 1067 2470 τοὺς
1086 2396 1140 2475 μὲν
1152 2397 1335 2478 ἀνθρώπους

59 2500 88 2572 ἐς
120 2507 218 2579 σχῆμα
245 2497 412 2579 ὑπέρογκον
438 2497 619 2558 καθιστάναι
645 2506 704 2558 τῶν
726 2508 818 2575 τιμῶν
848 2504 911 2571 ταῖς
934 2497 1127 2578 ὑπερβολαῖς,
1149 2499 1219 2572 τοὺς
1242 2502 1336 2574 θεοὺς

2 2647 3 2650 ,
59 2599 92 2662 δὲ
122 2601 155 2662 τό
182 2623 215 2681 γε
248 2599 295 2661 ἔπλ
325 2601 428 2678 σφίσιν
459 2597 488 2671 ἐς
518 2598 712 2677 ταπεινότητα
735 2598 772 2659 οὐ
796 2597 970 2679 πρέπουσαν
993 2600 1202 2679 καταβάλλειν,
1220 2600 1256 2661 τά
1285 2602 1336 2662 ἴσα

4 2711 6 2768 ζ
59 2703 236 2782 ἀνθρώποις
258 2713 416 2779 τιμῶντας,
438 2704 516 2777 quia
538 2718 577 2762 ac
599 2701 765 2763 Herculem
789 2704 914 2776 quidem
932 2704 1013 2761 inter
1031 2703 1101 2763 deos
1120 2703 1254 2763 relatum
1273 2706 1336 2765 aiei

58 2806 179 2866 iubente
202 2807 268 2881 ipso
290 2806 399 2881 Pythio
422 2804 594 2880 Apollinc.’'
620 2804 683 2874 (IV.
711 2807 761 2865 11.
787 2807 828 2874 4).

104 2908 194 2968 Haec
218 2908 293 2967 vivo
317 2906 512 2968 Alexandro.
538 2905 625 2981 Quae
649 2905 719 2965 ideo
743 2920 877 2965 necesse
900 2907 970 2964 erat
993 2904 1101 2980 attigi,
1129 2907 1167 2965 ut
1190 2908 1335 2967 ostende·

5 3088 6 3091 ρ
59 3026 129 3070 rem
154 3024 253 3083 quam
273 3009 368 3084 longe
388 3009 488 3069 etiam
508 3009 580 3067 tum
600 3006 714 3067 Graeci
733 3007 879 3067 nonnulli
896 3006 1050 3066 abessent
1062 3006 1102 3065 ab
1115 3006 1170 3066 illo
1183 3008 1336 3069 adulandi

59 3127 151 3172 more
171 3111 227 3184 qui
244 3127 323 3171 mox
341 3113 472 3171 tantum
491 3109 602 3169 valuit.
624 3108 708 3168 Nam
727 3111 802 3182 post
821 3108 908 3183 regis
923 3110 1065 3168 mortem
1077 3124 1176 3181 quam
1189 3110 1337 3171 celeriter

58 3214 134 3274 divo
158 3213 345 3273 Alexandro
369 3211 572 3272 instituerint
595 3209 720 3269 cultum
744 3210 903 3284 plurimae
927 3209 1055 3284 imperii
1079 3210 1150 3269 eius
1170 3212 1336 3289 civitates,

59 3318 140 3389 quot
175 3315 290 3374 deinde
329 3315 433 3374 secuti
472 3315 540 3373 sint
581 3313 720 3372 honores
760 3313 1005 3387 diadochorum,
1050 3327 1148 3385 quam
1184 3317 1339 3374 constans

60 3417 213 3493 inprimis
236 3417 269 3475 in
293 3418 441 3492 Aegypto
465 3431 544 3475 mox
567 3415 666 3474 inerit
689 3414 816 3488 Regum
841 3414 949 3474 cultus
973 3429 1047 3473 cum
1072 3414 1138 3473 divi
1162 3415 1340 3476 Alexandri

6 3563 7 3566 τ
60 3520 183 3580 honore
207 3518 398 3578 coniunctus
421 3520 454 3577 et
476 3517 547 3591 lege
572 3516 755 3591 ordinatus,
781 3531 834 3575 res
858 3516 909 3575 est
932 3515 1107 3574 notissima
1122 3508 1153 3585 ¹).
1179 3516 1250 3575 Iam
1270 3518 1339 3592 ipse

62 3621 141 3694 Lagi
160 3618 261 3694 filius,
283 3635 348 3679 non
367 3618 475 3679 solum
494 3618 534 3677 ab
547 3617 731 3692 Aegyptiis,
753 3618 924 3689 tamquam
937 3615 1146 3676 Pharaonum
1159 3632 1338 3693 successor,

61 3722 118 3781 sed
150 3737 171 3781 a
201 3720 333 3780 Graecis
365 3735 491 3793 quoque
522 3719 650 3778 divinos
676 3717 791 3777 titulos
814 3719 927 3791 gratus
951 3718 1084 3792 accepit.
1109 3718 1252 3778 Rhodios
1275 3734 1339 3778 non

64 3822 203 3897 reppulit
224 3837 299 3881 cum
319 3820 482 3887 Ammone
501 3819 664 3879 adnuente
683 3819 810 3878 divinos
830 3818 969 3878 honores
990 3818 1020 3877 ei
1036 3819 1285 3879 constituissent
1298 3813 1338 3893 ²);

65 3924 97 3983 in
126 3923 206 3983 urbe
237 3922 438 3982 Ptolemaide
469 3920 594 3980 cultum
617 3919 868 3992 sacerdotesque
891 3926 944 3977 τοῦ
967 3920 1109 3995 Σωτῆρος
1132 3920 1261 3980 institui
1283 3923 1341 3980 aut

66 4026 160 4087 iussit
195 4027 253 4084 aut
291 4026 378 4084 certe
411 4037 476 4083 non
507 4021 629 4094 vetuit;
665 4023 699 4081 et
733 4036 809 4081 cum
840 4021 972 4079 ineunte
1006 4020 1208 4096 Philadelphi
1242 4039 1341 4097 regno

98 4256 117 4324 ¹)
135 4257 335 4307 Aoouratiaeime
352 4256 385 4303 de
402 4255 451 4301 hae
468 4267 496 4301 re
514 4253 568 4312 egit
586 4253 704 4300 Benrlier
720 4250 750 4300 de
765 4251 857 4299 άλνίνιίτ
870 4250 998 4299 acorion
1010 4266 1068 4315 quor
1081 4256 1223 4314 aecepmnt
1236 4254 1342 4302 Alexan·

69 4335 107 4385 der
122 4341 147 4385 et
163 4350 309 4385 successores
324 4335 376 4382 ciue
394 4333 484 4396 (Paria.
503 4329 588 4395 1890).
603 4332 810 4380 Ptolemaeorum
823 4331 920 4378 cultum
936 4331 1017 4378 multo
1033 4332 1115 4391 magus
1131 4344 1190 4378 enm
1199 4333 1343 4381 Alexandro

70 4419 231 4466 coniunctam
249 4429 306 4463 esse
324 4427 402 4474 quam
419 4426 478 4460 oum
496 4411 686 4472 Pulmonibus,
700 4411 866 4470 Graecaeque
882 4411 968 4470 potine
983 4424 1061 4470 quam
1070 4412 1243 4471 Aegyptiacae
1252 4414 1344 4472 origini

14 4512 15 4515 ’
70 4496 266 4546 εᾱεοτίλνοαᾶιιω
292 4508 362 4550 esee,
387 4493 572 4540 demonstravit
598 4491 707 4552 Kaerat,
731 4489 770 4537 die
793 4489 956 4553 Bepnlnduap
974 4491 1015 4539 dea
1032 4489 1181 4538 Alexander·
1198 4491 1250 4539 aad
1264 4491 1346 4539 Ptole-

69 4576 226 4624 naeerhltee
242 4577 269 4623 in
288 4573 411 4636 Aeyyptea
428 4567 525 4635 (Eleia.
545 4570 610 4618 Mur.
629 4571 702 4618 189⁷.
720 4584 745 4630 p.
762 4567 813 4635 la).

10 4674 11 4678 ¹
100 4651 121 4716 ’λ
138 4657 213 4705 Diod
230 4655 283 4703 XX.
303 4655 359 4702 100.
