3090 5294
838 461 881 522 20
1316 464 1341 524 Ι.
1365 464 1496 524 39-40

272 653 435 729 Quantum
466 650 617 723 πουλὺς
647 652 757 711 nostro
780 650 946 727 placuerit,
968 652 1045 713 licet
1066 667 1171 726 neque
1194 650 1304 712 πολλὸν
1326 654 1495 728 spreverit,

226 770 290 815 non
313 757 365 816 est
388 755 470 829 quod
491 753 603 814 multis
625 752 740 828 dicam,
759 767 863 826 neque
883 753 1061 815 diiudicabo
1081 755 1193 815 utrum
1211 755 1281 815 iure
1302 769 1404 815 necne
1426 769 1496 828 gra·

226 856 310 916 viter
332 857 532 931 castigentur
558 854 769 916 Alexandrini
793 855 847 927 qui
867 854 947 915 talia
966 856 1139 930 probarint.
1171 855 1217 915 Ut
1236 851 1351 932 ούνομα
1376 856 1428 925 (II.
1456 856 1497 915 70

229 956 344 1036 ,colvm
376 955 409 1018 δέ
437 980 483 1019 τοι
510 954 625 1035 ούνομα
655 956 796 1032 πουλύ”),
830 952 991 1033 Ούλυμτιος
1015 956 1068 1017 IV.
1094 956 1153 1032 20;
1178 953 1268 1035 σύρεα
1289 957 1347 1017 ΠΙ.
1375 957 1425 1031 18,
1450 957 1497 1016 ita

226 1058 340 1132 πουλὺς
359 1061 471 1121 scribit
489 1060 743 1134 quotiescunque
763 1059 906 1118 metrum
927 1059 1021 1133 cogit.
1051 1059 1139 1134 Quod
1160 1059 1200 1119 ad
1217 1073 1366 1119 normam
1386 1058 1495 1119 home·

226 1163 328 1224 ricem
359 1163 464 1224 iacere
494 1164 528 1222 et
558 1162 628 1236 ipse
664 1160 725 1220 sibi
759 1159 937 1236 videbatur,
969 1162 1003 1221 et
1036 1160 1233 1236 Aristarcho,
1269 1160 1319 1220 oui
1354 1160 1495 1220 formam

224 1263 340 1324 πουλὺν
366 1265 399 1325 in
422 1263 594 1324 homericis
618 1277 682 1322 non
709 1263 896 1336 suspectam
918 1261 1019 1321 fuisse
1043 1261 1126 1336 diple
1150 1262 1191 1322 ad
1214 1263 1251 1322 Κ.
1277 1263 1317 1322 27
1341 1261 1494 1322 declarat.

224 1366 511 1428 verumenimvero
550 1361 666 1439 ,uouit
700 1358 966 1440 συμφέρεται”
994 1378 1097 1436 neque
1121 1378 1196 1424 cum
1224 1364 1312 1438 epiao
1344 1379 1494 1424 sermone

222 1485 326 1543 neque
354 1484 429 1528 cum
452 1467 588 1526 aliorum
613 1466 780 1540 poetarum
804 1464 928 1525 dicendi
950 1464 1075 1526 ratione
1098 1466 1258 1542 convenit,
1282 1468 1315 1526 et
1337 1465 1495 1526 audacius

222 1572 262 1632 ad
283 1571 479 1631 imitandum
499 1570 615 1629 notum
638 1566 718 1628 illud
743 1563 855 1642 ,πολὺς
874 1564 957 1646 μεῖν’
978 1567 1102 1627 dictum
1125 1571 1177 1628 est
1196 1569 1266 1629 sive
1285 1583 1412 1629 memor
1431 1569 1495 1629 fuit

222 1675 331 1734 noster
351 1687 466 1732 versus
485 1668 648 1742 aeschylei
668 1665 760 1742 (Sept.
775 1667 828 1737 80)
851 1665 918 1747 ,bei
932 1666 1026 1740 πολὺς
1046 1667 1096 1729 ὅδε
1114 1668 1218 1747 λεώς”,
1240 1671 1310 1731 sive
1329 1670 1491 1745 Euripidis

221 1773 432 1849 Hippolytum
453 1772 613 1847 spectavit
632 1774 692 1839 (VS.
706 1771 781 1840 543)
804 1770 941 1848 ,Korseia
960 1767 1015 1849 γὰρ
1036 1768 1072 1831 ού
1093 1769 1222 1849 φορητὸς
1241 1767 1280 1849 ἢν
1298 1769 1391 1849 πολλὴ
1411 1770 1492 1855 deff

220 1875 270 1945 (cf.
295 1890 393 1950 supra
416 1890 465 1935 vs.
489 1874 529 1934 18
550 1869 664 1931 Λάδων
684 1864 742 1930 ἀλλ’
766 1867 850 1930 ούτεω
869 1867 960 1951 μέγας
979 1868 1097 1950 ἔρρεεν).
1120 1872 1208 1948 Quod
1223 1874 1378 1948 sequitur,
1402 1889 1493 1950 συμ-

220 1972 384 2055 φέρεται
418 1976 454 2034 Ν
458 1981 551 2053 ηρῆι
585 1973 687 2044 (cuius
722 1988 838 2034 versus
864 1989 991 2035 memor
1021 1974 1121 2034 fuisse
1149 1974 1276 2035 videtur
1302 1975 1492 2050 Apollonius

218 2078 362 2139 Rhodius
382 2093 456 2138 cum
484 2075 537 2137 IV.
565 2075 628 2136 134
651 2074 806 2134 scriberet
831 2072 1039 2151 ,,<Λυκὺς>
1069 2073 1178 2135 Φάσιδι
1208 2072 1387 2155 συμφέρεται
1409 2075 1491 2155 ἱερὸν

219 2177 323 2259 ρόον”)
358 2180 429 2240 ideo
460 2178 594 2252 dignum
626 2178 677 2237 est
703 2179 926 2240 observatione
949 2180 1033 2252 quod
1056 2193 1181 2240 morem
1204 2180 1237 2240 in
1261 2180 1334 2240 aliis
1356 2180 1491 2240 deorum

219 2281 406 2341 nominibus
442 2279 559 2356 (Ἀίδης,
572 2273 750 2353 Ἥφαιστος)
773 2279 932 2339 usitatum
956 2282 1098 2356 secutus,
1122 2296 1241 2342 nomen
1263 2279 1384 2359 Νηρεὺς
1417 2285 1491 2354 (quo

218 2382 350 2443 nomine
372 2377 475 2461 -γέραν
498 2381 551 2440 ilie
575 2377 657 2450 ύλιος
679 2396 782 2454 neque
805 2382 840 2440 in
862 2381 961 2443 Iliade
985 2382 1103 2443 diserte
1128 2384 1307 2458 appellatur
1329 2399 1433 2457 neque
1458 2385 1491 2444 in

217 2484 373 2560 Odyssea,
393 2499 468 2545 eum
488 2482 590 2544 semel
610 2481 643 2542 in
663 2483 784 2557 hymno
804 2484 844 2544 ad
864 2484 968 2559 Apoll.
992 2486 1052 2544 141
1073 2484 1185 2546 Thetis
1204 2486 1329 2564 Νηρῆος
1349 2483 1488 2565 θυγάτηρ

217 2586 317 2656 audit)
351 2586 390 2646 ad
429 2586 537 2660 ipsum
575 2600 664 2647 mare
702 2585 909 2647 indicandum
940 2588 1085 2662 usurpat,
1117 2588 1200 2660 quod
1235 2588 1400 2662 Lycophro
1436 2603 1487 2648 vs.

219 2689 281 2747 164
306 2688 433 2748 dixerat
459 2683 603 2765 ,Νηρέως
628 2684 770 2763 δόμους”.

259 2788 380 2849 Verum
411 2788 440 2848 si
470 2788 503 2848 iu
534 2788 614 2863 ipsis
641 2788 749 2848 verbis
778 2788 888 2848 minus
918 2788 970 2848 hic
1002 2789 1132 2861 quidem
1164 2788 1196 2849 id
1229 2788 1294 2862 egit
1316 2789 1422 2864 poete,
1448 2792 1486 2850 ut

214 2889 347 2949 Homeri
378 2889 566 2964 exemplum
596 2889 822 2950 acuratissime
851 2891 1040 2963 sequeretur
1063 2891 1260 2951 nontamen
1284 2890 1484 2951 homericam

213 2990 512 3065 interpretationem
546 3006 677 3066 prorsus
710 2991 862 3065 neglexit.
899 2990 979 3066 Quid
1014 2992 1102 3052 enim
1137 2993 1298 3053 attinebat
1332 2994 1367 3052 in
1398 2995 1486 3055 Iovis

213 3092 374 3152 nataliciis
404 3106 553 3153 enarrare
576 3107 731 3166 quorsum
750 3093 839 3153 Neda
856 3093 977 3153 flumen
998 3108 1129 3153 cursum
1152 3095 1317 3155 verteret?
1345 3094 1486 3157 Edocere

212 3194 341 3254 volebat
371 3194 481 3269 opinor
511 3194 624 3254 doctus
654 3196 759 3271 poeta,
795 3195 958 3256 Gaucones
989 3196 1044 3256 ubi
1078 3196 1271 3271 habitarent,
1303 3196 1484 3271 dequibus

214 3296 376 3356 Homerus
399 3320 424 3376 γ.
449 3299 513 3357 366

544 3393 616 3476 ἀτὰρ
639 3393 742 3475 ἠῶθεν
764 3395 836 3475 μετὰ
860 3396 1029 3471 Καύκωνας
1052 3399 1246 3479 μεγαθύμους

500 3489 551 3575 εἶμ’
577 3496 654 3557 ἔνθα
678 3497 772 3577 χρεῖός
795 3519 845 3576 μοι
868 3494 1024 3575 ὀφείλεται.

255 3599 392 3660 Servant
423 3599 544 3659 scholia
574 3601 614 3661 ad
641 3602 727 3661 hunc
754 3601 860 3661 locum
889 3602 1077 3662 eruditionis
1105 3601 1342 3663 Alexandrinae
1373 3618 1484 3664 exem·

209 3701 317 3776 plum:
347 3702 417 3760 Νῦν
447 3708 505 3760 τῶν
537 3698 568 3760 έν
599 3701 735 3785 Ἀρκαδίᾳ
760 3699 903 3780 μέμνηται
915 3748 1041 3762 .......
1066 3702 1190 3775 Μεταξὺ
1220 3710 1271 3780 τῆς
1290 3697 1409 3776 Ἠλείας
1432 3702 1482 3764 καλ

211 3803 316 3865 Πύλου
348 3803 379 3864 οί
407 3803 569 3876 Καύκωνες
591 3804 724 3866 οἰκοῦσιν
756 3803 788 3865 έν
811 3814 846 3888 τῇ
880 3804 1026 3888 Τριφυλία
1057 3801 1129 3865 ἀπὸ
1158 3804 1375 3878 Καύκωνος
1411 3816 1480 3868 τοῦ

208 3904 392 3984 Ἀρκάδος
420 3901 632 3984 ὠνομασμένοι·
656 3904 711 3967 είσλ
731 3902 764 3966 δέ
786 3903 836 3965 καλ
859 3903 941 3966 tillet
965 3904 997 3966 έν
1023 3907 1223 3990 Παφλαγονίᾳ
1246 3906 1277 3967 οί
1296 3913 1357 3980 τοῖς
1383 3908 1482 3988 Τρωσί

208 4006 377 4086 συμμαχίαν
409 4005 587 4086 πέμψαντες·
623 4006 702 4085 ,Kal
733 4005 857 4088 Λέλεγες
888 4005 938 4068 καλ
968 4008 1151 4079 Καύκωνες”
1183 4011 1230 4079 (K.
1259 4009 1346 4086 429).
1379 4012 1480 4074 Accu·

208 4112 311 4170 ratius
342 4113 453 4171 autem
486 4111 524 4171 de
549 4110 748 4171 Cauconibus
775 4110 919 4170 Oaucone
942 4111 1062 4185 Lepreo
1085 4110 1154 4184 ipse
1179 4110 1395 4172 Callimachus
1419 4115 1481 4175 dis·

207 4213 309 4272 seruit
333 4209 364 4271 ἐν
387 4216 447 4283 τοῖς
471 4211 625 4291 ἱστορικοῖς
649 4209 861 4289 ὑπομνήμασιν
882 4226 964 4284 quae
984 4212 1127 4286 exerpsit
1146 4212 1337 4274 Zenodotus.
1370 4214 1480 4277 Testis

205 4316 256 4373 est
287 4315 475 4375 Athenaeus
505 4314 548 4374 Χ,
566 4314 630 4373 412
654 4315 700 4374 A:
734 4312 900 4390 Ζηνόδοτος
928 4307 955 4371 δ’
983 4310 1015 4372 έν
1044 4310 1168 4399 δευτέρῳ
1192 4308 1360 4392 Ἐπιτομῶν
1392 4317 1481 4378 Καύ-

203 4413 298 4485 κωνός
328 4431 403 4492 φησι
433 4421 486 4473 τοῦ
517 4413 708 4485 Ποσειδῶνος
738 4411 788 4473 καλ
819 4413 1027 4491 Ἀστυδαμείας
1058 4422 1110 4492 τῆς
1140 4414 1313 4495 Φόρβαντος
1335 4413 1480 4496 γενέσθαι

201 4514 253 4575 τὸν
284 4513 414 4595 Λεπρέα,
443 4511 478 4574 tv
510 4513 561 4575 τὸν
586 4509 734 4594 Ἡρακλέα
761 4521 895 4576 κελεύσαι
923 4515 1051 4593 δεθῆναι
1075 4514 1121 4576 ὅτε
1143 4514 1265 4597 Αὐγέαν
1288 4515 1340 4576 τὸν
1363 4520 1479 4596 μισθὸν

201 4613 304 4704 ἀπῄτει
342 4641 369 4678 τι.
381 4641 404 4677 τ.
416 4621 441 4677 λ.
474 4618 523 4690 (de
562 4618 715 4679 Zenodoti
746 4618 992 4695 hypomnemasi
1020 4618 1059 4679 ci.
1100 4618 1264 4679 Susamihl
1295 4618 1376 4682 Hiet.
1413 4622 1475 4686 Ltt.
