3090 5294
853 452 895 512 36
1416 454 1444 514 Ι.
1471 455 1508 515 72

236 637 334 712 tylioo
365 638 473 698 versui
503 636 588 697 haud
618 637 692 711 apto
723 637 932 711 correptionis
961 637 1092 700 licentra
1121 640 1277 713 uteretur,
1303 653 1366 712 qua
1396 640 1506 702 etalii

236 740 363 801 fueraut
386 740 437 800 usi
463 739 563 800 veluti
586 739 767 814 Sophocles.
792 739 838 800 (11.
864 739 1045 813 Hesychius
1069 741 1090 800 1.
1113 756 1159 800 u:
1191 736 1346 819 ,iunceis
1371 739 1506 820 ἔμπειρος

234 845 394 919 Σοφοκλῆς
414 835 553 900 Ὀδυσσεῖ
571 837 844 924 μαινομένῳ-’211
875 842 938 900 412
963 841 999 901 Ι).
1128 838 1134 850 ’

279 944 367 1020 Quod
391 944 513 1004 dictum
537 944 588 1002 est
611 943 650 1003 de
674 943 806 1003 vocibus
837 940 975 1020 αἰζηὸς
998 944 1031 1002 et
1056 939 1302 1014 σακέσπαλος
1327 945 1422 1016 (quod
1446 945 1502 1005 Ho-

233 1061 344 1106 merus
367 1045 469 1106 semel
494 1044 639 1105 adhibuit
663 1045 700 1104 Ε.
728 1045 789 1104 125
815 1040 997 1114 σακέσπαλος
1017 1042 1126 1102 λπποτα
1150 1041 1275 1121 Τυδεύς)
1295 1060 1397 1118 aeque
1419 1046 1503 1107 valet

233 1147 271 1207 de
294 1148 512 1220 sequentibus.
537 1146 577 1205 Vi
600 1146 808 1219 substantivi,
833 1146 955 1205 omissa
980 1160 1056 1205 voce
1079 1143 1151 1216 θεὸς
1174 1145 1277 1205 semel
1300 1148 1432 1207 tautum
1454 1149 1500 1208 ad·

231 1247 386 1308 iectivum
421 1246 549 1325 μάκαρ
584 1247 623 1307 ab
658 1247 800 1307 Homero
835 1247 1015 1306 adhibitum
1056 1247 1251 1322 invenimus,
1283 1247 1339 1307 Od.
1378 1271 1405 1308 κ.
1439 1250 1498 1310 299

234 1347 393 1425 ςμακάραν
428 1345 520 1427 μέγαν
552 1346 674 1426 ὅρκον”,
711 1364 769 1407 σεο
800 1351 909 1408 tamen
939 1349 986 1408 ita
1014 1348 1106 1422 plane
1135 1363 1191 1421 pro
1218 1349 1423 1409 substantivo
1452 1351 1500 1409 hic

147 1464 150 1469 ⁴
230 1450 367 1524 accipias
410 1453 447 1509 ut
488 1450 685 1510 adiectivum
725 1450 807 1509 adici
846 1464 941 1523 posse
981 1452 1085 1522 putes.
1129 1449 1246 1509 Noster
1285 1466 1360 1510 vero
1395 1451 1499 1511 addito

229 1551 386 1612 adiectivo
410 1547 473 1610 111
479 1551 591 1622 ζοσια
613 1565 745 1624 prorsus
768 1551 853 1611 idem
879 1551 985 1609 valere
1011 1550 1113 1609 voluit
1136 1548 1233 1626 μάκαρ
1257 1553 1354 1624 atque
1378 1551 1451 1623 θεάς
1470 1546 1497 1622 ¹).

228 1654 277 1713 Ad
301 1667 518 1726 quem-usum
539 1653 702 1712 duxerunt
722 1667 797 1711 eum
822 1667 896 1712 cum
918 1653 1112 1725 hymnorum
1135 1651 1372 1712 homericorum
1395 1654 1497 1714 etalii

228 1754 299 1828 loci,
321 1760 354 1813 et
372 1753 563 1828 praesertim
584 1754 695 1826 hymn.
718 1753 752 1811 in
771 1753 841 1813 Ven.
858 1755 931 1827 195,
952 1754 1023 1812 tum
1046 1753 1174 1812 Pindari
1195 1754 1229 1813 et
1243 1754 1427 1815 Atticorum
1441 1759 1496 1815 tra·

226 1856 385 1930 picorum,
406 1858 442 1914 ut
461 1869 557 1928 saepe
577 1853 700 1915 factum
722 1855 782 1928 est,
807 1854 966 1928 exempla.
987 1854 1072 1914 Nihil
1096 1855 1182 1914 enim
1207 1870 1281 1914 cum
1294 1856 1383 1916 hisce
1407 1855 1495 1932 paud-

226 1972 325 2034 ρεσσιν
356 1951 482 2027 ὀλλζοσιν
514 1957 621 2030 aptius
654 1957 856 2030 componitur
887 1971 984 2029 quam
1017 1957 1225 2029 aeschyleum
1261 1956 1339 2017 illud
1371 1957 1495 2035 μάκαρες
1538 2029 1539 2032 ¹

225 2056 344 2135 χθόνιοι
367 2057 504 2133 (Choma.
533 2060 607 2127 476)
629 2058 680 2118 vel
700 2058 859 2132 Euripidis
879 2057 1020 2134 μάκαρων
1040 2055 1189 2133 οὐρανίων
1207 2057 1308 2127 (Hert.
1326 2059 1394 2133 fur.
1414 2061 1493 2128 758).

229 2161 429 2232 Argumento
463 2163 574 2221 autem
607 2176 720 2220 versus
752 2163 862 2220 noster
886 2176 958 2220 esse
981 2162 1098 2235 potest,
1122 2161 1187 2220 iam
1213 2162 1384 2233 agnovisse
1410 2162 1493 2222 Calli·
1538 2159 1539 2163 ’

230 2262 383 2321 maehum
406 2265 444 2323 Σ.
470 2265 534 2324 519
566 2263 737 2338 legendum
770 2278 842 2323 esse
870 2259 954 2338 ,,λαο1
985 2257 1013 2321 δ’
1050 2256 1097 2320 ὑπ’
1131 2257 1258 2333 ὀλλζονες
1282 2253 1380 2338 ἦσαα”
1406 2263 1493 2337 (quod

229 2359 306 2434 άπαξ
342 2361 499 2442 λεγόμενον
530 2366 590 2433 est)
615 2379 718 2437 neque
750 2364 865 2424 fecisse
896 2379 971 2424 cum
994 2364 1036 2423 iis
1060 2363 1114 2436 qui
1137 2364 1249 2423 eontra
1272 2378 1423 2423 normam
1447 2366 1484 2424 ho

227 2465 339 2525 merici
362 2466 522 2525 sermonis
546 2465 694 2538 legerunt
719 2463 899 2541 ὑπολίζονες,
929 2466 1106 2525 autetiam
1136 2465 1400 2538 'comparativum
1425 2481 1491 2525 esse

226 2581 289 2625 non
324 2567 489 2640 viderunt;
526 2569 564 2627 de
598 2582 662 2641 qua
695 2582 729 2627 re
765 2582 844 2627 num
878 2566 962 2627 idem
999 2567 1189 2627 iudicaverit
1220 2568 1430 2628 Aristarchus
1456 2583 1490 2627 ex
1536 2576 1537 2579 ’

225 2669 398 2728 Aristonici
421 2669 627 2729 adnotatione
651 2684 713 2729 non
738 2670 820 2728 satis
838 2669 949 2741 liquet.

268 2769 313 2829 De
333 2771 543 2843 sequentibus
566 2766 658 2844 ,0⁹er
677 2767 712 2827 τὰ
732 2765 786 2844 μὲν
809 2767 988 2845 μακάρεσσιν
1012 2764 1139 2839 ὀλίζοσιν
1163 2759 1238 2828 αὖθι
1261 2776 1399 2846 παρῆκας
1422 2768 1489 2829 ἄλλο
1537 2810 1538 2813 =

224 2867 320 2944 μέλειν
339 2868 480 2947 ἕτέροισι”
501 2870 595 2930 aliter
611 2871 818 2931 iudicandum
836 2871 915 2930 mihi
936 2871 1064 2930 videtur
1083 2885 1180 2943 quarn
1202 2871 1357 2931 iudicavit
1372 2874 1413 2934 de
1425 2876 1488 2934 ian.

223 2973 277 3044 qui
300 2988 329 3046 p.
354 2974 485 3032 saa-54
516 2973 717 3045 argumentis
748 2974 893 3032 evincere
924 2974 1058 3032 conatur
1081 2973 1140 3032 hoc
1164 2972 1231 3032 loco
1256 2971 1489 3035 Callimachum

158 3072 159 3076 ’
222 3074 319 3132 simul
344 3075 465 3134 imitari
488 3074 622 3134 Homeri
644 3089 759 3133 versus
784 3075 816 3131 N
835 3076 897 3133 730
922 3089 990 3147 sqq.

488 3171 565 3258 άλλιμ
588 3170 641 3250 μὲν
664 3172 720 3253 γὰρ
742 3172 832 3233 ἔδωκε
854 3172 926 3246 θεὸς
950 3172 1095 3252 πολεμήια
1118 3171 1198 3254 ἔργα,

487 3272 563 3360 dltp
588 3270 619 3334 δ’
646 3272 801 3353 ὀρχηστὺν,
824 3272 909 3360 ἑτέρῳ
932 3275 1054 3354 κίθαριν
1078 3273 1127 3334 καὶ
1151 3273 1268 3352 ἀοιδὴν,

486 3374 562 3460 ἄλλῳ
587 3372 618 3436 δ’
645 3375 677 3436 ἕν
701 3377 841 3454 στήθεσσι
863 3381 946 3436 τιθεῖ
965 3376 1037 3437 νόον
1059 3375 1192 3454 εὐρύοπα
1217 3376 1292 3449 Ζεὺς

486 3476 604 3554 ἐσθλὸν,
626 3487 678 3538 τοῦ
705 3476 737 3537 δέ
760 3500 788 3538 τε
812 3476 914 3538 πολλοὶ
939 3473 1138 3556 ἐπαυρίσκοντ’
1166 3475 1332 3557 ἅνθρωποι·

221 3580 318 3638 simul
332 3595 514 3653 oppugnare
522 3582 618 3655 prisci
627 3584 740 3655 poetae
753 3582 959 3641 sententiam.
973 3582 1098 3641 Addam
1109 3582 1178 3655 ipsa
1189 3582 1271 3641 Iunii
1281 3583 1396 3644 verba:
1410 3584 1488 3658 ,hia-

220 3681 337 3741 niiesto
362 3684 411 3742 hic
433 3684 551 3743 recedit
571 3685 666 3757 poeta
690 3683 802 3742 doctus
823 3683 862 3742 ab
884 3683 1041 3756 Homero;
1064 3682 1280 3743 Callimachus
1292 3684 1380 3742 enim
1395 3684 1488 3745 dicit:

219 3783 360 3857 luppiter
383 3800 444 3844 non
468 3788 560 3844 curat
583 3787 701 3844 nautas
733 3785 783 3843 vel
811 3784 933 3844 milites
954 3784 1005 3844 vel
1029 3784 1151 3860 poetas,
1173 3785 1229 3844 sed
1249 3786 1307 3844 hos
1328 3788 1490 3847 concessit

220 3885 396 3944 minoribus
419 3886 478 3960 dis,
501 3887 570 3960 ipse
593 3886 680 3946 solos
704 3901 796 3960 reges
819 3885 879 3945 sibi
904 3885 1038 3959 delegit3
1065 3889 1176 3946 contra
1196 3886 1376 3947 Homerus:
1399 3889 1489 3964 deus,
1543 3968 1544 3971 Ἴ

217 3987 237 4045 i.
275 4002 302 4046 e.
339 3988 491 4047 nimirum
528 3989 670 4061 iuppiter
705 3989 741 4058 (i)
774 3988 859 4048 hunc
894 3988 970 4047 fecit
1003 3988 1154 4063 militem,
1177 3988 1271 4049 illum
1295 3978 1489 4051 saltatorem
1541 3990 1542 3996 ’

217 4087 310 4146 illum
342 4091 481 4164 poetam,
517 4089 610 4149 illum
642 4090 849 4150 consiliorum
877 4091 1075 4150 auctorem.”
1101 4090 1210 4151 Multis
1234 4090 1384 4163 equidem
1409 4094 1490 4155 haec
1541 4079 1542 4082 ¹

217 4204 279 4248 non
314 4189 469 4266 refellam,
504 4206 581 4250 nam
618 4194 653 4251 ut
684 4192 816 4251 mittam
848 4196 964 4267 cetera,
992 4193 1109 4265 pendet
1134 4193 1192 4252 viri
1216 4192 1299 4252 docti
1324 4196 1490 4256 sententia

216 4306 256 4349 ex
270 4291 385 4351 iudicio
398 4292 480 4364 quod
493 4292 659 4352 ferendum
670 4296 765 4366 putes
777 4295 816 4354 de
828 4309 924 4353 versu
939 4295 1012 4354 731.
1034 4294 1152 4370 Quodsi
1164 4295 1331 4355 latendum
1345 4296 1409 4356 erit
1421 4314 1488 4358 ver·

128 4462 130 4464 ,
214 4407 289 4450 sum
312 4392 404 4452 illum
428 4394 758 4469 importunissimum,
783 4396 837 4467 qui
858 4396 1013 4468 pervertit
1033 4397 1240 4470 sententiam,
1261 4397 1369 4457 deberi
1387 4398 1487 4460 Zeno·

247 4624 266 4687 ¹)
284 4628 321 4674 Cf.
341 4629 386 4674 ΙΙΙ.
400 4629 431 4674 65
449 4633 560 4692 μακάρων
577 4634 692 4695 θύγατρες
711 4635 737 4678 ut
753 4632 788 4678 II.
808 4633 847 4678 25.
