3104 5296
79 461 134 521 IV.
164 463 339 522 121-132
692 466 753 525 139

307 651 459 730 βυσσόθεν
482 649 632 732 ἐξερύσειε.
657 652 686 713 τί
706 652 855 731 μήσομαις
878 644 897 732 ἦ
925 651 1092 715 ἀπολέσθαι

307 749 367 831 ἡδύ
389 754 419 814 τί
439 776 483 815 τοι
507 753 657 832 Πηνειόν;
680 755 742 833 ἴτω,
764 753 958 836 πεπρωμένον
985 747 1065 836 ἦμαρ

309 854 451 933 τλήσομαι
472 854 570 916 εἵνεκα
593 861 664 934 σεῖο,
685 854 736 916 καλ
759 857 786 917 εἰ
807 855 938 936 μέλλοιμι
960 858 1059 938 ῥοάων

187 960 251 1019 130
309 954 455 1035 διψαλέην
478 953 613 1032 άμπωτιν
635 955 709 1037 ἔχων
732 958 856 1020 αἰώνιον
879 958 983 1040 έρρειν,

310 1055 360 1118 καὶ
384 1058 475 1137 μόνος
498 1056 530 1120 έν
552 1064 728 1137 ποταμοῖσιν
751 1057 922 1139 άτιμάτατος
944 1058 1112 1122 καλέεσθαι.

309 1154 388 1239 ἠνίδ’
415 1157 471 1240 lyd
493 1194 547 1237 -‚
569 1160 598 1221 τί
617 1160 757 1241 περισσά;
779 1162 860 1223 κάλει
884 1161 979 1241 μόνον
1003 1162 1191 1223 Εἰλείθυιαν.

127 1266 200 1326 Uno
224 1267 335 1325 tenore
357 1263 453 1324 Penei
473 1279 658 1324 sermonem
677 1266 835 1340 exscripsi
858 1281 920 1340 quo
941 1266 1046 1339 magis
1069 1264 1238 1340 appareret
1257 1276 1354 1334 quan-

79 1371 166 1442 tum,
198 1367 453 1440 quotiescunque
484 1380 520 1426 se
551 1365 673 1427 attollit
703 1368 816 1442 oratio,
840 1369 937 1428 dictio
962 1366 1150 1428 Callimachi
1173 1363 1356 1437 tragoediae

80 1468 209 1528 debeat.
241 1467 376 1541 Tragica
406 1468 547 1543 primum
579 1469 702 1529 ratione
727 1469 852 1530 dicendi
876 1471 979 1531 utitur
1003 1470 1083 1530 deus
1112 1466 1253 1528 fluvialis
1281 1479 1355 1524 curn

80 1569 316 1629 necessitatem
343 1583 497 1642 magnam
520 1569 684 1644 praedicat
706 1571 811 1631 deam.
834 1571 955 1648 Quibus
978 1570 1086 1632 verbis
1108 1584 1172 1630 non
1195 1565 1357 1641 significat

80 1685 216 1731 caecam
240 1672 403 1744 quandam
425 1673 621 1746 potestatem
646 1673 739 1733 cuius
763 1673 831 1732 vim
854 1673 1052 1734 reconditam
1084 1671 1145 1745 ipsi
1169 1683 1294 1743 quoque
1324 1667 1356 1727 di

80 1773 213 1847 timent,
245 1771 301 1831 sed
325 1771 405 1831 nihil
436 1772 500 1831 nisi
522 1771 653 1834 Ιιιιιοιιλε
677 1775 763 1834 lusca
786 1774 951 1848 micasque
982 1773 1031 1842 (ci.
1056 1788 1104 1832 vs.
1136 1772 1218 1841 125).
1243 1771 1356 1842 Itaque

81 1874 239 1933 exornate
260 1873 446 1947 exprimens
465 1873 496 1933 id
517 1875 600 1947 quod
620 1875 800 1949 simplicius
823 1876 951 1937 locutus
973 1876 1021 1935 ita
1039 1874 1194 1935 dixisset:
1219 1885 1357 1946 „magna

80 1977 136 2034 est
170 1975 221 2034 vis
254 1974 460 2034 necessitatis
491 1989 572 2047 quae
604 1990 658 2036 me
689 1977 806 2053 cogit’',
846 1977 1043 2050 tragicorum
1075 1990 1173 2036 usum
1207 1971 1357 2046 loquendi

80 2077 241 2152 sequitur,
265 2092 402 2149 quorum
426 2079 618 2152 praesertim
642 2078 810 2153 Euripides
833 2093 870 2140 eo
894 2079 989 2139 modo
1013 2076 1114 2155 λήθην
1138 2075 1245 2146 (Oreet.
1270 2074 1355 2147 214),

81 2177 184 2254 λύπην
206 2177 291 2253 (ibid.
306 2179 391 2254 399),
416 2175 572 2256 εὐλάβειαν
594 2179 716 2250 (Ptoou.
732 2180 805 2250 782)
831 2181 909 2241 deas
928 2185 1111 2241 vocaverat.
1132 2179 1203 2239 Iam
1217 2176 1358 2236 vidimus

81 2279 269 2353 tragoediae
288 2279 395 2340 deberi
415 2295 528 2341 vocem
553 2276 694 2352 ὠδῖνες
718 2282 758 2342 ad
779 2282 867 2357 ipsos
885 2281 1026 2343 infantes
1047 2280 1255 2342 indicandum
1268 2292 1357 2337 usur·

81 2383 206 2457 patam.
239 2381 322 2441 Tum
353 2379 537 2458 δαψιλὴς,
561 2383 590 2442 si
612 2398 676 2443 non
700 2384 833 2459 tragica,
870 2386 956 2444 certe
980 2396 1083 2456 neque
1106 2380 1270 2442 homerica
1293 2394 1357 2439 vox

81 2486 146 2559 est,
177 2498 197 2543 a
229 2482 361 2554 vulgato
395 2484 506 2544 autem
538 2499 600 2544 usu
631 2486 741 2545 noster
772 2485 902 2559 recedit,
934 2499 1008 2545 cum
1035 2483 1131 2543 —id
1166 2481 1249 2555 quod
1280 2495 1353 2540 curn

81 2583 237 2643 adiectivi
259 2583 381 2656 origine
412 2599 450 2645 ac
485 2585 517 2644 vi
548 2586 638 2646 verbi
662 2584 783 2645 λάπτειν
807 2587 943 2646 minime
965 2586 1088 2661 pugnat
1112 2617 1152 2627 -
1178 2585 1210 2643 in
1234 2583 1356 2643 malam

81 2686 211 2760 partem
231 2700 269 2746 eo
293 2686 446 2746 vocabulo
471 2687 583 2763 utitur,
607 2703 671 2760 qua
693 2689 727 2748 in
750 2703 785 2748 re
805 2687 919 2764 praeiit
940 2685 1177 2761 quodammodo
1191 2685 1356 2759 Lycophro

80 2787 281 2859 tragicorum
305 2787 482 2862 discipulus
506 2803 554 2849 vs.
584 2789 647 2850 957

397 2886 474 2949 ὅπου
498 2893 634 2950 συνοικεῖ
652 2887 781 2966 δαψιλὴς
804 2886 918 2969 ἐρημία.

129 2987 273 3049 Verbum
292 2986 449 3069 ἀπαυγά
461 2991 614 3067 ζεσθαι,
633 2993 715 3066 quod
737 2992 858 3052 dixeris
877 2992 1053 3052 formatum
1073 2991 1114 3051 ad
1134 2990 1355 3052 exomandnm

82 3090 255 3165 vulgatum
286 3088 476 3170 ἀποβλέπειν,
505 3094 589 3168 apud
624 3095 823 3167 antiquiores
861 3095 981 3155 frustra
1016 3093 1203 3166 quaerimus
1234 3087 1264 3169 ¹),
1300 3093 1356 3153 sed

80 3190 251 3270 αὐγάζομαι
281 3194 479 3267 singularem
511 3197 677 3257 notionem
700 3211 799 3268 quam
824 3195 921 3256 habet
947 3197 987 3254 Ψ.
1011 3194 1075 3254 458
1100 3209 1261 3268 quamque
1289 3193 1358 3255 illu·

81 3296 170 3355 strat
193 3298 303 3354 noster
325 3296 381 3356 III.
407 3298 468 3358 129
489 3297 540 3368 (ci.
562 3313 632 3372 pag.
646 3298 712 3374 81),
732 3297 856 3358 obtinet
876 3311 1121 3370 nonnumquam
1141 3297 1174 3355 in
1194 3297 1359 3368 tragoedia

81 3397 136 3466 (cf.
157 3413 187 3456 v.
197 3412 223 3457 c.
238 3396 312 3457 Eur.
326 3397 439 3458 Bacch.
453 3400 538 3468 596).
563 3399 603 3459 Et
626 3414 701 3459 cum
725 3401 874 3472 sequenti
897 3415 995 3460 versu
1019 3400 1163 3461 recurrat
1181 3398 1221 3458 ad
1241 3397 1357 3458 Home·

81 3515 159 3560 rum
189 3498 269 3560 illud
304 3498 450 3577 ,σκοπιὴν
481 3499 558 3580 ἔχει’
590 3502 655 3563 iam
692 3504 822 3577 saepius
853 3503 1038 3579 repetitum,
1073 3499 1198 3563 reducit
1231 3514 1291 3559 nos
1325 3500 1358 3558 in

81 3601 283 3674 tragicorum
318 3617 504 3664 sermonem
536 3604 710 3678 singularis
741 3620 821 3665 usus
857 3606 946 3666 vocis
980 3602 1147 3681 ἔφεδρος
1181 3602 1221 3662 ad
1261 3616 1359 3674 quem

81 3702 313 3777 explicandum
340 3704 475 3765 idoneus
499 3708 549 3766 est
573 3706 663 3767 locus
687 3706 852 3781 Sophoclis
875 3707 908 3766 in
934 3705 1027 3766 Aiace
1050 3720 1098 3765 vs.
1124 3705 1187 3766 509
1214 3702 1285 3780 ,μιαί
1309 3723 1359 3779 μοι

81 3802 326 3884 δυσθεράπευτος
362 3804 438 3877 Αἴας
477 3806 610 3879 ξύνεστιν
644 3804 769 3885 ἔφεδρος
808 3805 921 3883 ολμοι”,
953 3807 1059 3880 magis
1090 3807 1189 3866 etiam
1219 3804 1358 3864 fortasse

80 3906 303 3981 gravissimus
324 3907 379 3968 ille
403 3923 519 3968 versus
541 3909 695 3983 Aeschyli
719 3891 858 3984 (Choerili.
884 3911 960 3980 866)

397 4007 515 4069 τοιάνδε
537 4008 635 4087 πάλην
658 4008 749 4088 μόνος
773 4006 816 4070 ὢν
839 4007 963 4088 ἔφεδρος

400 4110 511 4183 δισσοῖς
535 4108 630 4189 μέλλει
652 4116 736 4184 θεῖος
756 4105 891 4192 Ὀρέστης

398 4210 496 4289 ἅψειν·

83 4328 284 4387 quamquam
313 4313 481 4375 latendum
505 4318 556 4376 est
580 4315 693 4377 latiore
716 4317 782 4377 iam
808 4315 1044 4391 significatione
1068 4332 1166 4391 quam
1188 4315 1272 4391 apud
1296 4317 1357 4375 tra·

30 4438 32 4440 ·
83 4416 172 4489 glcos
195 4416 307 4477 nostro
331 4416 400 4478 loco
425 4417 617 4479 vocabulum
645 4418 703 4478 uti.

119 4647 253 4710 ¹)1terum
272 4652 385 4698 occurrit
402 4652 443 4700 1v.
463 4653 519 4699 181.
