3068 5294
812 123 875 184 190
1227 121 1280 182 ru.
1306 78 1507 183 ele-326

214 313 328 373 1κᾶνω”
360 312 397 385 (ὃ.
428 314 514 383 443).
546 310 680 385 Templa
708 311 830 386 autern,
863 309 1006 382 itemque
1030 309 1172 370 insulam
1196 309 1262 370 aris
1286 308 1527 386 templisque

214 415 349 476 divitem
383 415 503 475 rectius
534 412 640 473 ornari
669 412 810 486 epitheto
841 411 924 484 quod
952 426 971 471 a
998 412 1203 472 substantivo
1233 411 1326 475 lieret
1357 400 1532 474 censuit

214 520 333 594 noster,
364 518 474 591 itaque
506 515 668 587 corrigens
700 514 916 586 antiquiorem
943 516 1073 587 poetam
1097 529 1183 574 nunc
1206 515 1348 576 insulam
1368 514 1532 575 multia

214 634 342 695 semper
364 619 512 695 precibus
535 617 742 676 resonantem
766 614 940 674 netellam
964 615 1094 676 salutat.

258 721 313 783 Vs.
327 723 391 782 318
419 733 618 794 quamquam
645 716 800 777 homerici
824 732 938 779 versus
957 717 1097 777 formam
1119 717 1270 779 imitatus
1293 752 1333 763 -
1356 721 1532 794 333313ῒὲ

213 845 233 883 ι.
262 824 323 883 139
358 819 426 899 ,καὶ
456 818 673 880 ἐπιπνεύσωσιν
703 815 811 895 ἆῆινι”
837 853 878 862 -
902 819 999 880 verbo
1030 816 1215 878 ἐπιπνεῖν
1247 822 1359 882 tamen
1383 821 1477 880 aliam

214 925 282 984 vim
300 925 414 986 tribuit
432 937 531 998 quam
551 921 671 982 fecerat
691 921 862 981 Homerus.
883 921 978 981 Flatu
998 922 1085 982 enim
1106 937 1165 982 suo
1180 923 1350 997 propellere
1362 937 1477 982 navem

213 1027 265 1086 hic
288 1027 437 1087 dicuntur
467 1024 572 1085 venti:
605 1023 770 1095 utiturque
802 1023 936 1083 verbum
965 1023 996 1082 vi
1019 1023 1193 1083 transitiva
1216 1024 1301 1083 haud
1325 1025 1420 1085 aliter
1443 1039 1478 1083 3ο

212 1130 326 1204 postea
358 1127 516 1189 translate
547 1127 631 1200 apud
661 1125 867 1200 Apollonium
895 1125 952 1185 Ill.
979 1126 1054 1186 937.
1087 1125 1207 1185 Praeiit
1230 1126 1398 1200 Euripides
1421 1127 1479 1186 hoc

214 1230 309 1291 modo
339 1230 473 1291 verbum
504 1224 638 1287 ἐπιπνεῖν
668 1243 743 1288 cum
775 1227 960 1288 accusativo
991 1227 1189 1301 coniungens
1218 1227 1330 1289 Phoco.
1362 1229 1480 1289 79431

215 1332 278 1392 789
294 1326 324 1402 ¹).
348 1332 422 1392 Iure
445 1332 556 1391 autem
580 1330 620 1390 ad
642 1330 840 1403 tragicorum
864 1329 1015 1404 exempla
1032 1318 1088 1389 'hic
1113 1329 1217 1390 denuo
1241 1331 1353 1392 referri
1373 1331 1479 1391 dictio·

213 1447 289 1492 nem
321 1432 509 1494 Callimachi
540 1433 651 1492 monet
681 1447 807 1504 quoque
837 1432 913 1492 ordo
944 1432 1134 1507 sententiae,
1167 1432 1365 1506 tragicorum
1394 1446 1480 1491 more

213 1534 362 1594 inversus
394 1538 452 1603 (vs.
478 1534 553 1608 295,
579 1532 653 1607 302,
679 1533 753 1609 303,
780 1531 867 1610 310),
900 1535 1011 1593 monet
1034 1533 1114 1593 item
1144 1536 1285 1609 λαῖφος
1313 1549 1370 1608 pro
1394 1534 1480 1607 epico

213 1636 417 1698 substantivo
441 1634 533 1695 ἴσκον
553 1636 745 1709 usurpatum
765 1635 849 1708 quod
871 1635 1053 1709 Aeschylus
1073 1636 1119 1695 ita
1146 1636 1255 1710 posuit
1283 1634 1392 1710 Suppl.
1419 1635 1477 1695 721

212 1741 319 1814 λαῖφος
350 1734 483 1797 στέλλειν.
515 1737 719 1814 Quamquam
749 1740 860 1798 noster
889 1739 927 1797 ut
954 1738 1116 1799 Homerus
1145 1740 1182 1799 A.
1208 1739 1272 1798 433
1305 1736 1401 1814 ,ἴσιια
1427 1731 1479 1814 μὲν

214 1839 383 1900 σκείλανιν”
407 1840 513 1900 medio
538 1854 618 1899 ueus
642 1841 701 1899 est.

258 1942 305 2003 De
328 1942 475 2003 versibus
499 1941 564 2001 320
581 1955 647 2014 333.
670 1955 740 2000 rem
759 1940 930 2001 obscuram
951 1941 1084 2001 obscure
1105 1941 1340 2015 exponentibus
1359 1942 1480 2000 incerta

213 2044 353 2118 proferre
381 2043 463 2103 nolo.
498 2044 533 2103 Id
557 2043 656 2116 igitur
677 2042 806 2102 tantum
830 2043 947 2103 notabo
971 2044 1105 2105 verbum
1131 2038 1374 2117 ὀδακτάζειν,
1399 2042 1480 2115 quod

212 2146 297 2207 unde
328 2146 484 2206 sumserit
514 2145 624 2204 noster
654 2158 718 2203 non
749 2147 887 2219 constat,
912 2146 1025 2207 eodem
1049 2148 1144 2208 modo
1168 2146 1208 2206 ab
1232 2147 1392 2207 adiectivo
1416 2159 1479 2205 ver·

214 2248 278 2309 bali
312 2243 435 2319 ὀδακνός
467 2245 604 2324 (καρδίαν
636 2241 805 2324 ὠδαγμὲνος
829 2261 870 2306 ex
886 2246 1049 2321 Sophocle
1072 2250 1168 2309 affert
1191 2247 1341 2308 Clemens
1366 2246 1478 2306 Strom.

82 2388 87 2392 -
215 2350 288 2411 716.
316 2350 366 2418 13)
398 2348 572 2409 formatam
600 2362 682 2422 esse,
715 2362 776 2420 quo
800 2363 820 2407 a
845 2350 950 2409 verbis
974 2346 1068 2410 ἕλκειν
1099 2355 1132 2411 et
1154 2349 1253 2410 νεύειν
1276 2350 1343 2410 iam
1367 2349 1479 2408 Home·

213 2467 268 2512 rus
292 2451 413 2512 feceret
435 2447 618 2520 §invocatos
644 2451 678 2510 et
700 2449 876 2521 νευστάζειν.

257 2553 420 2614 Extremis
452 2552 599 2613 versibus
630 2552 749 2612 iterum
783 2550 1010 2628 Callimachus,
1034 2554 1089 2626 qui
1112 2569 1169 2629 per
1191 2554 1298 2613 totum
1323 2553 1479 2625 hymnum

213 2655 283 2716 Deli
312 2656 449 2716 honores
471 2653 603 2728 Delphis
625 2654 819 2728 anteposuit,
843 2655 985 2715 insulam
1003 2657 1150 2717 salutans
1178 2653 1329 2731 ,ἱστίην
1351 2652 1479 2729 νήσων

215 2752 406 2815 εὐέσκιον”
441 2756 554 2816 eodem
589 2755 685 2816 titulo
715 2771 788 2815 eam
820 2757 956 2817 adornat
987 2771 1048 2830 quo
1080 2756 1193 2830 tragici
1227 2757 1341 2831 poetae
1375 2753 1479 2827 Pythii

214 2856 373 2932 Apollinis
395 2858 488 2918 sedes
510 2858 583 2932 plus
606 2872 706 2930 quam
729 2858 832 2918 semel
855 2858 1104 2920 celebraverant.
1130 2859 1190 2919 Pro
1211 2859 1325 2919 multis
1337 2857 1477 2917 testimo·

214 2959 306 3018 nium
328 2960 417 3020 dabit
439 2960 606 3034 Euripides
628 2959 695 3021 Ion.
720 2961 784 3021 462
808 2959 974 3039 ,Φοιβήιος
994 2958 1070 3019 ἔνθα
1090 2969 1144 3041 γᾶς
1163 2959 1352 3037 μεσόμφαλος
1372 2956 1477 3018 ἱστία”.

248 3215 266 3278 ¹)
284 3218 322 3265 De
340 3219 500 3266 substantivo
517 3221 585 3279 ἀῆναι
604 3219 673 3280 quod
690 3220 760 3280 13333
777 3221 868 3266 ventos
884 3218 981 3267 indicet
998 3218 1031 3264 oi,
1049 3231 1106 3278 pag.
1127 3220 1181 3264 103.
