3104 5286
687 423 749 485 153

78 606 342 682 philosophorum
376 609 556 685 nonnullis,
593 613 662 671 tam
697 608 835 671 firmiter
869 610 953 686 apud
988 610 1127 671 Graecos
1162 606 1349 681 constabat,

77 714 125 785 ut,
165 708 323 783 siquando
362 713 507 772 cessaret
544 712 632 773 iusta
665 728 782 788 poena,
817 712 933 773 statim
967 713 1006 772 de
1041 711 1121 786 ipsis
1155 710 1205 769 dis
1239 711 1350 770 utrum

78 811 188 871 essent
228 825 344 887 necne,
393 811 490 873 dubia
531 816 713 888 orerentur;
749 829 864 874 verum
899 812 1037 888 singulis
1071 813 1121 872 dis
1155 811 1351 873 nominatim

76 914 181 972 certas
205 911 386 974 adscribere
417 929 552 992 poenas,
584 916 616 975 id
647 916 828 990 antiquitus
855 930 970 990 parum
1001 914 1136 976 solitum
1170 914 1255 987 erat,
1287 911 1351 972 nisi

76 1013 159 1086 quod
181 1012 214 1072 in
234 1013 305 1088 ipsa
323 1014 381 1074 illa
399 1015 536 1077 numina
559 1016 714 1079 delictum
734 1017 950 1079 commissum
970 1030 1042 1076 esse
1065 1014 1245 1076 constabat.
1266 1012 1353 1074 Cete-

75 1115 190 1188 roquin
225 1115 313 1175 enim
344 1119 400 1177 aut
431 1117 544 1178 Iovem
575 1118 683 1192 ipsum
707 1120 764 1179 aut
787 1117 972 1194 Apollinem
996 1116 1184 1177 indicabant
1206 1114 1352 1175 vindices

75 1217 132 1276 aut
150 1213 220 1286 τοὺς
239 1216 332 1288 θεοὺς
353 1218 567 1280 nominabant
588 1253 628 1262 -
650 1220 721 1279 sive
743 1217 795 1279 τὸν
818 1216 894 1278 θεὸν
918 1218 1007 1280 nullo
1030 1216 1139 1278 addito
1163 1216 1295 1277 nomine
1311 1247 1350 1257 -

75 1331 173 1393 saepe
196 1317 297 1378 etiam
318 1323 400 1378 θεῶν
424 1319 494 1398 βίον
517 1317 568 1379 καὶ
591 1318 717 1397 νέμεσιν.
740 1322 785 1381 At
808 1321 882 1381 vide
907 1335 1006 1395 quarn
1029 1334 1127 1394 prope
1152 1318 1236 1394 apud
1260 1315 1351 1377 Galli-

75 1419 231 1479 machum
253 1418 357 1480 Diana
379 1422 513 1482 accedat
528 1422 568 1482 ad
587 1422 698 1483 fratris
717 1423 938 1484 maiestatem.
960 1421 1047 1497 Quae
1067 1421 1151 1495 apud
1171 1419 1352 1479 Homerum

74 1518 139 1579 leni
162 1522 269 1582 morte
294 1513 358 1597 ,ola
378 1519 501 1601 ἀγανοῖς
520 1521 670 1602 petiaco?
692 1539 807 1585 omnes
827 1524 981 1586 mulieres
1002 1520 1116 1598 afficit,
1137 1536 1236 1595 quam
1256 1520 1352 1579 deam

76 1622 146 1682 ideo
177 1624 308 1685 tantum
338 1621 442 1684 λέοντα
473 1624 591 1703 γυναιξὶ
622 1627 768 1702 increpat
800 1627 888 1686 Iovis
919 1641 1002 1686 uxor
1032 1625 1074 1695 (Φ
1097 1624 1173 1693 483)
1198 1621 1351 1698 quoniam

77 1723 228 1784 omnibus
258 1740 349 1786 mors
373 1728 489 1788 acerba
516 1731 581 1803 est,
607 1743 646 1789 ea
669 1728 773 1789 Diana
797 1743 817 1788 a
843 1726 1043 1788 Callimacho
1067 1725 1194 1800 dicitur,
1215 1722 1355 1784 simulac

76 1826 272 1900 sagittarum
292 1828 360 1888 vim
380 1829 524 1904 primum
542 1832 677 1905 experta
700 1832 802 1906 esset,
824 1844 936 1889 arcum
957 1827 1136 1890 tetendisse
1159 1824 1220 1902 ,εἰς
1240 1821 1353 1882 ἀδίκων

77 1925 183 1984 πόλιν”
205 1927 273 1997 (ΠΙ.
299 1929 385 1999 122).
406 1929 477 1990 rlali
500 1945 636 1992 munere
655 1945 771 1992 revera
789 1930 964 2005 potestatis
983 1928 1124 1989 summis
1143 1927 1193 1987 dis
1205 1925 1353 2002 propriae

77 2027 266 2102 participem
289 2029 369 2090 iacit
390 2033 554 2108 Artemin,
580 2033 631 2093 oui
659 2032 779 2092 iterum
805 2033 918 2092 contra
937 2031 1093 2091 traditam
1113 2028 1352 2105 mythologiam

78 2141 124 2188 vs.
158 2130 222 2189 110
252 2132 397 2192 eiusdem
429 2133 545 2208 hymni
567 2134 742 2209 adscripsit
772 2148 907 2210 poenas,
933 2147 1014 2206 quas
1041 2131 1186 2191 solverat
1209 2130 1352 2189 Latonae

79 2229 246 2293 insidiator
276 2233 401 2308 Tityus.
433 2235 473 2295 Et
504 2236 599 2297 duxit
628 2236 769 2297 fortasse
800 2235 977 2294 inhaere
1007 2235 1140 2309 poetam
1163 2229 1351 2305 exemplum

79 2330 221 2408 Pindari,
250 2335 343 2395 cuius
365 2338 443 2396 sunt
465 2337 623 2412 praeclari
644 2351 760 2398 uersus
783 2335 872 2412 Pyra
897 2335 950 2394 IV.
976 2336 1019 2394 90

298 2436 348 2496 aui
372 2436 432 2515 μὰν
459 2439 566 2500 Τιτυὸν
589 2436 674 2517 βέλος
698 2434 864 2518 Ἀρτέμιδος
886 2436 1018 2516 θήρευσε
1040 2432 1187 2514 κραιπνὸν

303 2536 333 2612 ἐξ
356 2536 499 2601 ἀνικάτου
522 2537 671 2621 φαρέτρας
694 2536 876 2621 ὀρνύμενον,

298 2637 379 2718 ὄφρα
402 2665 445 2715 τις
468 2651 522 2702 τᾶν
545 2641 578 2703 ἐν
602 2644 721 2727 δυνατῷ
744 2641 911 2718 φιλοτάτων
934 2638 1095 2717 ἐπιψαύειν
1119 2636 1232 2718 ἔραται,

78 2740 175 2802 simul
207 2743 319 2803 autem
343 2759 408 2804 non
430 2745 470 2805 ad
494 2745 565 2807 sola
587 2745 741 2806 lubidinis
764 2744 883 2805 delicta
905 2744 984 2804 deae
1007 2741 1144 2817 virginis
1170 2738 1350 2800 vindictam

78 2843 190 2917 retert3
215 2844 283 2906 obit
306 2847 394 2906 enim
419 2847 475 2907 illa
498 2862 576 2908 arou
600 2863 659 2908 suo
684 2848 773 2909 cives
798 2859 914 2907 omnes
937 2845 1005 2916 (ΙΙΙ.
1033 2844 1106 2914 123)

750 2944 785 3007 οῗ
802 2968 832 3006 τε
854 2943 921 3025 περὶ
945 2942 1038 3020 σφέας

296 3048 330 3108 οἴ
347 3070 376 3108 τι
399 3047 464 3127 περὶ
489 3049 605 3123 ξείνους
629 3046 793 3126 ἀλιτήμονοι
817 3045 911 3108 πολλὰ
934 3044 1078 3107 τέλεσκον.

118 3148 301 3210 Poenarum
335 3165 455 3226 genera
489 3167 571 3226 quae
606 3150 721 3212 deinde
755 3151 999 3212 describuntur:
1040 3163 1195 3224 pecorum
1229 3145 1349 3219 morbi,

76 3262 227 3323 agrorum
250 3251 456 3330 sterilitates,
481 3253 658 3314 mulierum
682 3256 795 3327 partus
820 3251 974 3327 abortivi,
1000 3265 1088 3311 nunc
1112 3264 1171 3309 nos
1196 3264 1259 3309 nou
1284 3262 1350 3307 mo·

76 3354 197 3413 rantur.
222 3352 372 3414 Pluribus
396 3355 484 3416 enim
507 3356 547 3415 de
571 3370 609 3415 ea
632 3370 668 3414 re
688 3355 867 3428 disquirere
887 3368 925 3414 eo
945 3353 1052 3428 magis
1072 3365 1351 3428 supervacaneum

76 3456 164 3529 puto,
186 3457 341 3529 quoniam
362 3457 445 3518 satis
465 3460 616 3532 apertum
636 3458 701 3531 est,
724 3458 855 3530 poetam
876 3471 950 3515 cum
971 3452 1152 3515 Hesiodum
1166 3454 1199 3512 in
1211 3453 1263 3513 his
1284 3466 1351 3513 ver·

75 3555 164 3615 sibus
194 3561 384 3631 sequeretur
414 3573 552 3619 munera
579 3558 667 3618 Iovis
691 3556 836 3618 conferre
860 3556 894 3616 in
917 3555 1057 3617 Dianam
1080 3569 1146 3616 non
1169 3554 1350 3628 dubitasse,

75 3657 150 3730 quia
168 3673 283 3719 omnes
302 3660 401 3720 simul
421 3661 453 3720 di
472 3661 615 3734 deaeque
631 3659 710 3719 iusti
730 3659 888 3733 aequique
907 3658 1052 3718 vindices
1070 3657 1099 3716 ei
1113 3655 1314 3716 ridebantur.
1333 3648 1352 3723 ἰ

118 3757 334 3821 coniunctum
354 3763 466 3822 autem
486 3764 537 3821 est
556 3776 631 3821 curn
652 3761 742 3820 hisce
762 3760 801 3820 de
821 3759 966 3819 vindicta
978 3758 1112 3818 deorum
1126 3756 1254 3816 iudiciis
1267 3757 1351 3830 quod

74 3872 203 3934 semper
226 3876 352 3935 quoquc
371 3862 582 3924 sanctitatem
607 3862 767 3936 divinam,
793 3863 953 3936 quantum
970 3862 1092 3936 potest,
1114 3860 1148 3920 in
1166 3857 1353 3918 narratione

73 3975 134 4021 sua
150 3965 261 4022 servat
280 3966 388 4039 poeta,
410 3967 444 4025 et
464 3967 576 4025 contra
593 3962 773 4039 impietatis
786 3963 1030 4024 accusationem
1042 3961 1170 4022 iabulas
1182 3960 1353 4021 defendere

73 4065 193 4124 studet.
206 4064 235 4124 N
236 4080 291 4124 am
303 4066 340 4126 ut
352 4065 559 4127 offenduntur
575 4080 672 4141 saepe
684 4066 811 4140 priscae
823 4064 1046 4139 mythologiae
1058 4063 1227 4124 ferocitate
1238 4064 1353 4137 poetae

73 4163 190 4240 Musei,
205 4167 251 4227 ita
270 4166 305 4228 in
324 4166 458 4228 deorum
478 4167 598 4228 fabulis
618 4167 681 4242 ipsi
701 4167 1015 4241 absuntalascivia,
1030 4165 1221 4241 Apollonius
1232 4163 1351 4224 saltem

73 4269 106 4328 at
130 4266 363 4345 Callimachus,
389 4270 458 4345 qui,
491 4270 519 4329 si
540 4269 667 4343 quando
687 4283 769 4343 quae
794 4270 908 4329 contra
931 4268 1064 4344 pietatis
1087 4266 1193 4341 legem
1216 4265 1354 4341 peccant

71 4368 111 4428 de
134 4367 185 4427 dis
208 4383 359 4432 enarrare
382 4373 551 4447 coguntur,
576 4371 720 4431 adiciunt
743 4373 858 4431 notum
880 4369 958 4430 illud
978 4367 1056 4428 tiaza
1076 4370 1202 4427 Μοῦσαι
1222 4366 1352 4428 veltale

77 4520 293 4528 *0—

109 4587 129 4654 1)
148 4591 188 4639 οι.
206 4589 275 4639 seur.
291 4589 352 4640 carr.
370 4594 390 4640 1.
409 4607 434 4654 p.
453 4596 493 4641 so.
