3068 5294
821 452 883 513 160
1228 451 1282 512 IV.
1308 453 1485 514 208-211

211 637 394 700 nificatione
424 640 472 700 uti
504 640 645 700 voluisse
677 640 910 714 Callimachum
935 638 1050 699 solitae
1085 640 1207 700 notioni
1225 641 1380 717 profundi
1402 642 1488 703 addi·

211 741 265 800 tur
288 756 405 801 sensus
419 741 506 816 pleni
528 743 625 815 atque
648 742 740 818 turpi,
768 743 828 802 hoc
851 742 938 802 enim
966 740 1037 800 vult
1059 743 1171 814 poeta:
1190 743 1373 817 phebeimo
1392 744 1490 820 Ῑλιενλο

210 844 330 901 terram
371 842 503 902 ειεελλλενε
536 839 694 915 (ἐξανιένιιι
728 843 768 904 ci.
807 845 844 901 Σ.
875 844 951 914 471)
985 843 1123 916 inopum
1156 857 1192 903 eo
1228 844 1303 904 anni
1339 847 1489 921 tempore

211 959 285 1005 cum
316 944 431 1019 plenus
461 944 504 1003 sit
534 943 636 1005 Nilus.
665 944 881 1020 Quamobrem
904 946 1037 1019 putasae
1068 943 1302 1006 Callimachum
1327 948 1488 1023 suspicor,

210 1059 270 1105 suo
303 1060 339 1105 se
373 1046 442 1105 iure
481 1060 554 1106 eam
594 1046 661 1106 vim
700 1047 840 1130 simplici
878 1047 1037 1107 adiectiro
1079 1046 1219 1108 tribuere
1253 1062 1350 1122 posse
1385 1065 1488 1123 quam

210 1146 242 1206 in
274 1145 472 1222 compositis,
503 1146 612 1220 qualia
638 1149 716 1208 aunt
737 1147 939 1209 homericum
963 1144 1141 1226 βαθυλήιος,
1162 1148 1361 1222 tragicorum
1385 1151 1488 1228 dabo

209 1251 336 1320 ιιλουιος
373 1250 407 1309 et
440 1247 529 1323 talia,
565 1248 708 1310 obtinere
740 1249 877 1311 videbat.
903 1282 942 1293 -
974 1248 1078 1309 Versu
1110 1249 1173 1309 208
1205 1247 1284 1323 ἅναξ
1326 1249 1487 1330 εἰρημένον

210 1350 410 1412 homericum
454 1348 668 1429 „Attenuare”
703 1354 753 1422 (A.
789 1353 865 1422 423)
899 1352 1073 1427 repetitum
1109 1366 1192 1428 esse,
1227 1353 1258 1412 id
1298 1353 1407 1414 notari
1438 1370 1488 1415 sa·

211 1453 256 1512 tis
278 1453 339 1512 est.

253 1552 331 1613 Post
358 1552 471 1626 longas
502 1553 656 1627 ambages
687 1555 820 1615 tandem
851 1571 900 1616 vs.
926 1555 989 1616 209
1022 1571 1173 1617 reversus
1202 1557 1243 1616 ad
1266 1557 1394 1617 notiora
1419 1573 1487 1618 sae·

208 1655 343 1729 piusque
373 1656 505 1716 narrata
535 1655 568 1714 in
598 1656 715 1729 quibus
748 1657 901 1730 antiquus
932 1659 1027 1732 poeta
1057 1658 1227 1733 praeierat,
1264 1657 1487 1720 Callimachus

209 1756 374 1830 diligentia
404 1772 545 1832 summa,
577 1759 613 1817 ut
644 1773 723 1819 suae
754 1759 873 1819 aetatis
906 1774 959 1819 ars
989 1759 1143 1835 postulat,
1180 1759 1309 1832 singula
1341 1763 1487 1837 exponit,

209 1859 318 1932 itaque
348 1859 531 1920 accuratius
562 1874 661 1932 quam
691 1860 815 1922 factum
842 1864 912 1921 erat
936 1861 1076 1922 Latonae
1100 1861 1309 1936 parturientis
1335 1863 1486 1923 habitum

209 1961 387 2021 describere
411 1962 554 2022 conatur.
580 1959 683 2036 Quare
706 1961 819 2035 hymni
844 1962 999 2023 homerici
1024 1977 1137 2022 versus
1162 1964 1224 2022 117
1247 1976 1314 2037 sqq.

456 2058 553 2137 ,ἀμφὶ
576 2055 608 2120 δὲ
631 2060 745 2137 φοίνικι
769 2061 840 2141 βάλε
862 2062 961 2142 πήχεε,
983 2071 1080 2143 γοῦνα
1103 2058 1131 2124 δ’
1158 2062 1268 2144 ἔρεισεν

453 2165 573 2239 λειμῶνι
595 2165 736 2245 μαλανῷ”

208 2263 399 2337 longissima
432 2263 615 2324 narratione
646 2263 789 2325 illustrat
820 2266 853 2326 et
883 2267 1027 2326 exornat.
1054 2265 1185 2340 Oopiose
1209 2265 1361 2328 dehisce
1388 2269 1486 2328 versi·

209 2366 269 2425 bus
300 2365 496 2426 disserentes
526 2368 596 2425 tam
626 2366 841 2440 Spanhemius
871 2382 970 2440 quam
993 2367 1048 2428 alii
1079 2368 1146 2427 iam
1169 2366 1276 2427 iontes
1298 2368 1484 2430 indicarunt

208 2483 225 2526 e
249 2466 365 2539 quibus
389 2482 449 2527 sua
471 2467 581 2528 hausit
604 2467 831 2545 Callimachus,
855 2469 944 2530 brevi
968 2469 1075 2545 igitur,
1099 2484 1140 2529 ne
1160 2469 1233 2529 acta
1252 2483 1361 2545 agam,
1381 2470 1483 2531 absol·

209 2584 283 2629 vam
322 2584 361 2629 ea
393 2571 523 2629 tantum
554 2570 718 2643 attingens
752 2585 834 2643 quae
869 2570 909 2630 ad
943 2571 1068 2645 epicam
1103 2570 1277 2630 dictionem
1308 2571 1481 2644 pertinent.

209 2669 262 2731 Vs.
292 2671 355 2732 209
387 2667 693 2747 ἀνιοιιλλνεσθιιι,
722 2672 806 2745 quod
830 2671 965 2731 verbum
989 2671 1045 2732 Od.
1070 2692 1093 2730 ι.
1119 2673 1183 2732 556
1207 2674 1241 2732 et
1263 2670 1374 2747 hymn.
1397 2673 1481 2734 hom.

206 2773 241 2831 in
271 2772 342 2834 Vere.
368 2773 429 2835 168
461 2773 560 2833 aliam
588 2773 656 2833 vim
676 2772 809 2848 obtinet,
833 2773 880 2833 ita
903 2773 955 2833 hic
979 2773 1078 2847 accipi
1103 2773 1173 2833 vult
1196 2774 1300 2849 poeta,
1326 2777 1364 2834 ut
1385 2774 1480 2836 deam

207 2873 369 2949 fingamus
398 2876 433 2935 iu
463 2876 544 2936 hetae
573 2875 774 2935 reclinantem
801 2874 851 2945 (cf.
877 2890 924 2935 vs.
950 2876 1024 2945 236)
1048 2875 1125 2934 dum
1151 2875 1252 2936 altero
1275 2876 1413 2937 humero
1441 2910 1480 2921 -

207 2977 334 3051 epicum
358 2976 444 3037 enim
468 2976 654 3051 exemplum
679 2978 812 3037 secutus
835 2975 950 3051 plurali
973 2991 1109 3036 numero
1132 2977 1234 3036 utitur
1257 2976 1333 3038 licet
1353 2977 1391 3038 de
1418 2994 1480 3040 uno

206 3080 336 3139 tantum
355 3079 489 3139 humero
510 3078 630 3152 cogitet
646 3078 848 3138 -adnititur
868 3078 982 3139 arbori.
1010 3077 1055 3138 lla
1078 3080 1189 3138 autem
1212 3078 1355 3152 imagine
1379 3080 1480 3140 simul

206 3181 337 3253 corrigit
366 3179 444 3240 illud
479 3175 651 3257 »κεκλιμένη
682 3177 756 3256 πρὸς
786 3177 901 3257 μακρὸν
925 3175 1025 3258 ὄρος”,
1047 3181 1158 3240 minus
1181 3180 1331 3240 accurate
1356 3180 1481 3242 dictum

207 3281 382 3342 arbitratus
413 3282 445 3341 in
476 3282 638 3342 homerico
669 3282 790 3355 hymno
820 3282 853 3340 in
885 3280 984 3356 Apoll.
1010 3297 1056 3342 vs.
1084 3283 1135 3357 17,
1161 3296 1237 3341 nam
1259 3279 1379 3354 legisse
1403 3298 1480 3343 eum

206 3383 238 3442 in
273 3384 342 3442 suis
376 3383 615 3456 exemplaribus
651 3399 765 3444 versus
798 3384 837 3444 17
868 3399 934 3458 sqq.
966 3384 1020 3457 qui
1051 3384 1145 3444 hodie
1182 3383 1329 3443 damnari
1361 3384 1479 3461 solent,

206 3484 276 3558 ipsa
300 3484 471 3545 verborum
493 3484 672 3545 similitudo
696 3484 811 3559 arguit.

250 3586 294 3644 At
327 3600 375 3645 vs.
412 3586 473 3645 211
507 3586 687 3647 Homerum
718 3586 826 3660 ipsum
856 3587 960 3646 denuo
990 3585 1143 3646 illustrat.
1173 3586 1206 3645 Is
1237 3586 1325 3647 enim
1349 3595 1388 3645 A.
1413 3589 1477 3648 811

205 3686 332 3747 dixerat
357 3683 449 3762 „aava
472 3682 504 3746 tl
527 3686 624 3760 νότιος
647 3685 712 3768 ῥέεν
735 3686 824 3767 ἱδρὼς
849 3687 938 3766 ὤμων
961 3684 1010 3746 καὶ
1029 3690 1190 3766 nepetae&
1216 3687 1304 3763 Quod
1323 3689 1479 3761 quoniam

205 3788 250 3849 ita
281 3789 384 3849 reddit
413 3792 524 3849 noster
553 3792 590 3850 ut
620 3792 753 3865 putasse
785 3805 860 3850 eum
891 3791 1044 3864 appareat
1070 3789 1182 3850 eodem
1206 3790 1274 3849 iure
1299 3790 1337 3849 de
1362 3791 1479 3851 sudore

205 3891 260 3962 qui
290 3905 345 3964 per
378 3891 479 3951 totius
509 3892 650 3966 corporis
680 3892 871 3968 superficiem
902 3891 1076 3952 effunditur
1106 3891 1169 3951 dici
1199 3905 1294 3965 posse
1325 3887 1388 3969 ῥεῖν
1413 3889 1479 3952 διὰ

204 3990 300 4068 χροός,
322 3993 388 4052 iam
411 3992 513 4067 liquet
535 3994 611 4067 quid
635 3994 673 4055 de
698 4009 792 4054 versu
818 3997 856 4052 A.
881 3994 945 4053 398
974 3993 1174 4069 iudicaverit,
1198 3992 1253 4053 ubi
1275 3993 1450 4055 Diomedes

848 4092 1048 4171 καθεζόμενος
1071 4090 1155 4172 βέλος
1178 4088 1231 4166 ὀξὺ

449 4192 481 4255 ἐκ
503 4193 596 4267 ποδὸς
620 4189 687 4273 ἕλκ’,
709 4191 805 4273 ὀδύνη
830 4191 862 4255 ol
885 4193 935 4255 διὰ
958 4191 1044 4274 χροὸς
1066 4185 1133 4273 ἦλθ’
1158 4192 1301 4274 ἀλεγεινή.

205 4297 289 4357 Nam
319 4296 367 4357 ita
396 4297 448 4358 hic
478 4295 550 4374 χρόα
577 4297 716 4359 indicare
740 4298 881 4373 corporis
905 4297 1109 4373 superficiem
1136 4297 1322 4373 arbitratus,
1348 4300 1385 4358 ut
1407 4298 1478 4374 ipse

204 4399 286 4458 hanc
306 4413 419 4459 vocem
443 4399 573 4460 adhibet
596 4401 620 4460 1.
645 4401 683 4460 17
705 4402 738 4461 et
757 4401 809 4476 32,
827 4400 925 4460 verba
941 4397 991 4458 διὰ
1002 4397 1087 4479 χροὸς
1100 4400 1223 4473 accepit
1242 4399 1281 4459 de
1300 4399 1409 4461 dolore
1421 4402 1476 4475 qui

205 4501 323 4573 raptim
350 4515 518 4561 summum
537 4516 652 4575 corpus
671 4502 778 4563 herois
800 4505 1000 4577 percurreret
1022 4516 1126 4575 neque
1150 4501 1238 4561 intus
1260 4504 1475 4576 penetrasset.

251 4601 450 4660 Adversum
473 4602 536 4661 212
558 4602 596 4662 de
619 4603 714 4663 verbo
738 4600 1077 4680 &locupletavere
1101 4604 1251 4663 accurate
1272 4604 1338 4676 egit
1359 4604 1474 4665 Schnei
