3104 5286
254 2120 458 2194 Quamquam
488 2118 587 2192 igitur
615 2116 834 2185 Callimachus
865 2117 989 2178 cultum
1013 2132 1126 2191 regum
1149 2116 1286 2176 minime
1309 2118 1487 2189 tamquam

210 2238 229 2282 a
258 2234 375 2295 graeca
407 2219 561 2293 religione
596 2218 737 2279 alienam
771 2219 896 2292 reiecit,
931 2233 1027 2294 parce
1059 2221 1172 2278 tamen
1206 2217 1303 2277 modo
1338 2218 1486 2277 carmine

208 2338 267 2383 suo
298 2337 374 2382 eum
407 2321 624 2381 illustravisse
651 2320 789 2395 videtur,
821 2335 1018 2394 numquam,
1043 2319 1203 2395 uidebor,
1227 2319 1400 2395 tantopere
1424 2317 1486 2377 hac

207 2423 313 2484 laudis
343 2422 394 2482 vel
425 2420 621 2483 adulationis
647 2421 754 2481 forma
783 2421 963 2482 delectatus
994 2422 1030 2482 ut
1060 2421 1093 2480 in
1123 2421 1305 2497 principum
1340 2419 1484 2494 gratiam

208 2523 446 2599 mythologiam
476 2523 632 2585 traditam
666 2537 862 2597 magnopere
899 2523 1100 2582 immutaret.
1137 2522 1226 2598 Quod
1262 2521 1291 2580 si
1322 2520 1485 2581 voluisset

208 2626 302 2686 facile
322 2641 342 2686 a
360 2639 410 2699 se,
431 2624 526 2684 salva
544 2624 644 2684 etiam
662 2624 798 2699 pietate,
819 2625 1072 2698 impetravisset.
1093 2622 1247 2684 Creverat
1265 2622 1354 2682 enim
1366 2621 1484 2682 multis

208 2728 247 2787 de
267 2727 375 2787 causis
394 2725 527 2786 licentia
548 2725 605 2785 illa
627 2739 713 2785 nova
735 2723 890 2801 fingendi,
916 2726 1066 2786 certatim
1090 2727 1205 2800 poetae
1227 2724 1390 2785 eiusmodi
1413 2725 1483 2783 arte

194 2828 424 2904 depingebant
454 2828 559 2886 vitam
591 2827 738 2901 deorum,
764 2841 828 2900 qua
852 2842 927 2887 vere
950 2826 1061 2887 vivida
1083 2829 1181 2901 atque
1205 2827 1351 2886 humana
1372 2826 1483 2900 imago

206 2931 381 2990 lectoribus
400 2930 640 3004 proponeretur,
664 2928 799 3001 mythos
818 2943 944 3001 quoque
963 2929 1127 3004 antiquos,
1152 2928 1180 2987 si
1200 2942 1281 3002 opus
1300 2927 1481 3002 videbatur,

208 3031 411 3105 corrigebant
440 3027 514 3106 πρὸς
544 3026 577 3088 τὸ
607 3024 765 3106 εὐπρεπὲς,
794 3044 888 3103 porro
919 3029 1046 3089 variare
1076 3032 1110 3090 et
1139 3029 1303 3089 illustrare
1338 3027 1481 3102 fabulas,

208 3132 247 3191 ad
281 3131 489 3204 antiquorum
520 3133 690 3205 poetarum
725 3132 920 3191 memoriam
954 3131 1145 3207 referentes,
1182 3129 1412 3191 eruditioribus
1446 3132 1484 3190 ut

207 3233 372 3307 placerent
403 3247 468 3291 non
498 3231 698 3292 desinebant.
731 3231 830 3293 Cuius
860 3233 1042 3307 elegantiae
1072 3232 1224 3306 exempla
1253 3230 1422 3291 abundant
1449 3232 1483 3292 in

207 3332 399 3395 Callimachi
421 3334 591 3407 poematis.
620 3334 736 3394 Paucis
759 3334 925 3409 defungar.
954 3333 1052 3396 Casta
1075 3334 1219 3393 Minerva
1241 3335 1279 3393 ut
1300 3333 1363 3392 rite
1387 3348 1483 3408 oppo-

207 3437 303 3494 natur
326 3434 532 3509 voluptatum
556 3435 686 3508 reginae
709 3434 841 3510 Veneri,
867 3437 1037 3495 enarratur
1057 3435 1180 3509 hymno
1210 3433 1323 3508 quinto
1351 3433 1482 3493 17-27

206 3536 323 3610 quibus
346 3536 554 3611 apparatibus
577 3535 688 3595 Venus
711 3536 876 3596 ornaverit
905 3536 1045 3610 gratiam
1069 3551 1162 3596 suam
1187 3535 1331 3595 instante
1356 3534 1485 3596 Paridis

205 3637 337 3713 iudicio,
363 3652 526 3712 quamque
548 3636 691 3711 simplex
714 3639 747 3697 et
769 3636 858 3697 nullo
882 3639 1039 3712 apparatu
1063 3638 1232 3697 advenerit
1250 3635 1369 3696 Pallas.
1392 3636 1482 3696 Scili-

206 3742 257 3800 cet
285 3738 486 3801 auditoribus
513 3739 546 3797 in
570 3740 716 3797 mentem
739 3740 922 3799 revocanda
945 3741 1015 3799 erat
1039 3737 1206 3813 Sophoclis
1229 3736 1334 3816 Κρίσις
1360 3738 1394 3797 in
1419 3753 1484 3811 quo

205 3842 353 3901 dramate
383 3842 491 3915 poeta,
520 3841 607 3900 teste
635 3840 803 3900 Athenaeo
835 3840 914 3909 (XV.
940 3841 1015 3900 687.
1041 3839 1089 3916 G),
1117 3837 1190 3916 ,μὴν
1213 3833 1267 3916 μὲν
1290 3838 1485 3918 Ἀφροδίτην,

204 3937 350 4018 ἡδονικήν
369 3962 435 3999 τινα
455 3930 550 4000 οὖσαν
570 3939 699 4018 δαίμονα
719 3939 803 4024 μύρῳ
823 3961 852 4000 τε
871 3938 1071 4018 ἀλειφομένην
1089 3940 1214 4020 παράγει
1230 3936 1453 4020 καὶκατοπτριζ
1471 3979 1484 3988 -

205 4038 309 4120 μένην,
337 4039 392 4118 τὴν
423 4036 451 4103 δ’
485 4046 628 4120 Ἀθηνᾶν,
654 4041 805 4122 φρόνησιν
837 4033 932 4102 οὖσαν
958 4040 1010 4103 καὶ
1036 4051 1112 4102 νοῦν
1138 4041 1179 4103 ἔτι
1203 4037 1231 4102 δ’
1260 4039 1368 4120 ἀρετὴν
1393 4040 1483 4128 ἐλαίῳ

203 4140 357 4222 χρωμένην
390 4140 440 4203 καὶ
473 4141 722 4223 γυμναζομένην”
760 4145 938 4220 Sophoclea
975 4148 1086 4205 autem
1121 4161 1185 4205 non
1216 4146 1287 4206 sine
1317 4144 1485 4220 elegantia

203 4249 342 4306 exornat
364 4245 584 4307 Callimachus
606 4247 739 4307 flosculo
760 4245 947 4322 Homerico,
969 4262 1047 4308 nam
1067 4248 1182 4308 adicit:
1206 4244 1271 4322 „del
1289 4245 1383 4307 καλὸν
1400 4244 1484 4325 ὄμμα

202 4347 234 4406 τὸ
258 4346 370 4423 aqva&
394 4348 511 4421 quibus
537 4347 644 4407 verbis
668 4347 867 4409 homericam
891 4352 1064 4426 γλαυκῶπιν
1088 4351 1225 4424 spectat.

245 4448 399 4508 Eiusdem
412 4450 493 4509 artis
506 4451 604 4509 est-
614 4464 697 4522 quae
709 4451 807 4510 verbo
821 4465 1003 4511 memorare
1014 4451 1097 4511 satis
1106 4450 1314 4511 est-Diana
1322 4450 1481 4528 puellula,

194 4549 312 4612 sedens
332 4548 366 4609 in
385 4551 488 4627 patris
509 4550 647 4626 gremio,
670 4553 705 4611 at
724 4567 803 4612 mox
823 4551 1007 4613 audacitate
1024 4555 1196 4627 praestans
1210 4552 1328 4615 ceteris
1341 4552 1480 4630 deabus,
