3068 5288
818 461 860 519 70

201 645 299 708 ἐλθὼν
325 645 395 719 τοὺς
419 644 612 725 ἀειδομένους
639 645 672 706 ἐν
693 647 804 732 Δήλῳ”
833 641 867 724 ¹),
893 648 954 708 hoc
976 649 1088 709 teneat
1110 649 1238 710 auditor
1262 649 1390 724 quivis:
1416 650 1477 724 ipsi

200 749 326 810 insulae
348 749 478 825 propria
501 749 568 810 iam
591 749 645 809 diu
672 749 774 810 fuisse
798 749 863 811 alia
886 750 1088 811 1111111111
1111 751 1296 828 Ilithyiam,
1322 751 1475 826 quoniam

199 852 254 912 diu
277 853 454 925 antequam
474 853 572 911 natus
595 852 688 934 esset
708 851 788 912 Olen
808 852 941 929 Lycius,
962 853 1029 913 1111
1049 853 1082 913 11
1103 853 1184 929 ipsis
1202 854 1367 929 Apollinis
1386 855 1474 914 nata·

198 954 298 1030 libus,
331 955 409 1013 dum
440 953 560 1014 adsunt
588 969 630 1014 ex
653 953 777 1014 Pactoli
799 954 879 1030 ripis
902 969 981 1015 aves
1004 969 1155 1032 canorae,
1180 956 1345 1031 hymnum
1369 958 1473 1016 canta·

200 1058 316 1116 verant
338 1055 503 1130 nymphae
526 1054 675 1115 Deliades
698 1055 732 1114 in
756 1055 827 1115 eius
850 1055 929 1116 deae
953 1055 1109 1117 honorem
1133 1056 1198 1128 (IV.
1222 1058 1300 1128 255)

804 1155 837 1213 αἳ
859 1149 888 1214 δ’
914 1152 962 1214 ἐπὶ
984 1153 1099 1234 μακρὸν

425 1256 542 1334 νύμφαι
565 1255 728 1335 Δηλιάδες,
750 1264 887 1334 ποταμοῦ
909 1255 995 1336 γένος
1019 1253 1164 1337 tegetem,

423 1352 511 1419 εἶπαν
531 1353 703 1437 Ἐλειθυίης
727 1357 808 1435 ἱερὸν
831 1357 926 1437 μέλος.

243 1463 342 1523 Vides
361 1476 528 1523 summam
548 1462 781 1537 antiquitatem
803 1462 959 1537 nymphis
978 1462 1119 1524 Deliacis
1142 1463 1309 1538 postulare
1333 1465 1476 1538 poetam.

199 1566 266 1627 Nec
294 1566 356 1626 hoc
385 1564 549 1625 11111111
573 1564 606 1624 id
628 1563 721 1640 facit,
747 1579 806 1625 nec
830 1565 1023 1627 inconsulto.
1048 1565 1196 1626 Deliacas
1219 1565 1365 1639 virgines
1388 1566 1477 1625 enim

200 1668 326 1730 choreis
352 1666 502 1727 ludentes
536 1666 689 1727 describit
724 1666 845 1727 iterum
877 1667 910 1727 in
940 1667 1064 1742 hymno
1087 1667 1127 1728 ad
1151 1667 1290 1728 Dianam
1315 1671 1375 1739 (vs.
1403 1668 1477 1739 171)

199 1770 328 1832 auctius
357 1770 455 1843 atque
490 1768 621 1829 uberius
652 1768 742 1829 chori
773 1771 982 1829 venustatem
1012 1784 1214 1845 memorans,
1248 1784 1311 1844 quo
1344 1770 1479 1845 cingunt

200 1871 366 1947 nymphae
389 1870 529 1931 Dianam

424 1969 534 2051 ἀγχόθι
556 1972 682 2049 πηγάων
706 1971 875 2052 Αἰγυπτίου
897 1967 1042 2033 Ἰνωποῖο.

243 2075 360 2136 Ρ11111
383 2074 479 2136 dubio
502 2074 624 2135 indicat
643 2077 780 2149 utroque
802 2074 873 2135 loco
896 2077 1029 2135 sanctas
1049 2076 1081 2135 et
1105 2074 1370 2152 antiquissimas,
1392 2077 1431 2136 ut
1450 2074 1478 2136 ei

201 2176 362 2253 videntur,
398 2176 540 2251 origines
567 2177 637 2236 eius
661 2175 764 2251 chori,
796 2191 859 2250 quo
881 2190 996 2236 mense
1027 2175 1204 2236 Artemisio
1235 2175 1296 2236 dea
1322 2176 1479 2237 celebrari

201 2277 328 2339 solebat
360 2278 394 2338 in
430 2278 537 2338 insula
571 2277 650 2338 Delo
675 2271 707 2347 ²).
751 2277 795 2338 Eo
830 2280 942 2338 autem
980 2292 1078 2339 versu
1116 2292 1214 2351 quem
1252 2277 1372 2339 ultimo
1411 2280 1480 2339 loco

201 2379 298 2440 attuli
328 2380 376 2440 ita
407 2394 482 2439 cum
505 2379 686 2439 Brauronia
710 2379 878 2439 Artemide
902 2394 941 2439 ac
964 2394 1039 2439 cum
1063 2378 1302 2454 Spartiatarum
1327 2380 1481 2441 Orthosia

201 2483 371 2544 coniunxit
401 2482 536 2542 choreas
566 2481 715 2541 Deliacas
742 2483 780 2540 ut
803 2480 985 2541 luculenter
1008 2480 1137 2541 doceret
1159 2481 1375 2543 Britomartis
1397 2482 1482 2542 festa

200 2601 236 2646 se
269 2586 427 2659 spectare.
463 2583 634 2644 Orthosiae
665 2582 754 2642 enim
785 2582 856 2642 sive
887 2582 1064 2642 Limnaeae
1098 2583 1230 2643 nomine
1265 2583 1481 2644 Britomartin

200 2687 382 2762 Spartiatae
406 2684 562 2760 salutant,
588 2683 672 2757 quod
689 2684 832 2743 testatur
851 2684 1030 2744 Pausanias
1050 2684 1107 2745 111.
1128 2685 1180 2760 14,
1198 2685 1235 2744 2:
1258 2681 1481 2761 ,ἐπανελθοῦσι

201 2783 233 2846 δὲ
253 2783 347 2847 ὀπίσω
368 2783 443 2864 πρὸς
465 2783 520 2861 τὴν
539 2781 645 2862 λέσχην
665 2779 744 2843 ἐστὶν
764 2782 928 2861 Ἀρτεμίδος
946 2777 1084 2862 Ἰοσώρας
1104 2782 1195 2862 isphr,
1207 2781 1429 2862 ἐπονομάζουσι
1449 2780 1480 2846 δὲ

200 2886 295 2964 αὐτὴν
325 2884 374 2948 καὶ
405 2885 592 2963 Λιμναίαν”,
623 2885 738 2946 eodem
768 2884 901 2946 nomine
932 2885 1003 2946 Deli
1031 2887 1219 2949 invocatam
1242 2903 1316 2949 esse
1339 2888 1478 2950 Dianam

200 2992 330 3052 constat
360 3005 402 3050 ex
432 2987 697 3064 inscriptionibus
729 2986 869 3048 Deliacis
890 2979 928 3065 ³),
960 2987 1029 3063 ipse
1060 3004 1137 3050 vero
1166 2989 1389 3052 Callimachus
1411 3007 1479 3067 pro·

200 3092 306 3168 priam
318 3092 389 3151 eius
400 3091 543 3151 nominis
555 3092 652 3151 deam
665 3088 875 3151 cretensibus
887 3105 960 3151 esse
972 3092 1118 3167 negavit,
1132 3107 1224 3168 nam,
1237 3095 1275 3153 ut
1286 3087 1478 3170 vidimusb,

202 3193 320 3254 Cretici
360 3193 503 3253 nominis
545 3192 727 3266 Dictynnae
770 3192 911 3252 formam
953 3207 995 3253 ex
1037 3193 1185 3267 mythice
1219 3209 1320 3255 causa
1354 3196 1481 3256 derivat

202 3296 372 3371 ipsamque
407 3293 501 3355 deam
531 3293 670 3354 Dianam
704 3309 741 3354 eo
773 3294 965 3367 cognomine
996 3293 1132 3354 indicari
1155 3310 1303 3372 censens,
1329 3300 1481 3358 enarrata

200 3396 382 3470 Dictynnae
409 3396 519 3458 fabula
547 3397 663 3457 statim
694 3396 733 3456 ad
758 3395 890 3457 Deliaca
912 3412 1007 3457 sacra
1030 3396 1196 3457 auditores
1220 3398 1361 3457 arcessit
1384 3398 1478 3459 deam

203 3499 250 3558 ita
272 3499 438 3559 salutans:
466 3488 568 3574 „olm
587 3491 707 3573 dvaoo',
731 3495 870 3558 Edendi

249 3600 331 3661 Cum
366 3600 419 3660 bis
453 3602 565 3660 autem
600 3599 739 3660 Deliacis
774 3599 1009 3676 Britomartiis,
1042 3615 1124 3674 quae
1155 3615 1270 3660 mense
1302 3600 1480 3663 Artemisio

205 3701 420 3778 habebantur,
453 3700 638 3762 fabulosum
670 3701 891 3776 nympharum
924 3701 1058 3762 chorum
1090 3716 1139 3763 vs.
1167 3703 1231 3763 255
1260 3700 1480 3776 Callimachus

205 3803 385 3877 coniungit,
411 3804 579 3877 praeterea
595 3817 660 3862 non
680 3802 788 3863 solum
808 3803 964 3862 iuvenum
983 3803 1118 3863 choreas
1137 3803 1194 3863 sed
1214 3818 1343 3864 morem
1356 3819 1479 3879 quoque

206 3919 347 3980 sacrum,
362 3919 409 3963 vs
429 3905 493 3964 296
505 3904 740 3981 memoratum,
754 3919 816 3977 quo
827 3918 939 3963 comas
950 3903 1084 3964 tondere
1096 3904 1245 3965 solebant
1256 3905 1291 3966 in
1302 3906 1479 3966 1111111111

207 4020 299 4065 11111
331 4005 474 4079 virgines
505 4005 658 4081 puerique
686 4004 818 4065 Deliaci.
850 4005 887 4065 In
915 4020 979 4079 qua
1009 4021 1044 4066 re
1067 4005 1236 4081 paululum
1260 4005 1477 4068 Callimachus

208 4105 371 4181 discrepat
404 4106 444 4167 ab
480 4107 644 4168 Herodoto
678 4121 774 4181 quem
808 4107 999 4183 plerumque
1033 4108 1180 4182 sequitur
1216 4106 1366 4171 fideliter.
1398 4110 1475 4169 Nam

246 4397 263 4459 ¹)
281 4402 321 4449 Ita
337 4401 394 4450 Lib.
412 4401 454 4449 lv.
472 4415 494 4449 ο.
512 4403 544 4450 ab
561 4401 707 4450 Herodotus
725 4403 800 4451 1111111
817 4403 963 4452 auctoritati
981 4403 1091 4452 multum
1109 4404 1200 4452 tribuit
1217 4404 1399 4453 Callimachus.

244 4476 264 4545 π)
283 4480 321 4530 ot.
339 4482 368 4527 Δ.
386 4481 529 4529 Mommsen
547 4482 573 4528 in
591 4481 663 4530 Bura.
681 4480 923 4532 1111111111.
941 4497 967 4545 p.
987 4485 1042 4531 8⁴1.

245 4555 266 4621 ³)
285 4559 354 4607 Ball.
373 4558 438 4608 Corr.
457 4559 524 4608 heu.
542 4561 606 4608 xlv.
626 4562 683 4609 193.

245 4635 266 4694 41
284 4639 348 4687 Vide
365 4652 443 4700 supra
461 4653 519 4701 pag.
538 4640 578 4689 17.
