3068 5294
51 451 104 511 IV.
133 450 308 509 174-176
659 452 721 510 153

52 637 232 698 eruditione
251 651 336 697 nunc
355 637 476 697 imitari
496 637 638 699 voluisse
658 637 785 698 videtur
804 652 878 698 cum
900 637 971 698 6166
983 633 1132 709 exemplo
1152 632 1323 701 11166472.

53 739 118 815 161.
156 739 233 808 224)
267 753 303 798 66
333 733 448 799 adduci
479 739 644 813 pateretur
680 740 718 800 ut
752 738 874 799 1116666
905 737 1081 813 6666116161
1112 750 1193 810 6666
1227 735 1325 796 661611

53 840 242 901 mortalium
267 839 422 913 Gigantes
446 843 628 901 vocassent.

96 942 134 1002 In
171 941 278 1002 verbis
311 937 479 1018 ἕσπέροο
514 937 784 1018 λσχοιόονιος
808 957 871 1002 666
903 940 1105 1015 offendimur,
1137 954 1215 1000 nam
1250 939 1327 999 licet

54 1043 218 1104 Homerus
241 1042 446 1102 substantivo
470 1038 637 1121 ἕσπερος
661 1043 861 1105 occidentem
889 1057 952 1103 non
973 1042 1173 1116 indicaverit,
1198 1041 1324 1102 adiecti·

54 1160 131 1206 vum
163 1140 297 1221 ἑσπέριος
332 1159 369 1204 66
405 1159 503 1204 66666
537 1144 703 1217 cognitum
735 1146 786 1205 est
816 1160 859 1205 ex
881 1160 945 1204 unc
968 1143 1037 1204 loco
1060 1147 1091 1202 θ.
1117 1146 1158 1207 29
1184 1140 1228 1222 (ἠὲ
1251 1142 1326 1223 πρὸς

54 1243 145 1323 ἠοίων
179 1241 199 1324 ἢ
228 1242 372 1324 ἑσπερίων
395 1241 588 1322 ἀνθρώπων).
617 1246 726 1319 Neque
758 1243 967 1323 ἓσχατόων,
989 1261 1093 1318 nequo
1118 1245 1327 1325 ρώσωνται

56 1347 146 1421 (quod
183 1347 317 1407 verbum
352 1350 391 1404 A.
423 1347 475 1423 50,
507 1348 545 1405 Π.
580 1349 642 1408 166
678 1349 790 1408 666616
827 1349 860 1407 vi
893 1349 1036 1423 positum
1070 1349 1121 1408 661
1155 1349 1188 1407 16
1212 1349 1324 1409 666661

56 1465 170 1510 versus
202 1449 289 1518 sede)
324 1448 422 1508 habet
452 1449 535 1522 quod
563 1464 623 1509 nos
653 1449 806 1510 detineat.
832 1449 911 1510 Cum
937 1465 1013 1511 vero
1038 1449 1203 1510 Gallorum
1228 1452 1326 1510 cater-

57 1567 112 1611 vas
134 1565 233 1625 super
256 1549 424 1611 Graeciam
450 1551 570 1611 effusas
595 1566 642 1612 vs.
670 1553 732 1611 175
756 1550 1000 1626 νιφάδεσσιν
1031 1548 1215 1623 ἐοικότας
1239 1551 1326 1627 61611,

57 1653 293 1728 comparatione
325 1653 429 1713 utitur
452 1653 485 1712 16
508 1653 608 1713 Iliade
632 1653 905 1726 frequentissima.
931 1654 982 1713 Ita
1005 1655 1051 1711 M.
1077 1655 1140 1713 166
1163 1653 1327 1726 utrimque

57 1756 182 1816 1666116
205 1753 280 1828 1616,
306 1755 350 1812 Μ.
378 1754 441 1814 278
469 1753 592 1828 lapides
611 1753 651 1813 ab
672 1756 808 1828 utraque
833 1757 922 1829 parte
943 1754 1079 1814 coniecti
1098 1770 1173 1815 cum
1193 1756 1327 1815 6666616

57 1858 127 1918 nive
151 1858 390 1931 comparantur.
415 1855 619 1930 comparatio
643 1858 755 1916 autem
779 1856 1068 1930 quampraecipue
1090 1858 1326 1933 spectatmag·

58 1957 149 2019 niflca
184 1957 241 2018 1116
272 1957 401 2031 6616616
433 1960 467 2018 61
490 1958 664 2034 616661616,
689 1957 806 2031 legitur
832 1960 863 2016 T.
887 1959 951 2018 357
976 1957 1015 2018 de
1039 1957 1224 2031 ingentibus
1247 1958 1327 2032 Myr·
1410 2031 1415 2038 ι

59 2060 225 2121 midonum
250 2059 350 2133 copiis

279 2155 319 2231 ὡς
342 2152 372 2218 δ’
399 2156 445 2219 ὅτε
467 2163 604 2237 ταρφεῖαι
627 2157 753 2235 νιφάδες
777 2156 849 2231 Διὸς
873 2156 1070 2236 ἐκποτέονται,

60 2265 90 2322 61
123 2277 206 2335 6666
238 2264 426 2334 sequuntur.
460 2262 524 2322 Suo
558 2265 670 2323 tamen
695 2261 1329 2337 16616166616166116,61161661Ηο·

60 2378 201 2437 merum;
226 2378 303 2423 nam
327 2363 360 2423 in
384 2365 444 2423 1166
467 2364 706 2438 comparatione
730 2363 889 2424 imitanda
912 2363 1019 2424 verbis
1039 2365 1171 2425 revocat
1188 2363 1326 2424 alteram

62 2480 98 2525 ex
134 2464 230 2524 tertio
261 2462 371 2524 iliadis
401 2464 480 2525 libro
513 2466 576 2524 222
610 2465 664 2525 6111
688 2465 785 2526 verba
808 2464 916 2525 Ulixis
940 2466 1157 2526 contionantis
1179 2465 1330 2526 dicuntur

64 2564 255 2641 ,νιφάδεσσιν
275 2562 421 2628 ἔοιιιόιο”.
443 2566 511 2642 Quo
531 2568 591 2628 hoc
608 2567 727 2628 saltem
740 2569 877 2643 constat,
890 2568 1032 2628 nondum
1045 2567 1206 2643 placuisse
1218 2568 1328 2627 nostro

61 2669 186 2728 tautam
206 2669 340 2752 tamque
363 2668 487 2728 variam
508 2670 614 2729 artem
627 2683 780 2742 quaerere
792 2669 827 2728 in
839 2668 1132 2743 comparationibus
1144 2665 1328 2742 homericis,

61 2768 186 2842 6661616
199 2769 308 2829 inesse
322 2768 495 2830 credebant
506 2769 715 2843 grammatici
726 2784 862 2843 quorum
873 2771 970 2830 verba
982 2770 1165 2830 referuntur
1176 2770 1210 2830 16
1223 2769 1327 2830 Schol.

59 2870 108 2930 BL
138 2870 179 2930 ad
203 2872 236 2928 Γ.
261 2871 324 2930 222
359 2864 397 2947 ,ἡ
429 2867 516 2930 εἰκὼν
547 2867 648 2954 ἀφορᾷ
679 2869 753 2948 πρὸς
776 2869 808 2930 τὸ
832 2869 917 2949 τάχος
940 2878 991 2949 τῆς
1015 2869 1175 2950 ῥητορείας.
1199 2868 1250 2930 διὰ
1272 2866 1326 2948 μὲν

58 2969 111 3052 γὰρ
145 2978 199 3032 τοῦ
232 2969 370 3048 πλήθους
405 2970 495 3048 δηλοῖ
523 2969 556 3030 τὸ
591 2968 708 3032 πυκνὸν
741 2978 794 3031 τοῦ
824 2970 923 3051 λόγον,
954 2968 1004 3030 διὰ
1031 2966 1063 3031 δὲ
1086 2978 1139 3031 τοῦ
1161 2975 1270 3032 λευκοῦ
1293 2969 1326 3031 τὸ

58 3068 159 3149 σαφὲς,
192 3069 243 3132 διὰ
275 3079 326 3150 τῆς
360 3071 489 3147 νιφάδος
523 3069 578 3150 τὴν
614 3071 726 3151 φρίκην
759 3080 818 3131 τῶν
852 3069 1057 3135 ἀκουόντων.”
1092 3074 1199 3134 Immo
1235 3074 1327 3147 quasi

57 3175 187 3236 disertis
223 3174 329 3235 verbis
364 3189 494 3235 monere
531 3174 630 3235 vellet
664 3173 803 3235 lectores
835 3189 876 3236 ne
910 3174 1010 3235 aliam
1041 3191 1079 3236 66
1109 3175 1329 3237 1661111661616

57 3277 221 3337 6ο1166616
245 3276 278 3335 16
300 3276 361 3336 hac
384 3276 623 3351 comparatione
646 3276 754 3337 inesse
772 3278 933 3353 putarent,
950 3278 1068 3338 adiecit
1086 3280 1224 3339 alteram
1244 3293 1330 3339 com·

57 3378 268 3452 parationem,
303 3381 401 3452 atque
435 3394 509 3439 eam
543 3379 679 3440 minime
710 3378 871 3456 idoneam,
903 3395 966 3453 666
1001 3381 1166 3441 Gallorum
1198 3381 1329 3440 turbata

57 3482 188 3539 caterva
218 3493 293 3538 cum
317 3478 487 3540 stellarum
517 3481 613 3541 choro
636 3480 848 3556 componitur.
873 3481 911 3541 In
933 3482 994 3542 hac
1018 3483 1268 3558 comparatione,
1291 3484 1329 3542 ut

56 3583 250 3641 omittamus
272 3596 370 3640 usum
393 3580 592 3641 substantivi
611 3577 694 3661 ἀὴρ,
724 3581 762 3642 66
786 3597 848 3655 666
873 3582 998 3644 abundo
1018 3584 1085 3658 egit
1104 3584 1327 3660 Schneiderus,

56 3682 234 3743 notandum
247 3684 307 3758 661,
322 3680 557 3743 Callimachum
576 3704 611 3742 ιε
621 3682 706 3763 ίρεο
727 3699 862 3745 vocasse
874 3689 1105 3746 nonoalrorum
1113 3687 1328 3762 6666161661

55 3783 197 3860 sicualdo
215 3784 325 3844 6161166.
350 3784 422 3845 Uno
441 3786 511 3846 loco
531 3801 570 3846 66
591 3800 669 3847 voce
689 3801 770 3847 usus
794 3786 956 3847 Homerus
981 3791 1026 3858 (Σ.
1050 3789 1125 3859 486)
1149 3789 1292 3850 dixerat:

278 3881 310 3944 ἐν
333 3881 365 3945 δὲ
388 3883 423 3944 τὰ
445 3886 540 3966 τείρεα
564 3885 671 3964 πάντα,
692 3886 727 3946 τοί
750 3882 770 3946 τ’
798 3884 926 3965 οὐρανὸς
950 3886 1158 3965 ἐστεφάνωται,

54 3987 108 4049 ubi
132 3988 408 4061 exsequentibus
431 3988 619 4062 116661666
643 3990 789 4064 singulas
812 3991 926 4052 6161166
949 3992 1006 4051 666
1028 3992 1198 4066 61666666
1221 3991 1327 4051 sidera

53 4105 130 4150 eum
169 4088 382 4151 intellexisse.
417 4091 627 4152 Alexandrini
662 4093 772 4152 autem
810 4093 885 4165 quid
923 4093 961 4152 de
1001 4093 1090 4153 vocis
1129 4093 1327 4153 derivatione

52 4192 226 4252 iudicarint
257 4207 371 4266 parum
403 4195 540 4268 constat,
566 4208 680 4261 verum
708 4195 793 4268 quod
818 4195 858 4254 ad
885 4193 1154 4267 significationem
1177 4195 1327 4270 66111661,

51 4308 158 4366 66666
185 4292 403 4354 Callimachus
433 4297 544 4355 nostro
576 4294 645 4356 loco
670 4311 773 4370 neque
793 4296 983 4370 Apollonius
1005 4297 1063 4356 111.
1092 4297 1176 4358 1362
1200 4295 1327 4373 (,ιείρεο

51 4393 263 4472 λαμπετόωντα
282 4392 332 4454 διὰ
351 4392 496 4470 κνέφας”)
517 4397 601 4456 inter
619 4393 741 4477 ἀστέρας
762 4401 795 4458 61
815 4396 909 4473 τείρεα
926 4396 1031 4458 ullum
1050 4398 1127 4459 fecit
1143 4398 1325 4460 discrimen.

50 4497 163 4571 Neque
182 4495 290 4568 magis
313 4497 396 4571 apud
413 4498 563 4573 Aratum,
584 4498 639 4570 661
663 4514 711 4559 va.
733 4499 796 4560 692
820 4496 1009 4575 vocatricis
1033 4499 1136 4559 611161
1159 4514 1215 4574 616
1239 4501 1326 4560 66116

50 4598 118 4659 1616
160 4597 336 4658 discrimen
371 4598 559 4659 constituas.
605 4597 766 4675 Ceterum,
805 4599 958 4672 quoniam
996 4601 1117 4661 Aratea
1155 4601 1326 4676 attigimus
