3068 5294
66 481 122 541 IV.
149 480 327 540 306-310
679 481 740 543 187

67 671 208 731 evocant
234 669 462 744 suspicionem.
486 669 570 730 Nam
603 659 725 742 οὖδας
748 684 826 731 sane
849 669 1050 730 homericum
1073 671 1124 729 est
1148 668 1340 729 vocabulum

69 775 103 834 et
126 773 161 832 in
185 773 300 833 eadem
330 771 406 831 sede
437 772 576 832 occurrit
601 766 727 831 ἕατετον
751 762 843 842 οὖδας
866 793 893 831 ν.
918 773 999 845 395;
1027 794 1050 848 χ.
1073 771 1146 831 269.
1168 770 1212 830 At
1231 772 1341 830 noster

68 889 109 934 ea
131 874 248 934 leniter
271 874 451 933 immutans
474 868 649 949 ἀσφαλὲς
673 864 765 944 οὖδας
788 874 881 935 dixit.
907 873 1025 950 Quodsi
1048 873 1079 932 id
1102 872 1179 933 fecit
1201 872 1337 932 homeri·

70 991 146 1037 oum
171 991 303 1036 versum
324 975 400 1045 §.42
429 978 529 1050 „esav
556 971 645 1046 ἕδος
669 970 844 1050 ἀσφαλὲς
867 970 913 1032 ἀεί
936 971 1079 1050 ἕμμεναι”
1099 973 1339 1035 reeordatus-

69 1092 175 1150 neque
209 1077 241 1138 id
275 1077 484 1151 improbabile
510 1078 715 1151 —primum
747 1092 788 1137 ex
818 1092 857 1137 ea
888 1076 977 1137 reid
1002 1074 1132 1151 efficies,
1159 1076 1225 1135 iam
1251 1074 1341 1135 Galli-

69 1180 186 1240 macho
218 1179 425 1240 obversatam
455 1194 528 1239 esse
561 1178 789 1239 vocabulorum
820 1169 912 1249 οὖδας
947 1175 1059 1254 ἕδοιφος
1090 1173 1157 1247 ἕδος
1184 1176 1341 1250 originem

68 1296 291 1357 communem,
321 1284 402 1355 tum,
427 1281 511 1353 quod
534 1281 627 1341 hodie
650 1281 760 1341 minus
790 1280 1006 1356 probabimus,
1034 1279 1074 1339 ab
1097 1294 1135 1339 eo
1158 1293 1284 1351 quoque
1309 1278 1342 1338 in

70 1397 169 1443 versu
200 1382 222 1453 ζ.
247 1383 289 1441 42
320 1378 499 1458 ςάοφαλὲςᾎ
531 1382 615 1456 quod
646 1397 720 1442 oum
745 1382 894 1443 adverbio
921 1378 966 1440 ἀεί
989 1381 1247 1455 coniungendam
1272 1382 1342 1440 erat

68 1486 121 1556 (cf.
143 1486 176 1545 0.
190 1485 276 1559 683),
301 1485 452 1545 adiectivi
471 1484 540 1544 looo
558 1485 598 1544 ad
619 1484 861 1544 substantivum
883 1480 949 1554 ἕδος
969 1485 1111 1544 tractum
1132 1497 1214 1559 esse,
1235 1497 1341 1556 aecep-

67 1591 206 1662 tnmque
237 1588 276 1647 de
306 1587 378 1646 tutis
408 1586 541 1647 deorum
571 1585 712 1646 sedibus.
740 1586 829 1646 idem
855 1586 931 1646 feeit
954 1586 1133 1662 Lueretius,
1157 1600 1232 1647 oum
1254 1600 1341 1659 prae·

68 1690 167 1751 claris
192 1688 339 1750 versibus
363 1688 410 1747 sic
433 1687 571 1748 eundern
596 1687 756 1761 expressit
778 1687 886 1747 locum
910 1687 977 1756 (ΙΙΙ.
1005 1687 1072 1757 18):

330 1824 463 1890 Apparet
488 1823 590 1878 divum
610 1837 732 1894 numen,
754 1824 884 1893 sedesque
903 1824 1020 1892 quietae,

331 1929 405 1983 quas
426 1929 523 1983 neque
543 1916 718 1971 concutiunt
740 1916 820 1971 venti
845 1929 899 1971 nec
921 1915 1021 1971 nubila
1041 1915 1150 1970 nimbis

332 2009 504 2076 aspergunt.

115 2141 206 2216 Quod
239 2156 288 2200 VS.
321 2142 383 2200 307
416 2140 508 2217 dixit,
540 2138 711 2215 στεφάνοισι
741 2139 960 2218 βαρύνεται
993 2137 1059 2219 ἱρὸν
1090 2135 1250 2219 ἄγαλμα,
1279 2155 1343 2200 non

68 2245 179 2317 magis
210 2243 362 2316 antiquae
394 2242 504 2316 opicae
534 2241 666 2302 dictioni
697 2242 848 2303 convenit
877 2257 976 2315 quam
1000 2241 1083 2315 quod
1111 2240 1190 2302 illud
1213 2241 1343 2315 signum

69 2346 151 2406 deae
175 2345 304 2405 ornavit
327 2344 467 2418 epitheto
491 2340 692 2422 ἀριήκοον.
713 2343 831 2405 Valent
851 2345 889 2405 de
910 2359 987 2405 voce
1007 2339 1123 2423 ἄγαλμα
1136 2342 1249 2403 eadem
1262 2356 1345 2415 qnae

69 2448 111 2508 de
134 2461 214 2506 vocs
238 2443 342 2524 βρέτας
366 2460 464 2521 snpra
485 2445 552 2505 dixi
571 2460 600 2519 p.
625 2447 698 2521 lob,
719 2446 757 2506 de
780 2434 876 2506 verbo
896 2445 1093 2524 βαρύνεσθαι,
1116 2443 1200 2517 quod
1215 2443 1344 2503 diversa

70 2549 105 2608 vi
138 2563 234 2623 saepe
265 2547 395 2608 adhibet
428 2546 655 2622 Callimachus,
686 2546 742 2605 vix
766 2546 941 2620 quidquam
964 2547 1081 2607 addere
1104 2560 1185 2619 opus
1208 2545 1259 2605 est
1282 2544 1345 2604 nisi

68 2651 144 2724 hoc,
168 2648 299 2723 propius
328 2651 477 2710 nostrum
512 2649 552 2708 ad
585 2647 784 2708 homericam
815 2648 989 2708 dictionem
1012 2642 1224 2709 accessurum
1244 2646 1345 2706 luisse

70 2752 101 2811 si
124 2750 221 2810 verbo
239 2749 358 2828 βρίθειν
377 2765 458 2809 usus
478 2751 583 2824 esset;
604 2750 748 2824 tandem,
762 2750 958 2810 adiectivum
978 2746 1169 2828 ἀριήκοος
1189 2749 1218 2809 si
1230 2749 1345 2810 forma-

70 2852 124 2912 vit
156 2852 235 2925 ipse,
270 2852 310 2911 ad
344 2867 494 2912 normam
525 2852 765 2913 homerioorum
797 2848 956 2930 ἀρίγνωτος
988 2849 1165 2931 ἀριδείκετος
1201 2847 1345 2929 ἀρίσημος

69 2955 160 3015 recte
194 2952 291 3014 finxit
316 2948 346 3025 ¹).
382 2955 427 3014 Ea
461 2957 574 3015 autem
608 2955 637 3014 si
672 2954 815 3030 novavit,
852 2954 908 3013 vix
942 2957 1053 3014 tamen
1087 2970 1136 3016 vs.
1173 2954 1238 3015 310
1269 2968 1342 3013 cum

69 3056 266 3116 Schneidero
288 3072 410 3117 novum
434 3057 658 3118 accusativum
683 3061 749 3131 (pro
775 3055 906 3131 vulgata
929 3057 1067 3117 lectione
1087 3054 1219 3134 μήνυμα)
1239 3055 1343 3115 obtru-

69 3159 149 3218 dere
182 3159 293 3217 nostro
327 3161 464 3221 audeam
497 3157 662 3236 μοκητοί.
695 3159 785 3219 Licet
807 3159 895 3219 enirn
921 3159 1090 3219 videamus
1114 3159 1196 3219 mire
1219 3172 1345 3219 errasse

68 3262 106 3321 in
141 3260 363 3321 huiuscemodi
393 3261 507 3321 formis
534 3261 729 3321 recentiores
755 3263 869 3334 poetas
895 3294 934 3304 -
959 3261 1041 3321 satis
1072 3261 1133 3322 erit
1164 3275 1345 3321 memorare

68 3364 188 3424 notum
222 3362 301 3422 sslud
335 3363 523 3423 Antimachi
560 3360 669 3440 „accpi
697 3383 726 3421 τε
756 3367 937 3440 κυανοχαῖτα
962 3362 1171 3423 Ποσειδάωνι”
1196 3363 1230 3423 et
1253 3362 1345 3421 Arati

73 3462 206 3540 „innova
233 3461 350 3541 φηρδς”
374 3467 547 3525 —tamen
571 3464 660 3525 nullo
685 3464 793 3525 codiee
817 3465 1009 3541 adiuvante,
1035 3480 1110 3526 cum
1133 3479 1197 3525 non
1221 3466 1348 3525 constet
1388 3506 1389 3509 ,

71 3564 311 3627 Callimachum
335 3581 478 3639 unquam
502 3567 535 3626 in
558 3567 619 3626 hac
647 3582 680 3626 re
704 3580 866 3640 peccasse,
888 3566 1112 3627 accusativum
1133 3566 1173 3626 ad
1197 3580 1346 3626 nonnam

72 3666 306 3729 vocabulorum
330 3666 423 3739 quale
447 3669 498 3728 est
520 3664 646 3744 αἰχμητὰ
666 3667 705 3727 ab
726 3682 763 3727 eo
782 3665 896 3727 fictum
917 3669 1031 3741 putare
1051 3666 1166 3744 μοκητοί
1190 3667 1347 3741 (graviore

71 3770 216 3845 proiecto
240 3784 345 3829 errore
366 3783 464 3841 quarn
489 3769 521 3827 in
546 3768 718 3829 homericis
740 3768 806 3827 illis
829 3773 1010 3846 κυανοχαῖτα
1033 3771 1065 3828 et
1086 3766 1195 3829 ἕτιτιοτα
1216 3768 1346 3828 commi·

72 3873 163 3932 serat
191 3871 407 3931 Antimachus
432 3870 482 3931 vel
506 3871 637 3940 Aratus)
670 3870 702 3930 id
733 3870 887 3930 audacius
911 3871 992 3931 milri
1017 3871 1146 3931 videtur
1170 3871 1254 3931 etin
1277 3885 1346 3945 poe-

71 3978 143 4036 tam
176 3973 329 4045 iniquius.
363 3973 519 4032 Attamen
548 3975 659 4033 contra
683 3987 739 4032 eos
762 3973 817 4044 qui
844 3968 968 4050 „typico
991 3971 1135 4050 μύκημα”
1160 3972 1223 4048 legi
1246 3973 1348 4033 insse·

73 4079 150 4135 runt
185 4073 301 4134 validis
333 4074 534 4148 argumentis
568 4074 717 4148 probavit
749 4074 972 4149 Schneiderus,
1005 4074 1096 4134 nihili
1124 4074 1192 4135 fore
1215 4090 1348 4135 versum

72 4180 235 4251 nostrum,
266 4175 330 4234 nisi
360 4176 446 4250 prior
470 4191 596 4250 quoque
619 4190 694 4250 pars
725 4176 765 4236 ad
788 4174 893 4235 filium
917 4175 1010 4235 illum
1033 4175 1209 4251 Pasiphaes
1232 4176 1345 4237 resera·

108 4419 128 4486 ¹)
146 4421 238 4469 Activo
256 4433 332 4467 sensu
350 4420 456 4468 adhibet
473 4420 541 4467 idem
564 4421 718 4468 adiectivum
737 4420 854 4480 Apollon.
872 4420 953 4468 Rhod.
971 4421 1013 4468 Ill.
1035 4420 1106 4468 170⁷.
1123 4421 1241 4481 Itemque
1259 4423 1348 4469 nostro

73 4502 129 4549 loco
156 4501 240 4549 active
267 4501 445 4560 accipiendum
471 4503 548 4558 atque
574 4500 606 4548 ad
629 4501 713 4561 ipsam
736 4500 811 4548 deam
834 4500 998 4547 referendum
1024 4513 1082 4546 esse
1099 4501 1230 4548 contendit
1246 4502 1348 4549 Bredan

75 4581 92 4627 ί.
110 4581 126 4628 ί.
151 4595 177 4642 p.
197 4582 237 4627 36.
263 4580 360 4627 Iniuria
386 4581 412 4626 ni
437 4579 520 4627 fallor.
544 4580 645 4627 Dicitur
670 4580 763 4640 ἄγαλμα
785 4582 895 4645 δριήκοον
912 4579 969 4647 Ιαο.
989 4583 1125 4644 αερίκίντον
1142 4593 1199 4628 eam
1215 4581 1298 4641 ipsam
1314 4580 1348 4629 ob

75 4673 178 4708 cansam
198 4660 259 4719 qnia
278 4661 394 4723 „appeler
411 4658 547 4724 Κύντριδος”
567 4662 631 4717 erat,
648 4662 726 4719 atque
744 4660 805 4708 olim
823 4673 839 4707 a
856 4659 956 4709 Theseo
977 4661 1104 4708 summm
1121 4660 1212 4708 luerat.
