3104 5296
58 465 113 528 iv.
139 467 248 526 6-11
672 468 734 526 113

58 652 200 734 φερέσθω
222 650 333 725 Τυδέος
355 651 443 726 νίὸς”
467 655 613 716 adnotari
633 655 715 715 satis
736 657 804 729 est;
825 655 864 715 de
884 669 944 714 usu
969 656 1080 714 autem
1102 656 1330 716 vocabulorum

57 754 210 835 μεδέων
232 761 293 829 (ve.
308 760 337 827 5)
358 758 392 818 et
414 764 610 835 σπειρουν
634 760 694 826 (ve.
720 758 750 826 6)
774 757 841 817 iam
864 756 988 816 dictum
1012 758 1064 816 est
1086 772 1183 831 supra
1204 773 1275 832 pag.
1288 755 1331 818 43

57 862 93 920 et
118 860 170 920 18.

103 997 160 1058 Vs.
198 999 228 1058 7.
281 992 321 1068 ὣς
345 998 472 1056 Μοῦσαι
494 993 546 1055 τὸν
569 992 684 1073 ἀοιδὸν,
706 990 722 1056 ὃ
746 992 787 1072 μη
812 994 981 1071 Πίμπλειαν
1006 993 1101 1081 ἀείση,

286 1095 437 1176 ἔχθουσιν,
458 1106 514 1169 τῶς
540 1098 652 1176 Φοῖβος
676 1095 735 1169 ὅτις
760 1095 870 1174 Δήλοιο
898 1096 1035 1175 λάθηται.

286 1198 375 1283 Δήλῳ
397 1207 455 1258 νῦν
478 1198 564 1276 οἴμης
586 1196 804 1276 ἀποδάσσομαι,
826 1195 866 1270 ὡς
889 1194 927 1256 ἀν
954 1196 1101 1258 Ἀπόλλων

183 1302 225 1361 10
282 1299 420 1371 Κόνθιος
443 1298 552 1384 αιύἠση
576 1321 611 1378 με
634 1300 723 1378 φίλης
746 1297 887 1379 ἀλίγοντα
911 1298 1045 1377 τιθήνης.

105 1403 259 1464 Formam
291 1401 433 1462 activam
465 1398 660 1479 ἔχθουσιν
688 1404 715 1463 si
748 1401 924 1477 exceperis,
954 1403 1160 1476 etragoedia
1184 1403 1330 1478 desump-

58 1510 142 1580 tam,
172 1504 350 1580 (passivum
370 1503 512 1565 Homero
536 1505 700 1578 cognitum
726 1520 822 1565 versu
850 1505 911 1564 183
943 1503 1073 1563 adhibet
1096 1506 1226 1580 noster),
1251 1506 1333 1564 satis

58 1610 212 1669 accurate
246 1621 303 1681 per
335 1607 488 1678 quattuor
518 1606 614 1667 hosce
640 1621 755 1666 versus
777 1607 887 1680 epicus
914 1620 1022 1665 sermo
1049 1606 1248 1665 observatur.
1273 1607 1334 1666 Ad·

59 1710 210 1770 verbium
243 1708 329 1767 enim
364 1715 434 1778 τῶς
469 1708 571 1767 semel
602 1709 699 1780 atque
730 1708 848 1768 iterum
873 1708 905 1766 iu
929 1707 1102 1766 homericis
1125 1708 1264 1767 occurrit
1288 1710 1333 1778 (Β.

60 1813 144 1886 330;
169 1812 199 1868 Γ
219 1811 300 1883 215;
323 1830 347 1869 ν.
370 1810 462 1883 234);
488 1805 765 1885 ἀποδάσσομαι
789 1811 900 1869 autem
920 1808 1072 1881 quoniam
1094 1808 1177 1868 inter
1197 1809 1335 1869 rariores

59 1913 184 1973 formas
198 1909 378 1970 homericae
396 1913 455 1985 est,
469 1925 585 1969 versus
597 1910 707 1970 sedem
720 1925 805 1970 nunc
817 1911 938 1984 servat,
951 1923 1048 1981 quarn
1063 1908 1176 1968 habuit
1187 1911 1220 1968 in
1233 1910 1333 1970 Iliade

59 2017 102 2085 (P.
128 2015 192 2073 231
231 2009 345 2087 ἐνάρων
379 2007 607 2088 ἀποδάσσομαι).
632 2011 752 2073 Vocem
785 2011 899 2089 οἴμης
932 2011 1026 2083 attigi
1055 2026 1152 2085 supra
1178 2027 1250 2086 pag.
1276 2016 1337 2088 413

61 2114 198 2176 verbum
223 2114 334 2173 autem
358 2107 424 2171 ἀλλ
433 2134 492 2190 χο,
515 2114 599 2186 quod
623 2113 680 2172 111.
704 2114 743 2173 31
769 2128 844 2173 cum
869 2114 1049 2189 negatione,
1080 2118 1116 2174 ut
1146 2114 1239 2190 solet,
1267 2132 1337 2176 con·

59 2218 209 2277 iunctum
244 2213 384 2273 vidimus
409 2214 459 2283 (ci.
485 2230 513 2289 p.
540 2216 592 2284 56)
616 2230 678 2288 quo
702 2230 800 2275 sensu
827 2214 925 2275 Attici
959 2212 1014 2289 ,οά
1038 2214 1205 2291 φροντίζω”
1231 2217 1336 2278 dicere

60 2317 309 2389 consueverant,
333 2328 418 2373 nunc
440 2316 487 2375 ita
510 2317 640 2376 adhibet
662 2319 700 2376 ut
723 2316 898 2390 suspiceris
926 2331 1002 2376 eum
1026 2319 1173 2390 spectare
1198 2320 1222 2379 I.
1249 2322 1313 2379 504

290 2413 345 2490 ,αἴ
363 2412 400 2490 dui
423 2436 453 2474 τε
475 2413 525 2475 καί
549 2410 700 2494 μετόπισθ’
720 2413 808 2494 ’Ἀτης
833 2413 969 2495 ἀλέγουσι
993 2420 1144 2494 κιοῦσαι”,

59 2536 160 2595 quem
196 2533 328 2578 versum
363 2518 432 2576 tam
466 2518 677 2577 notissimum
712 2533 811 2591 quam
843 2517 1016 2578 obscurum
1048 2519 1094 2580 ita
1116 2522 1227 2580 noster
1250 2537 1335 2582 acce·

60 2624 149 2699 pisse
176 2621 302 2680 videtur
324 2621 360 2678 ut
384 2614 521 2696 ἀλέγουσι
544 2620 584 2679 ad
601 2614 688 2695 ’Ἀσης
712 2619 846 2679 referret
870 2619 920 2689 (ci.
944 2619 1044 2680 schol.
1066 2619 1120 2679 LV
1139 2622 1179 2681 ad
1203 2621 1337 2682 Homeri

61 2726 189 2786 locum:
218 2716 453 2797 ,ἁμαρτάνοντες
475 2717 531 2799 γὰρ
556 2717 605 2778 καὶ
628 2716 784 2798 βλαβέντες
812 2719 935 2797 ὕστερον
957 2725 1198 2798 παρακαλοῦμεν,
1220 2743 1338 2800 φρου-

62 2826 225 2903 τίζομεν
260 2817 299 2881 δὲ
330 2830 402 2880 τῶν
426 2818 501 2880 ὑπὸ
524 2818 717 2899 τῆςἍτης
741 2819 1074 2901 πεπραχμίνων.”)
1102 2823 1335 2898 Sudhacquo·

61 2944 124 3001 que
155 2923 390 2999 significatione
423 2923 556 2984 verbum
580 2919 694 3001 ἀλέγειν
718 2939 792 2983 cum
822 2924 972 2996 genetivo
996 2924 1112 3000 iunxit,
1138 2940 1336 2999 quamquam

61 3032 94 3090 in
120 3029 192 3104 ipso
216 3042 277 3087 usu
303 3026 391 3086 verbi
411 3026 493 3085 satie
516 3025 671 3098 singulari
693 3025 868 3085 Pindarum
889 3026 1027 3086 fortasse
1048 3029 1180 3087 secutus
1200 3032 1260 3104 est,
1282 3030 1336 3101 qui

65 3131 109 3192 Ol.
133 3131 191 3190 XI.
220 3130 260 3189 15
286 3127 369 3187 dixit
395 3134 472 3202 ,τῶν
493 3120 710 3206 Ἐπιζεφυρίων
734 3130 863 3203 Λοκρῶν
887 3124 993 3205 γενεὰν
1016 3125 1158 3207 ἀλόχων.”

125 3294 182 3353 Vs,
210 3294 260 3352 11.
306 3290 389 3368 κείνη
411 3283 435 3370 χ’
461 3287 637 3368 ἠνεμόεσσα,
658 3289 841 3366 κατοίτροπος
865 3282 913 3350 οίοί
937 3285 968 3350 θ’
994 3287 1118 3369 όιλιπληξ

309 3389 434 3474 αίθυίης
456 3387 507 3450 καί
529 3394 641 3467 μᾶλλον
664 3388 822 3470 ἐπίδρομος
845 3387 935 3469 ηίπερ
959 3390 1060 3464 ἵπποις

309 3490 408 3576 πόντῳ
431 3489 636 3570 ἕνεστήρικται·
662 3487 678 3552 d
704 3487 732 3551 δ’
759 3490 839 3569 ἀμφί
859 3489 874 3552 ἓ
896 3492 1011 3565 πουλὺς
1033 3491 1156 3554 ἑλίσσων

307 3588 437 3673 Ἰκαρίου
460 3580 572 3671 πολλὴν
597 3591 798 3672 ἀπομάσσεται
820 3593 929 3666 ὕδατος
953 3591 1055 3674 όίχνην.

213 3701 253 3759 15
309 3704 348 3778 τῷ
371 3711 428 3771 σφε
450 3692 501 3754 καί
530 3694 709 3775 ἰχθυβολῆες
734 3691 871 3756 ἁλίπλοοι
895 3693 1085 3757 ἐννάσσαντο.

108 3800 324 3863 Schneiderus
355 3813 430 3859 cum
461 3798 590 3858 reiectis
624 3799 760 3858 aliorum
794 3799 988 3859 coniecturis
1013 3815 1059 3860 νε.
1088 3801 1126 3859 11
1152 3813 1208 3873 pro
1235 3794 1339 3877 ,ἀτρο-

64 3905 142 3975 πος”
166 3900 414 3977 proponentium
437 3895 568 3976 ἀσπορος
592 3895 718 3979 ἀτρνχος
741 3901 817 3960 cett.
843 3900 911 3974 ipse
931 3900 995 3972 legi
1015 3901 1139 3961 iuberet
1157 3898 1339 3979 κατάιροπος

65 4005 162 4079 (quod
185 4003 312 4077 recepi),
337 4001 463 4062 abunde
486 4001 665 4077 disputavit
684 4003 723 4062 de
747 4001 780 4061 vi
803 4001 1010 4062 substantiva
1033 4002 1184 4062 adiectivi
1207 3997 1339 4078 ἀλιπληξ.

64 4106 177 4179 Neque
206 4103 309 4164 habeo
340 4103 424 4175 quod
453 4103 582 4178 addam,
615 4103 677 4162 nisi
709 4103 792 4176 quod
822 4118 953 4163 monere
978 4102 1087 4164 iicebit
1110 4104 1144 4163 in
1167 4104 1228 4164 hac
1251 4118 1339 4178 voce,

65 4223 149 4281 quae
185 4220 241 4281 pro
273 4200 450 4282 ἀλίπληκτος
483 4203 758 4282 (θαλασσόπληκτος
790 4202 1059 4274 θαλασσόκλυστος)
1083 4205 1170 4265 diota
1193 4207 1254 4279 est,
1277 4220 1340 4265 non

66 4307 313 4370 accuratissime
345 4308 486 4382 exempli
519 4306 675 4368 homerici
706 4307 774 4366 vim
809 4320 958 4366 servasse
987 4305 1232 4382 callimachum,
1263 4322 1341 4367 uam

65 4411 270 4474 homericum
293 4406 428 4486 βονπλὴξ
449 4410 517 4469 vim
536 4409 635 4469 habet
654 4408 807 4469 activam.
829 4407 966 4469 Secutus
987 4410 1038 4468 est
1060 4411 1171 4469 noster
1190 4409 1341 4470 recentio-

66 4528 140 4574 rum
171 4511 357 4572 lihertatem
389 4524 488 4584 uuam
513 4512 654 4571 testatur
678 4509 871 4585 Sophocleae
895 4509 1023 4570 fabulae
1046 4510 1162 4570 titulus
1181 4504 1342 4580 Ὀδυσσεὺς

65 4611 272 4690 ἀιανθοπληξ.
305 4611 446 4673 Oenierri
480 4612 608 4687 poterit,
643 4612 698 4685 qui
729 4611 821 4686 plura
852 4612 947 4671 huius
981 4613 1108 4685 generis
1141 4615 1209 4672 tam
1234 4612 1342 4672 activa

1222 4719 1237 4760 a
