3068 5294
57 496 105 559 11.
133 493 267 560 ea-ta
671 488 732 554 211

60 688 159 750 sibus
189 684 377 763 apparuisse
407 682 544 760 delphini
570 683 675 744 forma
698 680 857 745 indutum.
882 680 922 746 iit
944 684 1005 746 hoe
1028 685 1157 761 quidem
1180 700 1245 749 non
1268 687 1338 750 Pin·

62 790 144 851 daro
164 788 269 865 debet,
291 789 435 849 ceterum
456 785 526 847 eius
546 784 751 862 memoriam,
772 787 814 864 ut,
825 801 883 860 par
902 788 953 847 est
972 788 1005 847 in
1026 786 1166 863 Cyrenes
1178 789 1337 869 laudibus,

62 892 238 967 diligenter
273 888 381 951 coluit.
416 887 545 949 Etenim
582 886 637 947 vix
672 886 815 961 apertius
849 887 954 962 potuit
988 889 1138 968 indicare,
1170 892 1210 954 ad
1240 909 1338 968 quem

62 996 234 1055 auctorem
264 992 378 1053 laudes
408 988 497 1050 urbis
528 1003 607 1050 suae
631 987 774 1065 referret,
799 1003 897 1062 quam
922 990 999 1051 ieclt
1021 1005 1070 1052 vs.
1095 994 1137 1053 69
1160 1008 1237 1070 sqq,
1262 1009 1336 1056 cum

63 1093 255 1173 profitetur:
283 1088 396 1171 ,αὐτὰρ
421 1086 477 1170 ἐγὼ
500 1091 660 1169 Καρνεῖον,
683 1085 748 1165 ἐμολ
770 1088 919 1167 πατρώιον
951 1090 1060 1168 οῧτα”,
1084 1092 1244 1156 Battiadie
1271 1111 1338 1172 pro·

62 1198 138 1258 avis
165 1196 253 1258 hand
280 1195 391 1256 minus
417 1192 575 1267 gloriatus
606 1206 705 1265 quam
735 1192 813 1253 olim
834 1192 992 1254 Pindarus
1012 1209 1128 1268 genere
1151 1211 1221 1275 suo,
1245 1198 1338 1259 euius

63 1300 166 1362 verba
190 1299 271 1360 haee
292 1299 371 1358 sunt
394 1294 493 1372 (Pyle.
517 1293 556 1356 V.
582 1293 723 1363 72-76)

602 1393 634 1455 τὸ
657 1387 687 1454 δ’
714 1391 786 1473 ἐμὸν
808 1395 919 1476 γαρύεν

312 1496 372 1559 άπὸ
395 1495 536 1576 Σπάρτας
561 1492 708 1576 ἐπήρατον
730 1492 824 1574 κλέος,

311 1598 385 1661 ὅθεν
408 1596 615 1680 γεγεννάμενοι

311 1701 410 1763 λ’κοντο
436 1698 573 1780 Θήρανδε
596 1707 691 1776 φῶτες
718 1697 864 1780 Αἰγεΐδαι,

313 1800 378 1881 ἕμολ
399 1798 530 1881 πατέρες,
553 1797 590 1861 οδ
613 1805 695 1860 θεῶν
717 1797 795 1881 άπερ,
817 1797 891 1861 ἀλλά
914 1802 1002 1883 μοῖρά
1025 1827 1068 1878 τις
1092 1802 1171 1887 άγεν.

107 1907 282 1982 Respicere
313 1907 462 1967 nostrum
494 1903 554 1965 hoe
581 1918 723 1980 carmen,
748 1904 776 1963 si
800 1904 969 1979 utriusque
992 1910 1105 1983 poetae
1128 1911 1235 1970 totum
1257 1909 1335 1972 rele-

62 2025 123 2085 gas
154 2010 314 2084 hymnum
346 2007 404 2067 vix
433 2008 610 2079 negaturus
637 2005 694 2081 sis,
726 2006 789 2066 etsi
812 2005 881 2067 suis
904 2010 1014 2070 noster
1039 2011 1145 2071 verbis
1168 2011 1336 2074 Pindarieae

62 2111 178 2174 reddit.
211 2109 315 2172 Simul
348 2109 527 2170 Homerum
559 2122 622 2168 non
653 2107 805 2182 neglegit.
837 2108 919 2185 Quin
950 2111 1020 2186 ipso
1044 2128 1141 2174 versu
1166 2114 1208 2175 70
1232 2114 1261 2177 ei
1284 2114 1333 2176 ob·

63 2214 216 2274 versatus
249 2213 319 2273 erat
353 2211 497 2285 hymnus
530 2209 563 2270 in
594 2209 788 2284 Apollinem.
816 2211 886 2271 Iam
918 2226 1017 2289 supra
1047 2229 1117 2290 pag.
1151 2216 1193 2276 50
1220 2216 1334 2291 hymni

62 2329 180 2375 versus
213 2315 255 2376 79
286 2315 320 2374 et
351 2312 394 2372 80
425 2326 500 2372 oum
530 2312 641 2372 nostro
672 2312 848 2389 composui,
880 2314 963 2375 adici
993 2316 1110 2390 potest,
1142 2333 1204 2392 quo
1228 2319 1334 2394 magis

60 2415 192 2495 πάντη
215 2415 407 2491 illustretur,
431 2409 577 2474 eiusdem
600 2411 715 2487 hymni
739 2428 787 2474 vs.
813 2414 855 2474 20

310 2514 407 2592 πάντη
430 2512 486 2594 γάρ
509 2534 554 2573 τοι
580 2514 672 2592 Φοῖβε
696 2512 783 2592 νόμοι
807 2510 940 2594 βεβλήατ’
967 2513 1083 2596 άοιδής,

61 2618 147 2693 quod
168 2619 215 2679 ita
233 2619 338 2680 reddit
357 2618 485 2679 noster:
513 2614 628 2695 ,πάντη
648 2613 681 2676 δέ
699 2637 743 2676 τοι
763 2613 878 2695 οὔνομα
897 2619 1027 2697 πουλύ”,
1047 2620 1334 2697 αδιραατολεὸνανίε

60 2737 83 2782 α
105 2720 222 2782 moue.
247 2720 309 2782 Sed
331 2735 447 2797 pamm
471 2733 546 2779 cum
569 2718 658 2780 hisce
682 2718 853 2780 convenire
877 2720 1016 2782 dixerim
1041 2724 1174 2785 verbum
1194 2723 1331 2788 καλέουσι

60 2839 111 2885 vs.
122 2824 175 2900 69,
188 2822 280 2885 euius
292 2822 382 2883 verbi
393 2836 457 2883 non
470 2819 552 2881 satis
564 2835 684 2894 magna
695 2821 746 2882 est
759 2822 826 2882 vis:
840 2823 1013 2896 requiritur
1024 2825 1113 2886 enim
1125 2841 1189 2887 non
1200 2832 1332 2892 vocandi

59 2926 119 2988 sed
138 2924 313 2986 τελεδκακδι·
330 2923 428 2985 notio.
441 2921 544 3000 Quare
556 2922 702 2998 suspicor
715 2922 959 2999 Callimachum,
973 2925 1054 2987 aiios
1065 2934 1179 3002 poetas
1190 2930 1329 2993 indiean·

58 3030 129 3090 tem
161 3027 216 3101 qui
242 3025 426 3101 Apollinem
457 3024 527 3086 sive
558 3022 690 3103 Κλάριον
720 3024 790 3085 sive
814 3023 1003 3104 Βοηδρόμιον
1026 3027 1175 3091 laudibus
1197 3033 1329 3094 extulis-

58 3131 145 3206 sent,
169 3127 296 3189 dedisse
326 3124 518 3202 κλείουσι,
547 3139 611 3185 non
634 3121 780 3184 καλέουσι.
805 3125 922 3187 Forma
947 3143 1061 3189 versus
1084 3145 1123 3191 sa
1146 3133 1329 3196 coniectura

57 3231 163 3293 oritur
191 3229 302 3291 minue
332 3227 429 3289 solita
450 3226 484 3287 in
510 3225 717 3303 Callimacho,
741 3227 798 3287 sed
821 3242 925 3301 neque
949 3229 1055 3292 aliena
1077 3231 1117 3292 ab
1141 3233 1327 3297 Alexandri·

56 3348 177 3394 norum
208 3346 298 3393 more
329 3332 362 3391 et
391 3344 477 3390 nune
511 3344 549 3390 eo
581 3329 690 3390 miuus
721 3328 834 3403 culpae
864 3329 1013 3408 obnoxia,
1041 3335 1116 3407 quia
1139 3337 1242 3410 praeit
1266 3354 1328 3399 vox

57 3436 201 3511 quinque
219 3433 419 3509 syllabarum
439 3431 489 3502 (ei.
503 3431 528 3491 1.
550 3432 592 3492 42
610 3429 783 3509 Λυκαονλης
802 3427 940 3508 άρκτοιο).
960 3433 1000 3493 Et
1020 3434 1157 3497 fortasse
1177 3438 1328 3514 idipsum

56 3539 143 3613 quod
166 3538 304 3599 rariores
327 3534 420 3595 erant
443 3548 558 3594 versus
581 3533 718 3610 numeri,
742 3533 881 3594 librariis
905 3535 1009 3596 fraudi
1032 3536 1103 3599 luit.

124 3741 182 3804 Vs,
209 3740 259 3802 72.
296 3736 430 3815 ’Σπάρτη
452 3758 497 3796 τοι
521 3738 648 3814 Καρνεῖε
669 3734 737 3797 τόδε
758 3735 922 3816 πρώτιστον
944 3735 1080 3817 ἔδεθλον,

304 3839 441 3918 δεύτερον
465 3828 505 3898 αὖ
531 3837 625 3916 Θήρη,
647 3836 780 3916 τρίτατόν
802 3859 834 3918 γε
857 3835 912 3915 μὲν
937 3836 1010 3901 άστα
1034 3841 1185 3922 Κυρήνης·

304 3939 335 4002 ἐκ
358 3938 412 4019 μέν
436 3957 467 4000 σε
488 3939 630 4019 Σπάρτης
654 3935 737 3999 ἕκτον
759 3936 845 4019 γένος
870 3941 1035 4003 Οἰδιπόδαο

205 4045 246 4106 75
303 4040 393 4123 ήγαγε
416 4041 555 4120 ’Θηραλην
579 4038 608 4113 ἐς
631 4038 794 4102 ἀπόκτισιν·
818 4039 851 4103 ἐκ
875 4039 907 4103 δέ
930 4060 962 4104 σε
987 4043 1087 4123 Θήρης

303 4135 391 4216 οὖλος
414 4140 608 4223 Ἀριστοτέλης
634 4141 797 4222 Ἀσβυστίδι
820 4143 952 4224 πάρθετο
976 4145 1054 4229 γαίη.

302 4245 382 4323 δεῖρε
406 4242 438 4306 δέ
461 4267 505 4305 τοι
528 4243 607 4322 μάλα
630 4243 721 4305 καλὸν
743 4242 917 4326 ἀνάκτορον·
942 4244 974 4307 ἐν
1000 4243 1032 4308 δὲ
1055 4247 1144 4327 πάληι

302 4352 380 4426 θήκε
402 4351 593 4426 τελεσφορλην
617 4343 781 4424 ἒπετήσιον,
803 4341 823 4432 ή
847 4346 891 4408 ἔνι
914 4347 1018 4410 πολλολ

302 4446 440 4510 ὑστάτιον
463 4447 623 4509 πίπτουσιν
650 4441 693 4508 ἐπ’
719 4447 812 4527 ἰσχίον
836 4441 860 4509 ὦ
882 4447 941 4510 άνα
964 4459 1076 4531 ταῦροι.

54 4555 180 4615 Vitium
216 4553 301 4627 quod
334 4553 367 4613 in
402 4552 519 4628 primis
552 4552 658 4612 verbis
692 4552 788 4611 huius
819 4554 921 4627 partis
955 4554 1056 4616 latere
1087 4555 1226 4617 editores
1257 4572 1326 4619 eon·

25 4657 211 4731 sentiunt,
252 4655 373 4715 frustra
412 4654 525 4714 tollere
556 4655 691 4714 conatur
720 4653 934 4717 Schneiderus
968 4656 1120 4718 lacunam
1155 4658 1327 4720 statuendo
