<?xml version="1.0" encoding="UTF-8"?>
<!DOCTYPE html PUBLIC "-//W3C//DTD XHTML 1.0 Transitional//EN"
    "http://www.w3.org/TR/xhtml1/DTD/xhtml1-transitional.dtd">
<html xmlns="http://www.w3.org/1999/xhtml" xml:lang="en" lang="en">
 <head>
  <title>
</title>
<meta http-equiv="Content-Type" content="text/html;charset=utf-8" />
  <meta name='ocr-system' content='tesseract 3.04.00' />
  <meta name='ocr-capabilities' content='ocr_page ocr_carea ocr_par ocr_line ocrx_word'/>
</head>
<body>
  <div class='ocr_page' id='page_1' title='image "./studiacallimach01kuipgoog_0295.png"; bbox 0 0 3068 5288; ppageno 0'>
   <div class='ocr_carea' id='block_1_1' title="bbox 852 473 895 533">
    <p class='ocr_par' dir='ltr' id='par_1_1' title="bbox 852 473 895 533">
     <span class='ocr_line' id='line_1_1' title="bbox 852 473 895 533; baseline -0.023 0"><span class='ocrx_word' id='word_1_1' title='bbox 852 473 895 533; x_wconf 86' lang='lat'><strong>34</strong></span> 
     </span>
    </p>
   </div>
   <div class='ocr_carea' id='block_1_2' title="bbox 229 659 1506 1152">
    <p class='ocr_par' dir='ltr' id='par_1_2' title="bbox 229 659 1506 1152">
     <span class='ocr_line' id='line_1_2' title="bbox 232 659 1506 746; baseline 0.006 -23"><span class='ocrx_word' id='word_1_2' title='bbox 232 678 274 723; x_wconf 85' lang='lat' dir='ltr'><strong>ex</strong></span> <span class='ocrx_word' id='word_1_3' title='bbox 305 660 470 722; x_wconf 80' lang='lat' dir='ltr'><strong>veteribus</strong></span> <span class='ocrx_word' id='word_1_4' title='bbox 498 659 738 721; x_wconf 81' lang='lat' dir='ltr'>narrationibus</span> <span class='ocrx_word' id='word_1_5' title='bbox 765 661 851 722; x_wconf 90' lang='lat' dir='ltr'><strong>baud</strong></span> <span class='ocrx_word' id='word_1_6' title='bbox 877 662 990 736; x_wconf 78' lang='lat' dir='ltr'><strong>paucis</strong></span> <span class='ocrx_word' id='word_1_7' title='bbox 1019 662 1196 726; x_wconf 86' lang='lat' dir='ltr'><strong>immutata</strong></span> <span class='ocrx_word' id='word_1_8' title='bbox 1228 667 1389 746; x_wconf 81' lang='lat' dir='ltr'><strong>ridentur,</strong></span> <span class='ocrx_word' id='word_1_9' title='bbox 1415 670 1506 731; x_wconf 83' lang='lat' dir='ltr'><strong>docte</strong></span> 
     </span>
     <span class='ocr_line' id='line_1_3' title="bbox 231 760 1503 843; baseline 0.006 -19"><span class='ocrx_word' id='word_1_10' title='bbox 231 779 311 824; x_wconf 89' lang='lat' dir='ltr'><strong>sane</strong></span> <span class='ocrx_word' id='word_1_11' title='bbox 330 765 364 823; x_wconf 91' lang='lat' dir='ltr'><strong>et</strong></span> <span class='ocrx_word' id='word_1_12' title='bbox 381 760 510 837; x_wconf 92' lang='lat' dir='ltr'><strong>proprio</strong></span> <span class='ocrx_word' id='word_1_13' title='bbox 529 761 673 823; x_wconf 90' lang='lat' dir='ltr'><strong>consilio.</strong></span> <span class='ocrx_word' id='word_1_14' title='bbox 692 762 851 825; x_wconf 80' lang='lat' dir='ltr'><strong>Arcadiae</strong></span> <span class='ocrx_word' id='word_1_15' title='bbox 871 763 1027 825; x_wconf 87' lang='lat' dir='ltr'><strong>honorem</strong></span> <span class='ocrx_word' id='word_1_16' title='bbox 1039 765 1160 826; x_wconf 90' lang='lat' dir='ltr'><strong>iterum</strong></span> <span class='ocrx_word' id='word_1_17' title='bbox 1171 771 1300 843; x_wconf 85' lang='lat' dir='ltr'><strong>spectat</strong></span> <span class='ocrx_word' id='word_1_18' title='bbox 1311 773 1346 831; x_wconf 90' lang='lat' dir='ltr'><strong>et</strong></span> <span class='ocrx_word' id='word_1_19' title='bbox 1357 773 1503 831; x_wconf 81' lang='lat' dir='ltr'><strong>Arcadici</strong></span> 
     </span>
     <span class='ocr_line' id='line_1_4' title="bbox 231 862 1500 940; baseline 0.006 -13"><span class='ocrx_word' id='word_1_20' title='bbox 231 866 334 927; x_wconf 92' lang='lat' dir='ltr'><strong>moris</strong></span> <span class='ocrx_word' id='word_1_21' title='bbox 353 862 449 924; x_wconf 82' lang='grc' dir='ltr'><strong><em>αἴτιον</em></strong></span> <span class='ocrx_word' id='word_1_22' title='bbox 468 863 603 940; x_wconf 88' lang='lat' dir='ltr'><strong>indicat,</strong></span> <span class='ocrx_word' id='word_1_23' title='bbox 624 879 761 924; x_wconf 88' lang='lat' dir='ltr'><strong>narrans</strong></span> <span class='ocrx_word' id='word_1_24' title='bbox 780 879 894 925; x_wconf 80' lang='lat' dir='ltr'><strong>cervae</strong></span> <span class='ocrx_word' id='word_1_25' title='bbox 913 881 933 925; x_wconf 91' lang='lat' dir='ltr'><strong>a</strong></span> <span class='ocrx_word' id='word_1_26' title='bbox 952 865 1012 926; x_wconf 91' lang='lat' dir='ltr'><strong>dea</strong></span> <span class='ocrx_word' id='word_1_27' title='bbox 1030 882 1126 928; x_wconf 87' lang='lat' dir='ltr'><strong>curru</strong></span> <span class='ocrx_word' id='word_1_28' title='bbox 1145 868 1248 931; x_wconf 78' lang='lat' dir='ltr'><strong>tuisse</strong></span> <span class='ocrx_word' id='word_1_29' title='bbox 1268 872 1409 933; x_wconf 84' lang='lat' dir='ltr'><strong>iunctas.</strong></span> <span class='ocrx_word' id='word_1_30' title='bbox 1422 873 1500 934; x_wconf 88' lang='lat' dir='ltr'><strong>Nam</strong></span> 
     </span>
     <span class='ocr_line' id='line_1_5' title="bbox 230 964 1500 1048; baseline 0.006 -19"><span class='ocrx_word' id='word_1_31' title='bbox 230 968 315 1043; x_wconf 89' lang='lat' dir='ltr'><strong>apud</strong></span> <span class='ocrx_word' id='word_1_32' title='bbox 334 966 478 1027; x_wconf 79' lang='lat' dir='ltr'><strong>Arcades</strong></span> <span class='ocrx_word' id='word_1_33' title='bbox 496 964 619 1026; x_wconf 91' lang='lat' dir='ltr'><strong>Dianae</strong></span> <span class='ocrx_word' id='word_1_34' title='bbox 642 964 728 1026; x_wconf 88' lang='lat' dir='ltr'><strong>haud</strong></span> <span class='ocrx_word' id='word_1_35' title='bbox 747 981 820 1026; x_wconf 89' lang='lat' dir='ltr'><strong>raro</strong></span> <span class='ocrx_word' id='word_1_36' title='bbox 844 967 878 1026; x_wconf 92' lang='lat' dir='ltr'><strong>in</strong></span> <span class='ocrx_word' id='word_1_37' title='bbox 897 968 1043 1027; x_wconf 91' lang='lat' dir='ltr'><strong>nummis</strong></span> <span class='ocrx_word' id='word_1_38' title='bbox 1063 971 1161 1043; x_wconf 75' lang='lat' dir='ltr'><strong>atque</strong></span> <span class='ocrx_word' id='word_1_39' title='bbox 1179 972 1379 1048; x_wconf 75' lang='lat' dir='ltr'><strong>imaginibus</strong></span> <span class='ocrx_word' id='word_1_40' title='bbox 1392 991 1500 1036; x_wconf 88' lang='lat' dir='ltr'><strong>currus</strong></span> 
     </span>
     <span class='ocr_line' id='line_1_6' title="bbox 229 1067 1498 1152; baseline 0.006 -21"><span class='ocrx_word' id='word_1_41' title='bbox 229 1069 407 1131; x_wconf 77' lang='lat' dir='ltr'><strong>addebatur</strong></span> <span class='ocrx_word' id='word_1_42' title='bbox 434 1083 454 1128; x_wconf 90' lang='lat' dir='ltr'><strong>a</strong></span> <span class='ocrx_word' id='word_1_43' title='bbox 480 1067 586 1128; x_wconf 84' lang='lat' dir='ltr'><strong>cervis</strong></span> <span class='ocrx_word' id='word_1_44' title='bbox 608 1070 736 1144; x_wconf 74' lang='lat' dir='ltr'><strong>secum,</strong></span> <span class='ocrx_word' id='word_1_45' title='bbox 760 1068 858 1128; x_wconf 86' lang='lat' dir='ltr'><strong>sicuti</strong></span> <span class='ocrx_word' id='word_1_46' title='bbox 880 1067 914 1128; x_wconf 92' lang='lat' dir='ltr'><strong>in</strong></span> <span class='ocrx_word' id='word_1_47' title='bbox 937 1070 1061 1145; x_wconf 88' lang='lat' dir='ltr'><strong>templo</strong></span> <span class='ocrx_word' id='word_1_48' title='bbox 1083 1072 1226 1135; x_wconf 84' lang='lat' dir='ltr'><strong>Bassaeo</strong></span> <span class='ocrx_word' id='word_1_49' title='bbox 1245 1077 1498 1152; x_wconf 78' lang='lat' dir='ltr'><strong>conspiciebatur</strong></span> 
     </span>
    </p>
   </div>
   <div class='ocr_carea' id='block_1_3' title="bbox 154 1164 1534 3189">
    <p class='ocr_par' dir='ltr' id='par_1_3' title="bbox 154 1164 1534 3189">
     <span class='ocr_line' id='line_1_7' title="bbox 230 1164 1494 1244; baseline 0.006 -12"><span class='ocrx_word' id='word_1_50' title='bbox 230 1173 264 1232; x_wconf 92' lang='lat' dir='ltr'><strong>in</strong></span> <span class='ocrx_word' id='word_1_51' title='bbox 287 1171 400 1232; x_wconf 90' lang='lat' dir='ltr'><strong>eodem</strong></span> <span class='ocrx_word' id='word_1_52' title='bbox 425 1184 520 1230; x_wconf 86' lang='lat' dir='ltr'><strong>curru</strong></span> <span class='ocrx_word' id='word_1_53' title='bbox 539 1184 615 1230; x_wconf 91' lang='lat' dir='ltr'><strong>cum</strong></span> <span class='ocrx_word' id='word_1_54' title='bbox 642 1168 791 1244; x_wconf 84' lang='lat' dir='ltr'><strong>Apolline</strong></span> <span class='ocrx_word' id='word_1_55' title='bbox 809 1167 914 1229; x_wconf 87' lang='lat' dir='ltr'><strong>Diana</strong></span> <span class='ocrx_word' id='word_1_56' title='bbox 936 1164 967 1240; x_wconf 88' lang='lat'><strong>¹).</strong></span> <span class='ocrx_word' id='word_1_57' title='bbox 989 1171 1112 1234; x_wconf 84' lang='lat' dir='ltr'><strong>idcirco</strong></span> <span class='ocrx_word' id='word_1_58' title='bbox 1139 1175 1241 1236; x_wconf 90' lang='lat' dir='ltr'><strong>etiam</strong></span> <span class='ocrx_word' id='word_1_59' title='bbox 1267 1193 1382 1238; x_wconf 88' lang='lat' dir='ltr'><strong>sacrae</strong></span> <span class='ocrx_word' id='word_1_60' title='bbox 1409 1194 1494 1239; x_wconf 85' lang='lat' dir='ltr'><strong>vena·</strong></span> 
     </span>
     <span class='ocr_line' id='line_1_8' title="bbox 228 1269 1493 1354; baseline 0.002 -19"><span class='ocrx_word' id='word_1_61' title='bbox 228 1274 328 1336; x_wconf 85' lang='lat' dir='ltr'><strong>tionis</strong></span> <span class='ocrx_word' id='word_1_62' title='bbox 346 1273 468 1333; x_wconf 92' lang='lat' dir='ltr'><strong>honore</strong></span> <span class='ocrx_word' id='word_1_63' title='bbox 486 1271 631 1331; x_wconf 88' lang='lat' dir='ltr'><strong>ornanda</strong></span> <span class='ocrx_word' id='word_1_64' title='bbox 648 1269 819 1332; x_wconf 80' lang='lat' dir='ltr'><strong>videbatur</strong></span> <span class='ocrx_word' id='word_1_65' title='bbox 838 1272 990 1349; x_wconf 86' lang='lat' dir='ltr'><strong>Arcadia,</strong></span> <span class='ocrx_word' id='word_1_66' title='bbox 1012 1275 1097 1350; x_wconf 89' lang='lat' dir='ltr'><strong>quod</strong></span> <span class='ocrx_word' id='word_1_67' title='bbox 1115 1278 1153 1336; x_wconf 92' lang='lat' dir='ltr'><strong>ut</strong></span> <span class='ocrx_word' id='word_1_68' title='bbox 1171 1274 1265 1338; x_wconf 86' lang='lat' dir='ltr'><strong>heret</strong></span> <span class='ocrx_word' id='word_1_69' title='bbox 1281 1279 1493 1354; x_wconf 87' lang='lat' dir='ltr'><strong>coniungenda</strong></span> 
     </span>
     <span class='ocr_line' id='line_1_9' title="bbox 228 1374 1490 1456; baseline 0.001 -18"><span class='ocrx_word' id='word_1_70' title='bbox 228 1379 322 1438; x_wconf 89' lang='lat' dir='ltr'><strong>erant</strong></span> <span class='ocrx_word' id='word_1_71' title='bbox 344 1377 378 1436; x_wconf 85' lang='lat' dir='ltr'><strong>et</strong></span> <span class='ocrx_word' id='word_1_72' title='bbox 400 1374 568 1435; x_wconf 88' lang='lat' dir='ltr'><strong>miscenda</strong></span> <span class='ocrx_word' id='word_1_73' title='bbox 589 1374 780 1435; x_wconf 87' lang='lat' dir='ltr'><strong>testimonia</strong></span> <span class='ocrx_word' id='word_1_74' title='bbox 801 1376 961 1437; x_wconf 79' lang='lat' dir='ltr'><strong>veterum.</strong></span> <span class='ocrx_word' id='word_1_75' title='bbox 985 1376 1057 1437; x_wconf 92' lang='lat' dir='ltr'><strong>Iam</strong></span> <span class='ocrx_word' id='word_1_76' title='bbox 1080 1378 1169 1438; x_wconf 92' lang='lat' dir='ltr'><strong>enim</strong></span> <span class='ocrx_word' id='word_1_77' title='bbox 1196 1379 1357 1440; x_wconf 89' lang='lat' dir='ltr'><strong>Pindarus</strong></span> <span class='ocrx_word' id='word_1_78' title='bbox 1376 1396 1490 1456; x_wconf 87' lang='lat' dir='ltr'><strong>quoque</strong></span> 
     </span>
     <span class='ocr_line' id='line_1_10' title="bbox 228 1477 1487 1558; baseline 0 -18"><span class='ocrx_word' id='word_1_79' title='bbox 228 1495 304 1540; x_wconf 88' lang='lat' dir='ltr'><strong>cum</strong></span> <span class='ocrx_word' id='word_1_80' title='bbox 326 1478 449 1539; x_wconf 91' lang='lat' dir='ltr'><strong>Dianae</strong></span> <span class='ocrx_word' id='word_1_81' title='bbox 472 1477 561 1538; x_wconf 89' lang='lat' dir='ltr'><strong>cultu</strong></span> <span class='ocrx_word' id='word_1_82' title='bbox 585 1478 798 1539; x_wconf 87' lang='lat' dir='ltr'><strong>coniunxerat</strong></span> <span class='ocrx_word' id='word_1_83' title='bbox 822 1493 953 1539; x_wconf 86' lang='lat' dir='ltr'><strong>cervam</strong></span> <span class='ocrx_word' id='word_1_84' title='bbox 977 1477 1204 1556; x_wconf 82' lang='lat' dir='ltr'><strong>Gerenytiden,</strong></span> <span class='ocrx_word' id='word_1_85' title='bbox 1237 1481 1359 1558; x_wconf 77' lang='lat' dir='ltr'><strong>olymp.</strong></span> <span class='ocrx_word' id='word_1_86' title='bbox 1381 1482 1436 1542; x_wconf 89' lang='lat'>111.</span> <span class='ocrx_word' id='word_1_87' title='bbox 1456 1482 1487 1541; x_wconf 78' lang='lat'><strong>29</strong></span> 
     </span>
     <span class='ocr_line' id='line_1_11' title="bbox 227 1576 1487 1662; baseline -0.002 -20"><span class='ocrx_word' id='word_1_88' title='bbox 227 1595 416 1642; x_wconf 90' lang='lat' dir='ltr'><strong>memorans</strong></span> <span class='ocrx_word' id='word_1_89' title='bbox 431 1578 605 1640; x_wconf 88' lang='lat' dir='ltr'><strong>Herculem</strong></span> <span class='ocrx_word' id='word_1_90' title='bbox 622 1625 636 1654; x_wconf 93' lang='lat'><strong>,</strong></span> <span class='ocrx_word' id='word_1_91' title='bbox 645 1578 832 1658; x_wconf 74' lang='grc' dir='ltr'><strong><em>χρυσόκερων</em></strong></span> <span class='ocrx_word' id='word_1_92' title='bbox 844 1577 957 1655; x_wconf 71' lang='grc' dir='ltr'><strong><em>ἔλαφον</em></strong></span> <span class='ocrx_word' id='word_1_93' title='bbox 968 1579 1096 1658; x_wconf 80' lang='grc' dir='ltr'><strong><em>θήλειαν</em></strong></span> <span class='ocrx_word' id='word_1_94' title='bbox 1107 1576 1224 1659; x_wconf 76' lang='grc' dir='ltr'><strong><em>ἄξονθ’,</em></strong></span> <span class='ocrx_word' id='word_1_95' title='bbox 1234 1579 1273 1641; x_wconf 75' lang='lat' dir='ltr'><strong>civ</strong></span> <span class='ocrx_word' id='word_1_96' title='bbox 1284 1604 1357 1643; x_wconf 73' lang='grc' dir='ltr'><strong><em>ποτε</em></strong></span> <span class='ocrx_word' id='word_1_97' title='bbox 1371 1581 1487 1662; x_wconf 76' lang='grc' dir='ltr'><strong><em>Ταϋγέτα</em></strong></span> 
     </span>
     <span class='ocr_line' id='line_1_12' title="bbox 227 1675 1533 1765; baseline 0.001 -22"><span class='ocrx_word' id='word_1_98' title='bbox 227 1675 373 1743; x_wconf 57' lang='lat' dir='ltr'><strong>&amp;mettid</strong></span> <span class='ocrx_word' id='word_1_99' title='bbox 395 1675 545 1764; x_wconf 70' lang='grc' dir='ltr'><strong><em>Ὀρθωσίᾳ</em></strong></span> <span class='ocrx_word' id='word_1_100' title='bbox 564 1678 695 1759; x_wconf 73' lang='grc' dir='ltr'><strong><em>ἔγραψεν</em></strong></span> <span class='ocrx_word' id='word_1_101' title='bbox 707 1679 820 1761; x_wconf 76' lang='grc' dir='ltr'><strong><em>λερόν”.</em></strong></span> <span class='ocrx_word' id='word_1_102' title='bbox 842 1681 931 1758; x_wconf 81' lang='lat' dir='ltr'><strong>Quod</strong></span> <span class='ocrx_word' id='word_1_103' title='bbox 951 1683 999 1743; x_wconf 81' lang='lat' dir='ltr'><strong>ite</strong></span> <span class='ocrx_word' id='word_1_104' title='bbox 1021 1682 1187 1758; x_wconf 79' lang='lat' dir='ltr'><strong>explicant</strong></span> <span class='ocrx_word' id='word_1_105' title='bbox 1203 1683 1343 1746; x_wconf 80' lang='lat' dir='ltr'><strong>scholia:</strong></span> <span class='ocrx_word' id='word_1_106' title='bbox 1368 1682 1485 1765; x_wconf 72' lang='grc' dir='ltr'><strong><em>,λέγεται</em></strong></span> <span class='ocrx_word' id='word_1_107' title='bbox 1532 1728 1533 1744; x_wconf 55' lang='grc' dir='ltr'><strong><em>τ</em></strong></span> 
     </span>
     <span class='ocr_line' id='line_1_13' title="bbox 227 1777 1534 1865; baseline 0.001 -21"><span class='ocrx_word' id='word_1_108' title='bbox 227 1782 283 1864; x_wconf 74' lang='grc' dir='ltr'><strong><em>γὰρ</em></strong></span> <span class='ocrx_word' id='word_1_109' title='bbox 307 1782 365 1862; x_wconf 79' lang='grc' dir='ltr'><strong><em>ὅτι,</em></strong></span> <span class='ocrx_word' id='word_1_110' title='bbox 386 1778 477 1860; x_wconf 76' lang='grc' dir='ltr'><strong><em>ἡνίκα</em></strong></span> <span class='ocrx_word' id='word_1_111' title='bbox 489 1777 640 1861; x_wconf 76' lang='grc' dir='ltr'><strong><em>Ἡρακλῆς</em></strong></span> <span class='ocrx_word' id='word_1_112' title='bbox 663 1779 807 1862; x_wconf 78' lang='grc' dir='ltr'><strong><em>παρέσχεν</em></strong></span> <span class='ocrx_word' id='word_1_113' title='bbox 830 1780 926 1861; x_wconf 76' lang='grc' dir='ltr'><strong><em>αὐτὴν</em></strong></span> <span class='ocrx_word' id='word_1_114' title='bbox 947 1781 1119 1863; x_wconf 67' lang='grc' dir='ltr'><strong><em>Εὐρυσθεῖ,</em></strong></span> <span class='ocrx_word' id='word_1_115' title='bbox 1137 1783 1201 1845; x_wconf 82' lang='grc' dir='ltr'><strong><em>τότε</em></strong></span> <span class='ocrx_word' id='word_1_116' title='bbox 1216 1782 1264 1844; x_wconf 73' lang='grc' dir='ltr'><strong>ἐπὶ</strong></span> <span class='ocrx_word' id='word_1_117' title='bbox 1284 1794 1338 1846; x_wconf 83' lang='grc' dir='ltr'><strong><em>τοῦ</em></strong></span> <span class='ocrx_word' id='word_1_118' title='bbox 1357 1785 1483 1865; x_wconf 79' lang='grc' dir='ltr'><strong>τραχήλου</strong></span> <span class='ocrx_word' id='word_1_119' title='bbox 1533 1791 1534 1865; x_wconf 64' lang='lat' dir='ltr'>j</span> 
     </span>
     <span class='ocr_line' id='line_1_14' title="bbox 228 1872 1534 1966; baseline 0 -19"><span class='ocrx_word' id='word_1_120' title='bbox 228 1885 320 1965; x_wconf 77' lang='grc' dir='ltr'><strong><em>αὐτῆς</em></strong></span> <span class='ocrx_word' id='word_1_121' title='bbox 342 1872 546 1966; x_wconf 57' lang='grc' dir='ltr'><strong><em>γεγραμμένον</em></strong></span> <span class='ocrx_word' id='word_1_122' title='bbox 568 1875 616 1962; x_wconf 76' lang='grc' dir='ltr'><strong><em>ἦν·</em></strong></span> <span class='ocrx_word' id='word_1_123' title='bbox 642 1882 798 1964; x_wconf 49' lang='grc' dir='ltr'><strong><em>»Ταϋγέτη</em></strong></span> <span class='ocrx_word' id='word_1_124' title='bbox 821 1883 905 1964; x_wconf 73' lang='grc' dir='ltr'><strong><em>ἱερὰν</em></strong></span> <span class='ocrx_word' id='word_1_125' title='bbox 924 1882 1075 1964; x_wconf 76' lang='grc' dir='ltr'><strong>ἀνέθηκεν</strong></span> <span class='ocrx_word' id='word_1_126' title='bbox 1095 1883 1268 1965; x_wconf 72' lang='grc' dir='ltr'><strong><em>Ἀρτέμιδι”.</em></strong></span> <span class='ocrx_word' id='word_1_127' title='bbox 1290 1888 1391 1949; x_wconf 82' lang='lat' dir='ltr'><strong>Addit</strong></span> <span class='ocrx_word' id='word_1_128' title='bbox 1416 1888 1483 1949; x_wconf 85' lang='lat' dir='ltr'><strong>alius</strong></span> <span class='ocrx_word' id='word_1_129' title='bbox 1533 1880 1534 1883; x_wconf 24' lang='lat'>¹</span> 
     </span>
     <span class='ocr_line' id='line_1_15' title="bbox 225 1980 1482 2068; baseline -0.002 -18"><span class='ocrx_word' id='word_1_130' title='bbox 225 1989 398 2064; x_wconf 79' lang='lat' dir='ltr'><strong>interpres:</strong></span> <span class='ocrx_word' id='word_1_131' title='bbox 425 1981 465 2064; x_wconf 57' lang='lat' dir='ltr'><strong>,d</strong></span> <span class='ocrx_word' id='word_1_132' title='bbox 491 1982 623 2065; x_wconf 73' lang='grc' dir='ltr'><strong><em>Ταϋγέτη</em></strong></span> <span class='ocrx_word' id='word_1_133' title='bbox 642 1980 731 2063; x_wconf 58' lang='lat' dir='ltr'><strong>cited</strong></span> <span class='ocrx_word' id='word_1_134' title='bbox 746 1983 902 2059; x_wconf 72' lang='grc' dir='ltr'><strong><em>Ἀτλαντος</em></strong></span> <span class='ocrx_word' id='word_1_135' title='bbox 922 1986 1075 2067; x_wconf 79' lang='grc' dir='ltr'><strong><em>θυγάτηρ,</em></strong></span> <span class='ocrx_word' id='word_1_136' title='bbox 1094 1985 1200 2065; x_wconf 78' lang='grc' dir='ltr'><strong><em>ἥντινα</em></strong></span> <span class='ocrx_word' id='word_1_137' title='bbox 1211 1985 1284 2061; x_wconf 84' lang='grc' dir='ltr'><strong><em>Διὸς</em></strong></span> <span class='ocrx_word' id='word_1_138' title='bbox 1296 1986 1482 2068; x_wconf 72' lang='grc' dir='ltr'><strong><em>βουληθέντος</em></strong></span> 
     </span>
     <span class='ocr_line' id='line_1_16' title="bbox 225 2082 1533 2170; baseline -0.002 -23"><span class='ocrx_word' id='word_1_139' title='bbox 225 2090 391 2170; x_wconf 79' lang='grc' dir='ltr'><strong><em>βιάσασθαι</em></strong></span> <span class='ocrx_word' id='word_1_140' title='bbox 421 2087 463 2160; x_wconf 76' lang='grc' dir='ltr'><strong>εἰς</strong></span> <span class='ocrx_word' id='word_1_141' title='bbox 493 2085 607 2164; x_wconf 71' lang='grc' dir='ltr'><strong><em>ἔλαφον</em></strong></span> <span class='ocrx_word' id='word_1_142' title='bbox 633 2085 789 2167; x_wconf 79' lang='grc' dir='ltr'><strong><em>μετέβαλεν</em></strong></span> <span class='ocrx_word' id='word_1_143' title='bbox 819 2082 1011 2167; x_wconf 72' lang='grc' dir='ltr'><strong><em>η’Άρτεμις,</em></strong></span> <span class='ocrx_word' id='word_1_144' title='bbox 1041 2082 1102 2148; x_wconf 76' lang='grc' dir='ltr'><strong><em>εἶτα</em></strong></span> <span class='ocrx_word' id='word_1_145' title='bbox 1132 2088 1222 2149; x_wconf 77' lang='grc' dir='ltr'><strong><em>πόλιν</em></strong></span> <span class='ocrx_word' id='word_1_146' title='bbox 1245 2088 1287 2161; x_wconf 76' lang='grc' dir='ltr'><strong>εἰς</strong></span> <span class='ocrx_word' id='word_1_147' title='bbox 1309 2088 1366 2168; x_wconf 76' lang='grc' dir='ltr'><strong>τὴν</strong></span> <span class='ocrx_word' id='word_1_148' title='bbox 1387 2089 1482 2151; x_wconf 83' lang='grc' dir='ltr'><strong><em>ολιελον</em></strong></span> <span class='ocrx_word' id='word_1_149' title='bbox 1532 2111 1533 2124; x_wconf 54' lang='lat'>¹</span> 
     </span>
     <span class='ocr_line' id='line_1_17' title="bbox 226 2186 1481 2277; baseline -0.002 -26"><span class='ocrx_word' id='word_1_150' title='bbox 226 2192 319 2269; x_wconf 80' lang='grc' dir='ltr'><strong><em>φύσιν</em></strong></span> <span class='ocrx_word' id='word_1_151' title='bbox 342 2188 569 2251; x_wconf 79' lang='grc' dir='ltr'><strong><em>ἀπονατοιστᾶσα</em></strong></span> <span class='ocrx_word' id='word_1_152' title='bbox 591 2187 642 2249; x_wconf 81' lang='grc' dir='ltr'><strong>καὶ</strong></span> <span class='ocrx_word' id='word_1_153' title='bbox 664 2187 809 2270; x_wconf 78' lang='grc' dir='ltr'><strong><em>γενομένη</em></strong></span> <span class='ocrx_word' id='word_1_154' title='bbox 837 2186 1000 2269; x_wconf 73' lang='grc' dir='ltr'><strong><em>ἅνθρωπος</em></strong></span> <span class='ocrx_word' id='word_1_155' title='bbox 1023 2188 1207 2269; x_wconf 79' lang='grc' dir='ltr'><strong><em>καθιέρωσεν</em></strong></span> <span class='ocrx_word' id='word_1_156' title='bbox 1230 2190 1326 2269; x_wconf 76' lang='grc' dir='ltr'><strong><em>αὐτὴν</em></strong></span> <span class='ocrx_word' id='word_1_157' title='bbox 1351 2203 1386 2277; x_wconf 81' lang='grc' dir='ltr'><strong><em>τῇ</em></strong></span> <span class='ocrx_word' id='word_1_158' title='bbox 1408 2186 1481 2269; x_wconf 70' lang='grc' dir='ltr'><strong><em>Ἀριέ-</em></strong></span> 
     </span>
     <span class='ocr_line' id='line_1_18' title="bbox 226 2292 1481 2371; baseline 0 -18"><span class='ocrx_word' id='word_1_159' title='bbox 226 2293 322 2371; x_wconf 81' lang='grc' dir='ltr'><strong><em>μιδν”.</em></strong></span> <span class='ocrx_word' id='word_1_160' title='bbox 352 2293 547 2354; x_wconf 87' lang='lat' dir='ltr'><strong>Laconicam</strong></span> <span class='ocrx_word' id='word_1_161' title='bbox 577 2293 721 2353; x_wconf 81' lang='lat' dir='ltr'><strong>rabulam</strong></span> <span class='ocrx_word' id='word_1_162' title='bbox 751 2308 838 2354; x_wconf 90' lang='lat' dir='ltr'><strong>nunc</strong></span> <span class='ocrx_word' id='word_1_163' title='bbox 870 2308 935 2354; x_wconf 91' lang='lat' dir='ltr'><strong>non</strong></span> <span class='ocrx_word' id='word_1_164' title='bbox 964 2295 1086 2370; x_wconf 90' lang='lat' dir='ltr'><strong>recepit</strong></span> <span class='ocrx_word' id='word_1_165' title='bbox 1111 2298 1231 2371; x_wconf 85' lang='lat' dir='ltr'><strong>noster,</strong></span> <span class='ocrx_word' id='word_1_166' title='bbox 1256 2296 1407 2370; x_wconf 88' lang='lat' dir='ltr'><strong>quamvis</strong></span> <span class='ocrx_word' id='word_1_167' title='bbox 1428 2292 1481 2355; x_wconf 89' lang='lat' dir='ltr'><strong>dili·</strong></span> 
     </span>
     <span class='ocr_line' id='line_1_19' title="bbox 226 2391 1481 2471; baseline 0.002 -15"><span class='ocrx_word' id='word_1_168' title='bbox 226 2411 306 2471; x_wconf 88' lang='lat' dir='ltr'><strong>gens</strong></span> <span class='ocrx_word' id='word_1_169' title='bbox 330 2396 363 2456; x_wconf 90' lang='lat' dir='ltr'><strong>iu</strong></span> <span class='ocrx_word' id='word_1_170' title='bbox 387 2397 620 2471; x_wconf 79' lang='lat' dir='ltr'><strong>Spartanorum</strong></span> <span class='ocrx_word' id='word_1_171' title='bbox 655 2410 781 2469; x_wconf 87' lang='lat' dir='ltr'><strong>quoque</strong></span> <span class='ocrx_word' id='word_1_172' title='bbox 805 2394 927 2456; x_wconf 88' lang='lat' dir='ltr'><strong>Dianae</strong></span> <span class='ocrx_word' id='word_1_173' title='bbox 950 2396 1053 2456; x_wconf 92' lang='lat' dir='ltr'><strong>sacris</strong></span> <span class='ocrx_word' id='word_1_174' title='bbox 1076 2397 1265 2458; x_wconf 86' lang='lat' dir='ltr'><strong>enarrandis</strong></span> <span class='ocrx_word' id='word_1_175' title='bbox 1282 2391 1314 2467; x_wconf 82' lang='lat'><strong>²).</strong></span> <span class='ocrx_word' id='word_1_176' title='bbox 1337 2399 1398 2460; x_wconf 85' lang='lat' dir='ltr'><strong>Sed</strong></span> <span class='ocrx_word' id='word_1_177' title='bbox 1416 2400 1481 2458; x_wconf 85' lang='lat' dir='ltr'><strong>tam·</strong></span> 
     </span>
     <span class='ocr_line' id='line_1_20' title="bbox 225 2498 1481 2575; baseline 0.002 -17"><span class='ocrx_word' id='word_1_178' title='bbox 225 2513 323 2572; x_wconf 86' lang='lat' dir='ltr'><strong>quam</strong></span> <span class='ocrx_word' id='word_1_179' title='bbox 348 2512 483 2559; x_wconf 86' lang='lat' dir='ltr'><strong>causam</strong></span> <span class='ocrx_word' id='word_1_180' title='bbox 506 2498 721 2573; x_wconf 88' lang='lat' dir='ltr'><strong>indicaturus,</strong></span> <span class='ocrx_word' id='word_1_181' title='bbox 735 2513 792 2559; x_wconf 92' lang='lat' dir='ltr'><strong>cur</strong></span> <span class='ocrx_word' id='word_1_182' title='bbox 811 2499 845 2558; x_wconf 91' lang='lat' dir='ltr'><strong>in</strong></span> <span class='ocrx_word' id='word_1_183' title='bbox 864 2499 1027 2559; x_wconf 85' lang='lat' dir='ltr'><strong>Arcadum</strong></span> <span class='ocrx_word' id='word_1_184' title='bbox 1047 2499 1176 2559; x_wconf 87' lang='lat' dir='ltr'><strong>sacellis</strong></span> <span class='ocrx_word' id='word_1_185' title='bbox 1196 2514 1368 2560; x_wconf 86' lang='lat' dir='ltr'><strong>cervarum</strong></span> <span class='ocrx_word' id='word_1_186' title='bbox 1385 2509 1481 2575; x_wconf 72' lang='lat' dir='ltr'><strong>greges</strong></span> 
     </span>
     <span class='ocr_line' id='line_1_21' title="bbox 223 2599 1480 2676; baseline -0.002 -16"><span class='ocrx_word' id='word_1_187' title='bbox 223 2600 346 2663; x_wconf 91' lang='lat' dir='ltr'><strong>Dianae</strong></span> <span class='ocrx_word' id='word_1_188' title='bbox 375 2601 460 2662; x_wconf 89' lang='lat' dir='ltr'><strong>sacri</strong></span> <span class='ocrx_word' id='word_1_189' title='bbox 491 2600 668 2675; x_wconf 87' lang='lat' dir='ltr'><strong>alerentur,</strong></span> <span class='ocrx_word' id='word_1_190' title='bbox 704 2600 900 2661; x_wconf 87' lang='lat' dir='ltr'><strong>Mantineusi</strong></span> <span class='ocrx_word' id='word_1_191' title='bbox 931 2599 1010 2660; x_wconf 89' lang='lat' dir='ltr'><strong>deae</strong></span> <span class='ocrx_word' id='word_1_192' title='bbox 1041 2599 1244 2674; x_wconf 78' lang='lat' dir='ltr'><strong>Cerynitides</strong></span> <span class='ocrx_word' id='word_1_193' title='bbox 1275 2615 1402 2676; x_wconf 89' lang='lat' dir='ltr'><strong>quoque</strong></span> <span class='ocrx_word' id='word_1_194' title='bbox 1431 2613 1480 2660; x_wconf 91' lang='lat' dir='ltr'><strong>cer·</strong></span> 
     </span>
     <span class='ocr_line' id='line_1_22' title="bbox 224 2700 1481 2778; baseline -0.003 -16"><span class='ocrx_word' id='word_1_195' title='bbox 224 2718 283 2763; x_wconf 89' lang='lat' dir='ltr'><strong>vas</strong></span> <span class='ocrx_word' id='word_1_196' title='bbox 314 2703 444 2765; x_wconf 89' lang='lat' dir='ltr'><strong>addicit.</strong></span> <span class='ocrx_word' id='word_1_197' title='bbox 477 2701 546 2778; x_wconf 83' lang='lat' dir='ltr'><strong>Qua</strong></span> <span class='ocrx_word' id='word_1_198' title='bbox 576 2702 609 2761; x_wconf 90' lang='lat' dir='ltr'><strong>in</strong></span> <span class='ocrx_word' id='word_1_199' title='bbox 637 2717 672 2762; x_wconf 87' lang='lat' dir='ltr'><strong>re</strong></span> <span class='ocrx_word' id='word_1_200' title='bbox 695 2702 856 2777; x_wconf 82' lang='lat' dir='ltr'><strong>Euripidis</strong></span> <span class='ocrx_word' id='word_1_201' title='bbox 879 2700 1085 2776; x_wconf 87' lang='lat' dir='ltr'><strong>aliquatenus</strong></span> <span class='ocrx_word' id='word_1_202' title='bbox 1107 2702 1336 2763; x_wconf 89' lang='lat' dir='ltr'><strong>testimonium</strong></span> <span class='ocrx_word' id='word_1_203' title='bbox 1367 2704 1481 2763; x_wconf 84' lang='lat' dir='ltr'><strong>secutus</strong></span> 
     </span>
     <span class='ocr_line' id='line_1_23' title="bbox 154 2802 1482 2882; baseline 0.001 -19"><span class='ocrx_word' id='word_1_204' title='bbox 154 2856 157 2863; x_wconf 91' lang='lat'><em>.</em></span> <span class='ocrx_word' id='word_1_205' title='bbox 223 2807 283 2865; x_wconf 89' lang='lat' dir='ltr'><strong>est.</strong></span> <span class='ocrx_word' id='word_1_206' title='bbox 316 2805 350 2865; x_wconf 92' lang='lat' dir='ltr'><strong>ls</strong></span> <span class='ocrx_word' id='word_1_207' title='bbox 381 2805 469 2866; x_wconf 93' lang='lat' dir='ltr'><strong>enim</strong></span> <span class='ocrx_word' id='word_1_208' title='bbox 493 2802 595 2874; x_wconf 85' lang='lat' dir='ltr'><strong>(Herc.</strong></span> <span class='ocrx_word' id='word_1_209' title='bbox 616 2804 684 2879; x_wconf 83' lang='lat' dir='ltr'><strong>fur.</strong></span> <span class='ocrx_word' id='word_1_210' title='bbox 709 2819 758 2864; x_wconf 80' lang='lat' dir='ltr'><strong>us.</strong></span> <span class='ocrx_word' id='word_1_211' title='bbox 784 2805 860 2873; x_wconf 74' lang='lat'><strong>375)</strong></span> <span class='ocrx_word' id='word_1_212' title='bbox 883 2803 923 2862; x_wconf 92' lang='lat' dir='ltr'><strong>de</strong></span> <span class='ocrx_word' id='word_1_213' title='bbox 946 2803 1085 2864; x_wconf 88' lang='lat' dir='ltr'><strong>Hercule</strong></span> <span class='ocrx_word' id='word_1_214' title='bbox 1108 2803 1253 2864; x_wconf 83' lang='lat' dir='ltr'><strong>dixerat:</strong></span> <span class='ocrx_word' id='word_1_215' title='bbox 1280 2802 1355 2879; x_wconf 69' lang='lat' dir='ltr'><strong>,cdv</strong></span> <span class='ocrx_word' id='word_1_216' title='bbox 1378 2826 1406 2864; x_wconf 93' lang='grc' dir='ltr'><strong><em>τε</em></strong></span> <span class='ocrx_word' id='word_1_217' title='bbox 1427 2824 1482 2882; x_wconf 73' lang='grc' dir='ltr'><strong><em>χρυ·</em></strong></span> 
     </span>
     <span class='ocr_line' id='line_1_24' title="bbox 224 2901 1482 2984; baseline -0.004 -20"><span class='ocrx_word' id='word_1_218' title='bbox 224 2904 393 2984; x_wconf 82' lang='grc' dir='ltr'><strong><em>σοκόρανον</em></strong></span> <span class='ocrx_word' id='word_1_219' title='bbox 424 2903 517 2983; x_wconf 84' lang='grc' dir='ltr'><strong><em>δόρκα</em></strong></span> <span class='ocrx_word' id='word_1_220' title='bbox 547 2903 760 2964; x_wconf 80' lang='grc' dir='ltr'><strong><em>ποικιλόνωτον</em></strong></span> <span class='ocrx_word' id='word_1_221' title='bbox 788 2902 962 2981; x_wconf 82' lang='grc' dir='ltr'><strong><em>συλήτειραν</em></strong></span> <span class='ocrx_word' id='word_1_222' title='bbox 990 2901 1144 2983; x_wconf 76' lang='grc' dir='ltr'><strong><em>ἀγρώσσων</em></strong></span> <span class='ocrx_word' id='word_1_223' title='bbox 1167 2903 1298 2982; x_wconf 80' lang='grc' dir='ltr'><strong><em>κτείνας,</em></strong></span> <span class='ocrx_word' id='word_1_224' title='bbox 1318 2904 1482 2984; x_wconf 83' lang='grc' dir='ltr'><strong><em>θηροφόνον</em></strong></span> 
     </span>
     <span class='ocr_line' id='line_1_25' title="bbox 223 3002 1482 3085; baseline -0.003 -18"><span class='ocrx_word' id='word_1_225' title='bbox 223 3005 301 3067; x_wconf 80' lang='grc' dir='ltr'><strong><em>θεὰν</em></strong></span> <span class='ocrx_word' id='word_1_226' title='bbox 334 3006 481 3067; x_wconf 77' lang='grc' dir='ltr'><strong><em>Οἰνωᾶτιν</em></strong></span> <span class='ocrx_word' id='word_1_227' title='bbox 511 3002 660 3085; x_wconf 82' lang='grc' dir='ltr'><strong><em>ἀγάλλει”.</em></strong></span> <span class='ocrx_word' id='word_1_228' title='bbox 690 3006 771 3066; x_wconf 86' lang='lat' dir='ltr'><strong>Eam</strong></span> <span class='ocrx_word' id='word_1_229' title='bbox 801 3006 929 3066; x_wconf 83' lang='lat' dir='ltr'><strong>fabulae</strong></span> <span class='ocrx_word' id='word_1_230' title='bbox 953 3006 1095 3066; x_wconf 88' lang='lat' dir='ltr'><strong>formam</strong></span> <span class='ocrx_word' id='word_1_231' title='bbox 1127 3005 1342 3082; x_wconf 90' lang='lat' dir='ltr'><strong>Apollodorus</strong></span> <span class='ocrx_word' id='word_1_232' title='bbox 1372 3019 1482 3082; x_wconf 86' lang='lat' dir='ltr'><strong>quoque</strong></span> 
     </span>
     <span class='ocr_line' id='line_1_26' title="bbox 222 3097 1482 3189; baseline -0.005 -19"><span class='ocrx_word' id='word_1_233' title='bbox 222 3110 336 3185; x_wconf 80' lang='lat' dir='ltr'><strong>postea</strong></span> <span class='ocrx_word' id='word_1_234' title='bbox 359 3108 505 3184; x_wconf 77' lang='lat' dir='ltr'><strong>agnovit,</strong></span> <span class='ocrx_word' id='word_1_235' title='bbox 530 3107 571 3167; x_wconf 90' lang='lat'><strong>11.</strong></span> <span class='ocrx_word' id='word_1_236' title='bbox 596 3109 626 3168; x_wconf 78' lang='grc' dir='ltr'><strong>ὅ.</strong></span> <span class='ocrx_word' id='word_1_237' title='bbox 651 3108 689 3168; x_wconf 83' lang='grc'><strong>8;</strong></span> <span class='ocrx_word' id='word_1_238' title='bbox 717 3097 779 3184; x_wconf 71' lang='grc' dir='ltr'><strong><em>,ἦν</em></strong></span> <span class='ocrx_word' id='word_1_239' title='bbox 803 3100 836 3165; x_wconf 74' lang='grc' dir='ltr'><strong>δὲ</strong></span> <span class='ocrx_word' id='word_1_240' title='bbox 859 3102 878 3183; x_wconf 76' lang='grc' dir='ltr'><em>ἡ</em></span> <span class='ocrx_word' id='word_1_241' title='bbox 904 3103 1015 3180; x_wconf 80' lang='grc' dir='ltr'><strong><em>ἔλαφος</em></strong></span> <span class='ocrx_word' id='word_1_242' title='bbox 1038 3103 1071 3167; x_wconf 74' lang='grc' dir='ltr'><strong><em>ἐν</em></strong></span> <span class='ocrx_word' id='word_1_243' title='bbox 1096 3105 1189 3189; x_wconf 75' lang='grc' dir='ltr'><strong><em>Οἰνόη</em></strong></span> <span class='ocrx_word' id='word_1_244' title='bbox 1213 3104 1380 3186; x_wconf 68' lang='grc' dir='ltr'><strong><em>Ἀρτέμιδος</em></strong></span> <span class='ocrx_word' id='word_1_245' title='bbox 1399 3106 1482 3187; x_wconf 53' lang='lat' dir='ltr'><strong>[spuit</strong></span> 
     </span>
    </p>
   </div>
   <div class='ocr_carea' id='block_1_4' title="bbox 221 3310 1488 4308">
    <p class='ocr_par' dir='ltr' id='par_1_4' title="bbox 221 3310 1488 4308">
     <span class='ocr_line' id='line_1_27' title="bbox 267 3310 1485 3389; baseline -0.003 -14"><span class='ocrx_word' id='word_1_246' title='bbox 267 3314 401 3389; x_wconf 87' lang='lat' dir='ltr'><strong>Propter</strong></span> <span class='ocrx_word' id='word_1_247' title='bbox 419 3311 521 3373; x_wconf 90' lang='lat' dir='ltr'><strong>talem</strong></span> <span class='ocrx_word' id='word_1_248' title='bbox 541 3311 800 3386; x_wconf 87' lang='lat' dir='ltr'><strong>innovationem,</strong></span> <span class='ocrx_word' id='word_1_249' title='bbox 821 3310 851 3370; x_wconf 91' lang='lat' dir='ltr'><strong>si</strong></span> <span class='ocrx_word' id='word_1_250' title='bbox 870 3310 1000 3385; x_wconf 89' lang='lat' dir='ltr'><strong>quidem</strong></span> <span class='ocrx_word' id='word_1_251' title='bbox 1020 3311 1187 3372; x_wconf 89' lang='lat' dir='ltr'><strong>innovatio</strong></span> <span class='ocrx_word' id='word_1_252' title='bbox 1199 3313 1263 3387; x_wconf 88' lang='lat' dir='ltr'><strong>est,</strong></span> <span class='ocrx_word' id='word_1_253' title='bbox 1285 3312 1485 3373; x_wconf 90' lang='lat' dir='ltr'><strong>temerarium</strong></span> 
     </span>
     <span class='ocr_line' id='line_1_28' title="bbox 222 3410 1486 3491; baseline -0.002 -15"><span class='ocrx_word' id='word_1_254' title='bbox 222 3418 421 3478; x_wconf 87' lang='lat' dir='ltr'><strong>mutatorem</strong></span> <span class='ocrx_word' id='word_1_255' title='bbox 440 3430 536 3475; x_wconf 92' lang='lat' dir='ltr'><strong>nemo</strong></span> <span class='ocrx_word' id='word_1_256' title='bbox 556 3413 793 3475; x_wconf 80' lang='lat' dir='ltr'><strong>Callimachum</strong></span> <span class='ocrx_word' id='word_1_257' title='bbox 810 3412 948 3473; x_wconf 89' lang='lat' dir='ltr'><strong>vocabit.</strong></span> <span class='ocrx_word' id='word_1_258' title='bbox 972 3411 1094 3473; x_wconf 86' lang='lat' dir='ltr'><strong>Verum</strong></span> <span class='ocrx_word' id='word_1_259' title='bbox 1114 3428 1154 3474; x_wconf 91' lang='lat' dir='ltr'><strong>ne</strong></span> <span class='ocrx_word' id='word_1_260' title='bbox 1173 3414 1235 3473; x_wconf 94' lang='lat' dir='ltr'><strong>hoc</strong></span> <span class='ocrx_word' id='word_1_261' title='bbox 1253 3414 1400 3491; x_wconf 85' lang='lat' dir='ltr'><strong>quidem,</strong></span> <span class='ocrx_word' id='word_1_262' title='bbox 1414 3410 1486 3488; x_wconf 85' lang='lat' dir='ltr'><strong>quod</strong></span> 
     </span>
     <span class='ocr_line' id='line_1_29' title="bbox 222 3513 1486 3592; baseline -0.005 -14"><span class='ocrx_word' id='word_1_263' title='bbox 222 3516 284 3578; x_wconf 90' lang='lat' dir='ltr'><strong>sibi</strong></span> <span class='ocrx_word' id='word_1_264' title='bbox 315 3517 458 3592; x_wconf 88' lang='lat' dir='ltr'><strong>sumpsit</strong></span> <span class='ocrx_word' id='word_1_265' title='bbox 487 3516 521 3576; x_wconf 93' lang='lat' dir='ltr'><strong>in</strong></span> <span class='ocrx_word' id='word_1_266' title='bbox 552 3515 663 3576; x_wconf 83' lang='lat' dir='ltr'><strong>fabula</strong></span> <span class='ocrx_word' id='word_1_267' title='bbox 686 3529 801 3576; x_wconf 88' lang='lat' dir='ltr'><strong>cervae</strong></span> <span class='ocrx_word' id='word_1_268' title='bbox 824 3513 1020 3589; x_wconf 79' lang='lat' dir='ltr'><strong>ceryniridis</strong></span> <span class='ocrx_word' id='word_1_269' title='bbox 1043 3515 1239 3591; x_wconf 89' lang='lat' dir='ltr'><strong>enarranda,</strong></span> <span class='ocrx_word' id='word_1_270' title='bbox 1265 3516 1378 3578; x_wconf 93' lang='lat' dir='ltr'><strong>crebro</strong></span> <span class='ocrx_word' id='word_1_271' title='bbox 1401 3517 1486 3577; x_wconf 89' lang='lat' dir='ltr'><strong>licere</strong></span> 
     </span>
     <span class='ocr_line' id='line_1_30' title="bbox 223 3615 1487 3695; baseline -0.003 -15"><span class='ocrx_word' id='word_1_272' title='bbox 223 3621 326 3695; x_wconf 88' lang='lat' dir='ltr'><strong>putat.</strong></span> <span class='ocrx_word' id='word_1_273' title='bbox 350 3619 545 3692; x_wconf 88' lang='lat' dir='ltr'><strong>Plerumque</strong></span> <span class='ocrx_word' id='word_1_274' title='bbox 564 3617 736 3691; x_wconf 89' lang='lat' dir='ltr'><strong>diligenter</strong></span> <span class='ocrx_word' id='word_1_275' title='bbox 752 3615 879 3691; x_wconf 89' lang='lat' dir='ltr'><strong>quaerit</strong></span> <span class='ocrx_word' id='word_1_276' title='bbox 895 3616 1125 3690; x_wconf 87' lang='lat' dir='ltr'><strong>antiquissima</strong></span> <span class='ocrx_word' id='word_1_277' title='bbox 1136 3631 1283 3691; x_wconf 59' lang='lat' dir='ltr'><strong>qumque</strong></span> <span class='ocrx_word' id='word_1_278' title='bbox 1293 3618 1487 3694; x_wconf 90' lang='lat' dir='ltr'><strong>singulorum</strong></span> 
     </span>
     <span class='ocr_line' id='line_1_31' title="bbox 221 3718 1487 3794; baseline -0.006 -11"><span class='ocrx_word' id='word_1_279' title='bbox 221 3721 367 3783; x_wconf 87' lang='lat' dir='ltr'><strong>locorum</strong></span> <span class='ocrx_word' id='word_1_280' title='bbox 398 3735 566 3782; x_wconf 90' lang='lat' dir='ltr'><strong>sacrorum</strong></span> <span class='ocrx_word' id='word_1_281' title='bbox 593 3719 677 3794; x_wconf 88' lang='lat' dir='ltr'><strong>iura,</strong></span> <span class='ocrx_word' id='word_1_282' title='bbox 703 3733 818 3778; x_wconf 88' lang='lat' dir='ltr'><strong>verum</strong></span> <span class='ocrx_word' id='word_1_283' title='bbox 842 3719 936 3778; x_wconf 89' lang='lat' dir='ltr'><strong>caute</strong></span> <span class='ocrx_word' id='word_1_284' title='bbox 959 3718 1103 3779; x_wconf 88' lang='lat' dir='ltr'><strong>abstinet</strong></span> <span class='ocrx_word' id='word_1_285' title='bbox 1124 3719 1154 3778; x_wconf 92' lang='lat' dir='ltr'><strong>si</strong></span> <span class='ocrx_word' id='word_1_286' title='bbox 1176 3718 1251 3779; x_wconf 88' lang='lat' dir='ltr'><strong>lites</strong></span> <span class='ocrx_word' id='word_1_287' title='bbox 1275 3719 1404 3781; x_wconf 80' lang='lat' dir='ltr'><strong>solvere</strong></span> <span class='ocrx_word' id='word_1_288' title='bbox 1425 3720 1487 3780; x_wconf 91' lang='lat' dir='ltr'><strong>sine</strong></span> 
     </span>
     <span class='ocr_line' id='line_1_32' title="bbox 222 3819 1486 3898; baseline -0.004 -14"><span class='ocrx_word' id='word_1_289' title='bbox 222 3824 346 3884; x_wconf 86' lang='lat' dir='ltr'><strong>invidia</strong></span> <span class='ocrx_word' id='word_1_290' title='bbox 367 3839 432 3884; x_wconf 91' lang='lat' dir='ltr'><strong>non</strong></span> <span class='ocrx_word' id='word_1_291' title='bbox 451 3824 569 3898; x_wconf 86' lang='lat' dir='ltr'><strong>potest.</strong></span> <span class='ocrx_word' id='word_1_292' title='bbox 590 3819 661 3880; x_wconf 82' lang='lat' dir='ltr'><strong>Tali</strong></span> <span class='ocrx_word' id='word_1_293' title='bbox 681 3819 781 3879; x_wconf 88' lang='lat' dir='ltr'><strong>etiam</strong></span> <span class='ocrx_word' id='word_1_294' title='bbox 800 3833 881 3878; x_wconf 89' lang='lat' dir='ltr'><strong>usus</strong></span> <span class='ocrx_word' id='word_1_295' title='bbox 901 3821 952 3879; x_wconf 87' lang='lat' dir='ltr'><strong>est</strong></span> <span class='ocrx_word' id='word_1_296' title='bbox 972 3819 1222 3879; x_wconf 86' lang='lat' dir='ltr'><strong>abstinentiam</strong></span> <span class='ocrx_word' id='word_1_297' title='bbox 1242 3820 1368 3894; x_wconf 88' lang='lat' dir='ltr'><strong>hymno</strong></span> <span class='ocrx_word' id='word_1_298' title='bbox 1386 3824 1486 3892; x_wconf 81' lang='lat' dir='ltr'><strong>sexto,</strong></span> 
     </span>
     <span class='ocr_line' id='line_1_33' title="bbox 223 3919 1488 3999; baseline -0.002 -13"><span class='ocrx_word' id='word_1_299' title='bbox 223 3940 298 3986; x_wconf 88' lang='lat' dir='ltr'><strong>cum</strong></span> <span class='ocrx_word' id='word_1_300' title='bbox 321 3926 360 3986; x_wconf 92' lang='lat' dir='ltr'><strong>de</strong></span> <span class='ocrx_word' id='word_1_301' title='bbox 383 3924 595 3999; x_wconf 88' lang='lat' dir='ltr'><strong>Proserpinae</strong></span> <span class='ocrx_word' id='word_1_302' title='bbox 615 3923 710 3996; x_wconf 91' lang='lat' dir='ltr'><strong>raptu</strong></span> <span class='ocrx_word' id='word_1_303' title='bbox 729 3921 799 3981; x_wconf 89' lang='lat' dir='ltr'><strong>erat</strong></span> <span class='ocrx_word' id='word_1_304' title='bbox 818 3920 1000 3980; x_wconf 90' lang='lat' dir='ltr'><strong>dicendum.</strong></span> <span class='ocrx_word' id='word_1_305' title='bbox 1021 3919 1104 3980; x_wconf 89' lang='lat' dir='ltr'><strong>Nam</strong></span> <span class='ocrx_word' id='word_1_306' title='bbox 1126 3935 1200 3980; x_wconf 89' lang='lat' dir='ltr'><strong>cum</strong></span> <span class='ocrx_word' id='word_1_307' title='bbox 1219 3920 1382 3995; x_wconf 90' lang='lat' dir='ltr'><strong>plurimae</strong></span> <span class='ocrx_word' id='word_1_308' title='bbox 1400 3923 1488 3983; x_wconf 87' lang='lat' dir='ltr'><strong>urbes</strong></span> 
     </span>
     <span class='ocr_line' id='line_1_34' title="bbox 222 4022 1487 4100; baseline -0.002 -14"><span class='ocrx_word' id='word_1_309' title='bbox 222 4028 256 4087; x_wconf 90' lang='lat' dir='ltr'><strong>in</strong></span> <span class='ocrx_word' id='word_1_310' title='bbox 279 4028 340 4087; x_wconf 88' lang='lat' dir='ltr'><strong>hac</strong></span> <span class='ocrx_word' id='word_1_311' title='bbox 371 4041 406 4086; x_wconf 93' lang='lat' dir='ltr'><strong>re</strong></span> <span class='ocrx_word' id='word_1_312' title='bbox 437 4025 498 4087; x_wconf 90' lang='lat' dir='ltr'><strong>sibi</strong></span> <span class='ocrx_word' id='word_1_313' title='bbox 530 4025 686 4086; x_wconf 90' lang='lat' dir='ltr'><strong>honorem</strong></span> <span class='ocrx_word' id='word_1_314' title='bbox 716 4022 920 4083; x_wconf 86' lang='lat' dir='ltr'><strong>vindicantes</strong></span> <span class='ocrx_word' id='word_1_315' title='bbox 950 4022 984 4081; x_wconf 91' lang='lat' dir='ltr'><strong>in</strong></span> <span class='ocrx_word' id='word_1_316' title='bbox 1012 4037 1071 4082; x_wconf 91' lang='lat' dir='ltr'><strong>suc</strong></span> <span class='ocrx_word' id='word_1_317' title='bbox 1102 4037 1247 4097; x_wconf 86' lang='lat' dir='ltr'><strong>quaeque</strong></span> <span class='ocrx_word' id='word_1_318' title='bbox 1274 4023 1344 4084; x_wconf 89' lang='lat' dir='ltr'><strong>solo</strong></span> <span class='ocrx_word' id='word_1_319' title='bbox 1368 4027 1487 4100; x_wconf 86' lang='lat' dir='ltr'><strong>raptam</strong></span> 
     </span>
     <span class='ocr_line' id='line_1_35' title="bbox 223 4123 1486 4201; baseline -0.005 -11"><span class='ocrx_word' id='word_1_320' title='bbox 223 4144 295 4190; x_wconf 93' lang='lat' dir='ltr'><strong>esse</strong></span> <span class='ocrx_word' id='word_1_321' title='bbox 322 4128 417 4189; x_wconf 88' lang='lat' dir='ltr'><strong>deam</strong></span> <span class='ocrx_word' id='word_1_322' title='bbox 445 4127 689 4201; x_wconf 89' lang='lat' dir='ltr'><strong>contenderent,</strong></span> <span class='ocrx_word' id='word_1_323' title='bbox 717 4125 832 4200; x_wconf 89' lang='lat' dir='ltr'><strong>poetae</strong></span> <span class='ocrx_word' id='word_1_324' title='bbox 855 4126 967 4184; x_wconf 87' lang='lat' dir='ltr'><strong>autem</strong></span> <span class='ocrx_word' id='word_1_325' title='bbox 989 4123 1110 4198; x_wconf 89' lang='lat' dir='ltr'><strong>partim</strong></span> <span class='ocrx_word' id='word_1_326' title='bbox 1145 4124 1240 4199; x_wconf 85' lang='lat' dir='ltr'><strong>(quod</strong></span> <span class='ocrx_word' id='word_1_327' title='bbox 1262 4127 1486 4199; x_wconf 89' lang='lat' dir='ltr'><strong>posterioribus</strong></span> 
     </span>
     <span class='ocr_line' id='line_1_36' title="bbox 222 4224 1486 4308; baseline -0.004 -16"><span class='ocrx_word' id='word_1_328' title='bbox 222 4230 383 4308; x_wconf 86' lang='lat' dir='ltr'><strong>placebat,</strong></span> <span class='ocrx_word' id='word_1_329' title='bbox 415 4229 518 4291; x_wconf 81' lang='lat' dir='ltr'><strong>veluti</strong></span> <span class='ocrx_word' id='word_1_330' title='bbox 553 4228 711 4289; x_wconf 80' lang='lat' dir='ltr'><strong>Euemero</strong></span> <span class='ocrx_word' id='word_1_331' title='bbox 738 4226 790 4287; x_wconf 90' lang='lat' dir='ltr'><strong>vel</strong></span> <span class='ocrx_word' id='word_1_332' title='bbox 814 4224 938 4295; x_wconf 87' lang='lat' dir='ltr'><strong>Ovidio)</strong></span> <span class='ocrx_word' id='word_1_333' title='bbox 962 4225 1114 4285; x_wconf 88' lang='lat' dir='ltr'><strong>Hennam</strong></span> <span class='ocrx_word' id='word_1_334' title='bbox 1137 4226 1350 4303; x_wconf 83' lang='lat' dir='ltr'><strong>praeferrent,</strong></span> <span class='ocrx_word' id='word_1_335' title='bbox 1375 4228 1486 4304; x_wconf 88' lang='lat' dir='ltr'><strong>partim</strong></span> 
     </span>
    </p>
   </div>
   <div class='ocr_carea' id='block_1_5' title="bbox 219 4495 1482 4714">
    <p class='ocr_par' dir='ltr' id='par_1_5' title="bbox 219 4495 1482 4714">
     <span class='ocr_line' id='line_1_37' title="bbox 256 4495 986 4564; baseline -0.01 -15"><span class='ocrx_word' id='word_1_336' title='bbox 256 4498 276 4564; x_wconf 90' lang='lat'><strong>¹)</strong></span> <span class='ocrx_word' id='word_1_337' title='bbox 297 4500 334 4548; x_wconf 75' lang='lat'><strong>01.</strong></span> <span class='ocrx_word' id='word_1_338' title='bbox 352 4500 513 4548; x_wconf 78' lang='lat' dir='ltr'><strong>Raumeister</strong></span> <span class='ocrx_word' id='word_1_339' title='bbox 530 4496 630 4545; x_wconf 77' lang='lat' dir='ltr'><strong>Desksr.</strong></span> <span class='ocrx_word' id='word_1_340' title='bbox 648 4495 894 4560; x_wconf 75' lang='grc' dir='ltr'><strong><em>ῑ.τ.Ρ1ιτ·ρε1ει·νρ.</em></strong></span> <span class='ocrx_word' id='word_1_341' title='bbox 914 4497 986 4543; x_wconf 71' lang='lat'>1822.</span> 
     </span>
     <span class='ocr_line' id='line_1_38' title="bbox 254 4574 1482 4643; baseline -0.007 -15"><span class='ocrx_word' id='word_1_342' title='bbox 254 4576 276 4643; x_wconf 68' lang='grc' dir='ltr'><strong>’λ</strong></span> <span class='ocrx_word' id='word_1_343' title='bbox 290 4580 424 4628; x_wconf 78' lang='lat' dir='ltr'><strong>Laconicis</strong></span> <span class='ocrx_word' id='word_1_344' title='bbox 438 4580 506 4628; x_wconf 90' lang='lat' dir='ltr'><strong>enim</strong></span> <span class='ocrx_word' id='word_1_345' title='bbox 521 4577 609 4626; x_wconf 76' lang='lat' dir='ltr'><strong>fabula</strong></span> <span class='ocrx_word' id='word_1_346' title='bbox 623 4579 731 4638; x_wconf 85' lang='lat' dir='ltr'><strong>propter</strong></span> <span class='ocrx_word' id='word_1_347' title='bbox 743 4578 874 4637; x_wconf 74' lang='lat' dir='ltr'><strong>Taygeton</strong></span> <span class='ocrx_word' id='word_1_348' title='bbox 886 4575 1017 4623; x_wconf 85' lang='lat' dir='ltr'><strong>heroinam</strong></span> <span class='ocrx_word' id='word_1_349' title='bbox 1033 4574 1201 4623; x_wconf 89' lang='lat' dir='ltr'><strong>adscribenda</strong></span> <span class='ocrx_word' id='word_1_350' title='bbox 1215 4577 1264 4633; x_wconf 81' lang='lat' dir='ltr'><strong>est,</strong></span> <span class='ocrx_word' id='word_1_351' title='bbox 1277 4574 1340 4622; x_wconf 86' lang='lat' dir='ltr'><strong>licet</strong></span> <span class='ocrx_word' id='word_1_352' title='bbox 1356 4575 1482 4623; x_wconf 70' lang='lat' dir='ltr'><strong>sebelinis</strong></span> 
     </span>
     <span class='ocr_line' id='line_1_39' title="bbox 219 4654 1460 4714; baseline -0.007 -6"><span class='ocrx_word' id='word_1_353' title='bbox 219 4661 252 4708; x_wconf 92' lang='lat' dir='ltr'><strong>ad</strong></span> <span class='ocrx_word' id='word_1_354' title='bbox 268 4659 408 4708; x_wconf 79' lang='lat' dir='ltr'><strong>Pindarum</strong></span> <span class='ocrx_word' id='word_1_355' title='bbox 426 4658 494 4707; x_wconf 86' lang='lat' dir='ltr'><strong>dicat</strong></span> <span class='ocrx_word' id='word_1_356' title='bbox 511 4659 585 4705; x_wconf 87' lang='lat' dir='ltr'><strong>dcam</strong></span> <span class='ocrx_word' id='word_1_357' title='bbox 603 4671 617 4704; x_wconf 91' lang='lat' dir='ltr'><strong>a</strong></span> <span class='ocrx_word' id='word_1_358' title='bbox 636 4659 722 4705; x_wconf 85' lang='lat' dir='ltr'><strong>moute</strong></span> <span class='ocrx_word' id='word_1_359' title='bbox 740 4655 862 4704; x_wconf 83' lang='lat' dir='ltr'><strong>Arcadiae</strong></span> <span class='ocrx_word' id='word_1_360' title='bbox 879 4655 998 4704; x_wconf 82' lang='lat' dir='ltr'><strong>Orthosia</strong></span> <span class='ocrx_word' id='word_1_361' title='bbox 1015 4655 1219 4714; x_wconf 71' lang='lat' dir='ltr'><strong>cognominatam</strong></span> <span class='ocrx_word' id='word_1_362' title='bbox 1237 4667 1294 4702; x_wconf 87' lang='lat' dir='ltr'><strong>esse</strong></span> <span class='ocrx_word' id='word_1_363' title='bbox 1312 4654 1460 4703; x_wconf 76' lang='lat' dir='ltr'><strong>Orthosiam.</strong></span> 
     </span>
    </p>
   </div>
   <div class='ocr_carea' id='block_1_6' title="bbox 0 0 1538 5288">
    <p class='ocr_par' dir='ltr' id='par_1_6' title="bbox 0 0 1538 5288">
     <span class='ocr_line' id='line_1_40' title="bbox 0 0 1538 5288; baseline 0 4"><span class='ocrx_word' id='word_1_364' title='bbox 0 0 1538 5288; x_wconf 95' lang='lat' dir='ltr'><strong> </strong></span> 
     </span>
    </p>
   </div>
  </div>
 </body>
</html>
