3320 5432
81 579 120 638 II.
151 578 281 639 16-17
686 579 748 638 197

122 763 229 825 Verbo
253 763 423 825 dicendum
447 763 560 824 88188
584 779 681 824 versu
706 766 757 826 16.
782 765 851 827 Non
872 778 934 838 quo
957 763 1216 826 111881881881118
1238 761 1354 842 χέλυς

78 861 236 944 deppam
259 881 334 926 nam
358 880 463 938 nsque
485 866 610 926 laudari
629 868 738 940 potest
757 867 814 927 illa
833 868 952 942 imago,
971 866 1094 927 rustica
1113 877 1191 926 sane
1211 866 1352 927 imitatio

78 968 233 1041 imaginis
269 967 475 1042 elegantioris
514 963 666 1043 ,σιωπηλη
702 967 855 1046 κίυυρις”,
885 981 988 1042 neque
1012 967 1123 1041 quaeri
1144 982 1278 1028 neeesse
1303 971 1355 1028 est

77 1070 210 1129 cuinam
245 1069 325 1130 talia
358 1068 483 1128 debeat.
520 1067 643 1142 Largiri
674 1083 851 1144 possumus
883 1066 1353 1148 081118881881888,χ11υς

76 1165 204 1248 ἀεργὸς”
229 1169 398 1246 invenerit,
423 1170 585 1230 invenerit
609 1184 735 1244 quoque
758 1170 838 1232 illud
866 1167 990 1247 ,πολιὴν
1013 1171 1185 1249 κερεῖσθυι”
1215 1174 1273 1242 (vs.
1301 1173 1354 1243 14)

76 1272 163 1345 quod
196 1271 314 1332 iniuria
347 1273 515 1346 tantopere
549 1271 681 1333 offendit
712 1271 953 1348 Schneiderum,
981 1272 1036 1345 qui
1060 1272 1189 1345 eopiosa
1211 1272 1351 1348 disputa·

75 1374 164 1433 tione
183 1373 375 1447 persuadere
394 1373 568 1434 lectoribus
588 1376 732 1449 conatur,
754 1378 790 1434 ut
811 1377 968 1451 κυρεῑοθαι
988 1388 1101 1434 seeum
1113 1372 1232 1446 legant.
1253 1373 1352 1434 Nobis

75 1475 209 1534 tantum
228 1477 359 1535 notasse
381 1489 444 1535 888
474 1475 590 1535 1881118
618 1475 745 1535 videtur
775 1478 916 1551 postam,
941 1490 1015 1535 oum
1043 1475 1163 1535 diceret
1191 1471 1351 1554 ,ἠφυσά-

76 1597 154 1652 μην
179 1573 249 1646 τοὺς
271 1573 414 1650 παῖδας”,
436 1574 576 1635 formam
601 1576 729 1650 quidem
755 1577 853 1637 medii
877 1575 1062 1636 adhibuisse
1086 1575 1195 1650 apicas
1219 1575 1350 1637 dictioni

74 1678 250 1754 propriam,
285 1679 432 1738 attamen
467 1678 499 1737 in
540 1678 609 1752 ipso
642 1678 798 1752 temporis
830 1694 891 1739 usu
924 1677 964 1738 ab
988 1677 1129 1737 Homero
1165 1677 1349 1737 recessisse.

74 1780 231 1840 Alienum
267 1780 354 1840 enim
385 1780 424 1840 ab
449 1780 580 1854 antiquo
604 1794 763 1855 sermone,
789 1781 845 1841 888
870 1780 988 1840 Atticis
1012 1778 1231 1853 scriptoribus,
1256 1778 1350 1852 tragi-

75 1883 122 1943 818
146 1883 350 1958 praesertim,
376 1881 629 1950 usitatissimum
655 1882 705 1940 est
726 1882 847 1941 aoristo
871 1884 1016 1954 tempore
1035 1881 1175 1941 iudicare
1189 1880 1349 1941 actionem

74 1999 160 2057 quae
183 1999 247 2058 quo
270 1985 415 2058 tempore
439 1985 638 2043 memoretur
663 1982 796 2042 vixdum
821 1983 963 2057 perfecta
994 1982 1047 2041 811.
1076 1982 1135 2043 Rei
1159 1981 1350 2042 notissimae

74 2101 178 2146 unum
216 2085 337 2145 sufficit
368 2083 573 2158 exemplum:
607 2083 701 2158 Soph.
730 2083 817 2144 Αιόο.
844 2085 908 2144 536
936 2076 1070 2166 „tedred
1096 2080 1183 2162 ἔργον
1206 2080 1256 2142 καὶ
1279 2081 1350 2161 πρό-

75 2208 163 2246 νοιαν
187 2182 226 2263 ἣν
251 2183 359 2258 ἔθου”,
384 2186 438 2247 tibi
462 2184 570 2246 schol:
598 2181 754 2268 ,ἐπῄνεσα
783 2182 915 2245 {irritaris¹
941 2184 1083 2246 adnotat.

119 2391 176 2450 Vs.
217 2392 268 2451 17.
326 2382 476 2467 εόφημεῖτ’
502 2385 615 2460 ἀίοντες
640 2383 681 2448 ἐπ’
709 2387 889 2460 Ἀπόλλωνος
914 2383 1010 2471 ἀοιδῇ·

322 2489 455 2569 εὐφημεῖ
473 2487 522 2550 καλ
545 2489 663 2568 πόντος,
686 2488 732 2552 ὅτε
755 2489 903 2550 κλείουσιν
927 2485 1024 2548 ἀοιδοί

322 2590 342 2672 ἢ
365 2592 488 2671 κίθαριν
512 2589 532 2671 ἢ
556 2590 634 2669 τόξα,
658 2589 818 2670 Λυκωρίος
840 2589 923 2650 ἔντεα
949 2589 1074 2668 Φοίβου·

213 2694 256 2754 20
324 2689 395 2754 οὐδὲ
420 2692 501 2765 Θέτις
528 2696 640 2770 Ἀχιλῆα
664 2691 813 2771 κινύρεται
837 2691 936 2751 αίλινα
961 2689 1066 2770 μήτηρ,

324 2790 423 2856 ὁππότ’
451 2793 481 2872 ι’λρ
505 2803 617 2873 παιῆον
641 2792 670 2871 ἰὴ
695 2801 806 2871 παιῆον
830 2791 953 2876 ἀκούσῃ·

322 2895 372 2957 καλ
395 2893 449 2976 μὲν
472 2892 488 2956 ὁ
513 2895 667 2973 δακρυόεις
692 2892 886 2973 ἀναβάλλεται
911 2890 999 2973 όλγεα
1023 2889 1137 2972 πέτρος,

324 2997 401 3070 ὅστις
425 2995 469 3058 ἐνί
495 2996 613 3081 Φρυγίη
637 2994 732 3075 διερὸς
757 2995 842 3066 λίθος
867 2992 1041 3072 ἐστήρικται,

323 3099 479 3178 μάρμαρον
502 3095 567 3157 ἀντὶ
592 3095 733 3177 γυναικὸς
757 3092 877 3173 όιζυρόν
898 3117 925 3155 τι
949 3095 1106 3174 χανούσης.

118 3200 255 3262 Variam
278 3203 375 3276 atque
399 3200 538 3274 undique
563 3201 751 3273 congestam
775 3197 955 3258 doctrinam
986 3211 1048 3257 non
1074 3197 1144 3257 8188
1169 3196 1238 3256 arte
1262 3193 1351 3253 hisee

74 3302 227 3362 versibus
246 3302 420 3376 disponens
438 3301 523 3362 haud
546 3302 658 3375 pauois
677 3301 717 3361 ab
739 3299 968 3372 antiquissima
980 3299 1070 3373 spica
1082 3298 1220 3358 81811888
1233 3295 1353 3356 recedit

73 3407 183 3479 poeta.
215 3403 415 3480 Quapropter
445 3404 502 3463 vix
535 3418 577 3463 ex
602 3417 699 3463 versu
721 3403 759 3461 17
781 3400 871 3461 8118
897 3398 1023 3461 efficere
1044 3400 1175 3475 poteris,
1199 3396 1353 3473 quidnam

74 3507 114 3566 de
151 3521 215 3566 usu
252 3506 414 3566 homerico
444 3505 531 3565 verbi
563 3503 764 3581 εὐφημεῖν
789 3501 1006 3564 Callimachus
1029 3500 1201 3562 censuerit.
1226 3500 1354 3559 Dissen-

74 3609 244 3669 tiebantur
265 3607 473 3682 grammatici
492 3607 524 3667 in
545 3605 733 3682 explicando
754 3604 851 3666 verbo
876 3606 912 3662 A.
934 3605 976 3664 22
1000 3599 1228 3679 (ἐπευφήμησαν
1249 3595 1355 3678 Ἀχαιοὶ

74 3708 255 3785 αἰδεῖσθαι),
285 3709 359 3770 81118
373 3708 465 3770 -81,
488 3708 575 3770 Suid.
597 3709 622 3768 1.
644 3709 674 3769 2.
696 3709 815 3769 814-
829 3705 1132 3782 interpretantibus:
1161 3696 1236 3780 ,μετ’
1261 3699 1355 3778 εὐφη-

75 3811 148 3888 μίας
184 3808 432 3889 συγκατέθευτυ”,
467 3811 541 3871 81118
580 3804 654 3887 ,μετ’
689 3808 838 3887 εὐφημίας
869 3805 1033 3884 ἕβόησυν”,
1065 3819 1203 3880 quorum
1234 3803 1355 3878 priores

75 3914 181 3988 igitur
204 3911 271 3972 iam
295 3913 329 3972 in
353 3912 495 3972 Homero
518 3927 652 3972 sensum
681 3911 823 3986 religiosi
846 3907 1034 3970 811881111111
1058 3907 1155 3968 verbo
1174 3903 1356 3964 vindicasse

76 4015 242 4090 videntur,
278 4013 318 4075 ei.
353 4014 548 4088 interpretes
582 4014 621 4074 ad
658 4015 681 4072 1.
717 4014 789 4074 171.
824 4012 916 4072 Idem
951 4010 1089 4070 fortasse
1121 4006 1159 4068 de
1191 4021 1229 4067 8ο
1260 4004 1356 4065 verbo

75 4114 246 4177 iudicabat
277 4117 397 4177 noster.
432 4115 492 4176 Sed
516 4131 602 4177 nuno
630 4115 760 4189 quidem
783 4129 847 4174 non
871 4127 967 4172 usum
992 4108 1193 4171 homericum
1216 4107 1357 4167 indicare

75 4218 222 4293 volebat,
257 4219 376 4279 saltem
411 4218 519 4292 ipsum
554 4218 689 4278 Poetam
724 4217 781 4276 vix
822 4214 974 4290 respexit.
1011 4212 1048 4272 In
1086 4209 1236 4270 manibus
1267 4206 1357 4268 Calli·

75 4320 199 4381 macho
230 4319 361 4380 suerunt
388 4319 498 4395 procul
522 4318 617 4380 dubio
641 4316 821 4392 Agathonis
844 4316 1004 4391 poemata,
1029 4324 1166 4386 quorum
1190 4308 1357 4382 ingenium

75 4421 293 4496 aptissimum
325 4423 396 4482 erat
427 4421 467 4481 ad
498 4419 725 4481 delectandum
749 4418 820 4479 8188
843 4431 939 4478 aures
963 4417 1060 4488 atque
1084 4412 1242 4472 animum.
1268 4408 1356 4471 Gorn-

75 4523 214 4599 ponenti
237 4523 350 4583 autem
373 4523 480 4596 88888,
512 4521 551 4582 88
574 4521 691 4595 881188
715 4534 801 4579 8888
824 4518 963 4590 agimus,
987 4527 1103 4574 versus
1125 4510 1358 4572 obversabatur

76 4626 107 4686 ei
139 4623 324 4696 Agathonis
355 4637 487 4683 carmen
520 4621 610 4696 illud,
642 4620 734 4681 nobis
762 4634 804 4679 ex
827 4618 1053 4692 Aristophanis
1075 4615 1207 4691 parodia
1228 4616 1358 4674 tantum

81 4725 256 4800 cognitum
273 4721 483 4799 ,1218818881
519 4724 572 4793 39)
611 4717 764 4799 ,εὔφημος
797 4727 856 4791 πᾶς
890 4715 962 4778 ἕστο)
995 4715 1066 4788 λαὸς
1079 4761 1186 4776 ......
1219 4711 1304 4794 ἐχέτω
1327 4708 1360 4773 δὲ
