3104 5286
830 492 890 550 122

222 693 348 753 quoque
370 679 503 738 exterae
529 677 695 753 religionis
718 678 913 739 documenta
936 679 1125 753 inspexerit.
1151 680 1212 739 Sed
1235 695 1354 754 pamm
1379 682 1491 741 attinet

222 779 261 839 de
284 779 345 840 hac
367 795 402 839 re
424 782 549 840 certare
572 780 784 854 argumentis.
809 780 945 840 Frustra
967 780 1112 855 fuerunt,
1138 781 1323 856 quicunque
1346 783 1381 841 in
1405 781 1490 843 Galli·

222 880 330 941 machi
350 881 512 955 Apollonii
531 881 626 941 Arati
645 881 776 956 scriptis
788 883 982 956 argumenta
1002 882 1197 957 deprendere
1216 884 1278 943 sibi
1291 883 1490 958 videbantur,

221 982 360 1042 foederis
382 981 507 1056 antiqui
529 982 629 1042 libros
652 982 755 1042 lectos
778 983 879 1043 fuisse
904 983 1034 1053 (nedum
1054 984 1221 1044 intellecta
1230 986 1249 1055 i)
1270 985 1407 1044 aMusei
1426 1001 1491 1061 poe·

221 1084 275 1143 tis.
299 1078 320 1153 ¹)
345 1084 433 1158 Quod
457 1084 496 1144 ad
521 1083 771 1159 callimachum,
797 1084 928 1145 etiamsi
952 1085 1082 1159 cognita
1103 1086 1218 1145 habuit
1240 1087 1364 1160 scripta
1388 1087 1493 1147 Iudae·

222 1200 329 1261 orum,
349 1185 630 1245 monotheismum
650 1187 687 1244 ut
706 1185 984 1245 commendaverit
1004 1185 1129 1245 civibus
1141 1186 1287 1247 suisnon
1299 1187 1383 1247 nibil
1396 1187 1493 1248 abest.

222 1286 350 1346 Accidit
379 1286 467 1346 enim
499 1284 698 1346 Callimacho
729 1286 815 1346 idem
847 1287 931 1360 quod
963 1287 1087 1347 factum
1117 1287 1267 1347 videmus
1298 1289 1332 1347 in
1356 1288 1493 1364 complu·

222 1387 312 1447 ribus
349 1388 561 1464 scriptoribus
596 1387 715 1448 aetatis
749 1387 1007 1448 Alexandrinae:
1050 1388 1149 1448 simul
1181 1390 1220 1448 ad
1252 1390 1341 1450 Iovis
1376 1405 1496 1450 numen

222 1504 412 1563 supremum
443 1490 551 1564 magis
581 1490 751 1565 magisque
782 1505 847 1550 non
874 1505 1007 1550 summa
1037 1492 1167 1551 tantum
1198 1491 1255 1551 sed
1278 1493 1389 1552 omnis
1413 1497 1495 1568 pote·

223 1594 293 1652 1111
317 1591 356 1651 11
380 1607 417 1652 11
440 1591 587 1667 refertur,
609 1591 709 1651 simul
733 1592 849 1652 crescit
873 1592 907 1650 in
931 1589 1095 1651 infinitum
1119 1592 1234 1666 ingens
1257 1593 1395 1653 deorum
1418 1595 1497 1654 mul-

223 1693 338 1753 titudo.
363 1694 476 1767 Itaque
501 1693 540 1752 ad
565 1707 639 1752 eam
662 1707 830 1752 summam
851 1692 939 1753 Iovis
962 1695 1161 1767 potestatem
1176 1709 1313 1768 -quae
1333 1709 1400 1754 non
1419 1696 1498 1755 sorti

223 1794 378 1855 debeatur
407 1795 464 1855 sed
487 1794 550 1869 ipsi
576 1793 634 1856 Dei
658 1809 815 1868 personae
840 1827 880 1838 —
905 1794 1111 1854 referendum
1135 1795 1267 1870 saepius
1291 1795 1389 1856 docet
1412 1797 1498 1870 quid-

223 1896 299 1971 quid
325 1897 449 1972 pollent
477 1897 586 1956 cetera
609 1895 754 1955 numina.
788 1896 872 1955 Nam
895 1895 1039 1969 primum
1063 1895 1150 1956 Deus
1173 1896 1332 1956 summus
1350 1891 1499 1973 Ἐπόψιος

224 1999 288 2058 est:
313 1998 347 2057 in
369 1997 441 2073 ipsa
463 1999 551 2056 terra
574 2010 725 2057 summas
748 1998 781 2056 in
805 1997 933 2057 arcibus
956 1996 1051 2057 sedes
1074 1998 1245 2071 tamquam
1272 2000 1408 2076 Ἀκροῖος
1431 2001 1499 2060 1111

219 2093 380 2178 Ἐπάκριος
404 2113 565 2174 occupans
589 2097 742 2159 observat
764 2112 859 2173 reges
882 2099 918 2168 (Ι.
943 2099 996 2168 82)

849 2197 884 2259 οἵ
901 2220 931 2259 τε
954 2198 1052 2283 diupei

445 2299 519 2362 λαὸν
541 2299 602 2362 ὑπὸ
625 2294 771 2385 σκολίμσ’,
793 2294 865 2361 οῗτΡ
892 2298 1017 2379 ἔμπαλιν
1040 2299 1218 2379 ἰθύνουσιν,

223 2403 308 2478 quod
338 2403 405 2464 iam
428 2403 613 2465 cecinerant
635 2403 800 2463 Homerus
823 2402 1062 2476 Hesiodusque,
1087 2401 1218 2463 brevius
1241 2402 1296 2462 ille
1317 2403 1502 2486 λαβρότατον

224 2503 306 2584 ὕδωρ
330 2519 520 2566 memorans
543 2505 627 2579 quod
651 2505 740 2565 caelo
764 2504 909 2564 demittit
931 2504 1076 2578 Iuppiter
1099 2505 1148 2572 (11.
1173 2504 1249 2574 386)

537 2605 582 2665 ὅτε
606 2603 644 2683 δή
667 2599 695 2686 ῤ’
722 2601 863 2684 ἄνδρεσσι
885 2602 1097 2680 κοτεσσάμενος
1120 2602 1271 2687 χαλεπήνῃ

447 2706 477 2767 οἳ
498 2706 550 2791 βίῃ
574 2706 618 2766 εἰν
641 2702 736 2790 ἀγορῇ
759 2704 878 2776 amida
901 2703 1023 2782 κρίνωσι
1045 2701 1198 2783 θέμιστας,

224 2811 352 2872 1111111
377 2825 452 2871 vero
483 2809 658 2886 Hesiodus,
691 2824 766 2869 curn
796 2809 830 2868 in
853 2823 892 2868 11
914 2809 1005 2882 parte
1029 2808 1150 2883 operis,
1175 2822 1274 2882 quam
1299 2823 1376 2869 cum
1402 2812 1501 2870 Arato

212 2915 405 2987 ceterisque
441 2913 511 2974 eius
539 2913 659 2974 aetatis
686 2905 834 2987 poetis²i
862 2911 1055 2985 saepissime
1086 2911 1231 2986 respexit
1262 2909 1499 2987 Callimachus,

224 3016 312 3091 (Opp.
328 3015 514 3085 219-251)
538 3029 591 3074 res
608 3014 755 3089 publicas
778 3027 934 3087 regesque
958 3010 1075 3087 probos
1098 3012 1208 3087 impiis
1229 3016 1420 3087 opponeret.
1442 3013 1501 3073 Sed

225 3133 289 3177 non
320 3116 429 3176 solum
459 3116 631 3176 hominum
663 3117 715 3175 est
745 3111 903 3183 ἐπίσκοπος
934 3113 1089 3188 Iuppiter.
1124 3113 1201 3172 llius
1232 3114 1361 3173 numini
1394 3115 1501 3175 debari

225 3216 378 3291 quidquid
405 3215 530 3276 roboris
553 3219 603 3276 est
627 3217 660 3275 in
681 3216 798 3276 ceteris
818 3213 1059 3274 immortalibus
1079 3214 1194 3273 multis
1217 3214 1382 3290 exemplis
1407 3218 1502 3292 poeta

225 3318 342 3393 arguit.
374 3317 403 3376 A
433 3319 525 3393 patre
548 3317 652 3377 Diana
674 3317 757 3392 petit
780 3314 1008 3392 πολυωνυμίην,
1035 3315 1175 3376 venandi
1203 3317 1309 3376 artem
1333 3332 1501 3378 summam

225 3422 323 3494 atque
360 3419 563 3497 φαεσφορίηνε
602 3421 694 3494 pater
729 3417 848 3478 filiolae
879 3419 978 3478 donat
1009 3432 1091 3492 quae
1121 3417 1204 3491 petit
1237 3418 1336 3490 atque
1371 3419 1504 3495 insuper

225 3523 255 3583 ei
278 3522 441 3597 permittit
462 3523 499 3582 ut
522 3519 811 3597 1111ιμενοσκόοος,
830 3521 863 3581 11
886 3520 970 3594 quod
994 3520 1060 3579 iam
1080 3519 1237 3593 vidimus,
1260 3518 1333 3594 ipsa
1356 3520 1504 3580 Artemis

226 3638 301 3684 cum
324 3623 431 3684 lacem
455 3624 623 3683 aeternam
648 3621 790 3681 incendit
818 3621 885 3691 (ΙΙΙ.
914 3622 986 3689 117)

672 3721 764 3798 φάεος
789 3715 814 3780 δ’
843 3718 962 3799 ἕνέηκεν
986 3717 1103 3797 ἀυτμὴν

450 3821 611 3902 ἀσβέστου,
633 3822 664 3883 τό
690 3823 727 3902 ῥα
750 3821 860 3901 πατρὸς
883 3820 1082 3893 ἀποστάζουσι
1105 3821 1255 3901 κεραυνοί.
1278 3816 1299 3892 ³)

226 3928 341 4002 Apollo
373 3927 456 4002 quod
487 3927 576 3987 valet
606 3928 646 3987 ad
676 3927 826 3987 colendos
857 3926 912 3999 qui
940 3940 1015 3985 eum
1044 3925 1227 4000 coluerunt,
1253 3925 1385 3984 cuinam
1412 3925 1508 3986 debet

227 4029 292 4088 nisi
315 4028 409 4088 Iovi?
432 4027 559 4088 Diserte
583 4029 695 4088 monet
715 4029 812 4102 poeta
834 4027 874 4086 H.
901 4026 942 4086 29

263 4262 281 4322 ¹)
299 4263 372 4309 Siout
388 4261 587 4308 Valckenseriue
601 4261 628 4307 in
646 4257 758 4306 natrice
774 4258 804 4305 de
820 4255 962 4305 Aristobulo
979 4271 1003 4316 p.
1025 4258 1079 4303 125.

260 4337 280 4404 ²)
300 4341 406 4402 1111111
429 4339 510 4388 Bhod.
533 4337 593 4401 Arq.
616 4339 650 4385 ΙΙ.
670 4338 796 4385 11111111
819 4339 902 4396 Argus
922 4336 1011 4382 Phrixi
1033 4337 1101 4382 filius
1119 4336 1177 4400 πρὸς
1195 4337 1271 4395 Ζηνὸς
1287 4336 1410 4394 Ἐποψίου
1428 4340 1507 4397 Argo-

227 4426 318 4469 nautae
342 4421 501 4477 obsecratur,
523 4423 553 4466 ut
575 4420 624 4466 sibi
646 4418 823 4472 1111111111ος
841 4416 873 4463 ci.
888 4417 921 4464 11.
939 4417 1015 4467 1179:
1038 4418 1096 4470 Ζιὺς
1113 4416 1190 4469 δοιοὺς
1208 4415 1236 4460 τὰ
1254 4414 1332 4461 111οέ
1354 4416 1507 4479 δπιδίρκηαι,

227 4502 280 4548 οὐδὲ
296 4519 337 4560 μιν
353 4501 434 4565 ἄνδρας
449 4503 553 4559 λήθομεν
570 4499 683 4556 innodes,
700 4500 725 4544 οἵ
739 4515 763 4544 u
780 4496 902 4550 θεουδέος.
921 4496 974 4543 otii
992 4496 1085 4543 tinctor.

260 4576 282 4645 ³)
302 4581 341 4628 01.
360 4593 438 4640 snpra
456 4593 480 4640 p.
499 4581 529 4626 21
549 4577 814 4636 111-81111111
834 4579 911 4635 atque
934 4576 1019 4635 ipsnm
1041 4587 1130 4622 arcum
1153 4587 1199 4621 our
1226 4587 1277 4622 non
1297 4572 1331 4620 ab
1350 4575 1416 4623 Iove
1433 4576 1480 4623 eod

228 4659 385 4720 Oyolopibns
401 4658 549 4719 11111111,
567 4657 697 4719 explicare
715 4658 823 4703 conatus
841 4668 898 4703 anm
914 4653 983 4703 seed.
1001 4655 1022 4702 1.
1041 4668 1065 4715 p.
1085 4656 1125 4703 10.
