3068 5288
836 455 880 516 52

222 635 1497 719 emmerammum-arama

221 737 1494 824 axveeemmeeuaawmsuzew

221 841 349 926 lm
371 836 396 925 t
417 842 543 919 »em
565 835 1199 921 amet-«mamea.
1220 845 1366 920 noes,
1388 859 1493 918 quam·

222 946 273 1004 vis
314 949 458 1004 ceteram
497 944 633 1004 domum
667 945 772 1006 libem
806 946 985 1020 peregrinis
1018 946 1193 1006 concedere
1225 950 1364 1022 paratus
1396 961 1493 1006 unum

220 1048 299 1107 illud
329 1047 413 1121 quod
444 1053 616 1121 rogassent
647 1047 833 1106 cubiculum
859 1062 897 1107 se
919 1047 997 1107 dare
1018 1063 1116 1122 posse
1136 1051 1250 1123 negat,
1273 1048 1432 1122 quoniam
1453 1047 1493 1105 ibi

220 1149 321 1208 filiola
343 1149 448 1209 cubet
471 1149 554 1208 Ecce
576 1152 708 1223 postero
726 1148 779 1208 die
798 1149 938 1208 evanida
956 1152 1008 1208 est
1026 1151 1492 1224 tamvirgoquamministrae

220 1253 305 1326 eiua,
337 1249 533 1328 Διοσιιοόρον
563 1245 597 1308 δὲ
627 1246 782 1328 ἇγάὶμνσ
812 1246 846 1308 ἒν
875 1258 916 1332 νᾳ
946 1247 1220 1329 ebdemada&
1242 1248 1295 1310 ul
1318 1249 1492 1329 τράπεζάν

220 1349 272 1412 mi
294 1351 415 1428 σίλφιον
436 1344 481 1410 ἕν’
506 1349 592 1434 συνῇ.
615 1345 637 1420 ¹)

265 1556 516 1631 Cyrenaicorum
540 1553 687 1613 cultuum
712 1553 856 1627 origines
879 1553 913 1612 in
936 1554 989 1613 his
1007 1555 1160 1615 omnibus
1177 1555 1370 1615 numinibus
1388 1555 1487 1628 exqui-

221 1673 310 1732 rens,
342 1655 563 1717 Callimachus
593 1654 700 1714 Cereri
733 1655 883 1729 Neptuno
914 1655 1058 1731 Apollini
1086 1657 1251 1717 Minervae
1272 1672 1331 1717 eas
1355 1657 1488 1716 medicat

220 1759 345 1834 patrias
374 1773 417 1818 ex
439 1757 557 1831 quibus
579 1770 719 1830 proavos
742 1755 979 1830 Cyrenensium
1001 1757 1130 1831 linyas
1151 1758 1306 1819 oriundos
1328 1774 1403 1819 esse
1423 1772 1484 1818 con·

221 1862 341 1922 stabat.
371 1860 417 1920 Ut
440 1874 510 1919 rem
534 1857 704 1918 absolvam
727 1858 895 1918 adicienda
916 1872 1021 1933 pauca
1042 1860 1203 1932 quaedam
1225 1860 1266 1921 de
1288 1860 1403 1920 Diana
1424 1857 1483 1918 itui
1528 1875 1530 1903 ³

221 1964 324 2036 enim,
348 1965 386 2021 ut
407 1975 507 2035 supra
528 1959 685 2034 vidimus,
707 1960 804 2019 huius
822 1960 903 2020 deae
922 1961 1048 2022 cultum
1068 1963 1225 2023 moadiae
1244 1962 1313 2023 fere
1331 1963 1479 2037 propn'um

221 2066 329 2125 dicare
359 2066 496 2123 cenabis
525 2065 591 2136 est,
622 2077 724 2121 unam
754 2065 868 2122 tamen
897 2063 995 2123 huius
1024 2079 1152 2138 queque
1173 2064 1341 2138 religionis
1363 2062 1478 2138 agnovit

222 2167 363 2226 formam
386 2179 485 2238 quam
508 2178 584 2223 cum
606 2163 791 2238 llinyarum
814 2167 911 2238 gente
933 2165 1041 2238 prisca
1067 2166 1262 2240 coniungere
1283 2168 1418 2240 poterat

266 2267 399 2341 Hymno
421 2264 518 2325 tertio
541 2267 717 2339 postquam
739 2266 851 2324 animo
872 2265 998 2326 ludenti
1020 2266 1193 2341 indulgens
1215 2267 1305 2327 vitae
1325 2265 1472 2341 Olympiae

224 2368 402 2443 imaginem
421 2366 511 2427 dedit
523 2398 564 2408 —
577 2380 660 2439 quae
676 2364 763 2426 haud
782 2367 894 2441 paucis
906 2366 1096 2427 etiamnunc
1113 2367 1268 2442 probatur
1286 2371 1414 2443 propter
1427 2364 1471 2425 ele

222 2470 366 2545 gantiae,
391 2467 472 2528 mihi
496 2466 581 2526 intra
604 2465 735 2541 Olympi
757 2467 951 2541 ugnietem
978 2483 1108 2543 semper
1130 2469 1203 2528 visa
1225 2472 1342 2529 est-
1365 2469 1469 2529 deun·
1519 2505 1520 2509 =

222 2572 270 2631 dit
300 2572 333 2630 in
364 2574 486 2630 terram
512 2570 622 2643 poeta,
646 2567 775 2627 dulcem
799 2571 1005 2630 venustatem
1030 2568 1252 2644 descripturus
1274 2571 1347 2631 eius
1367 2570 1468 2636 coetus

222 2688 286 2747 quo
310 2672 477 2747 coniungit
498 2671 614 2731 choros
636 2668 740 2730 Diana
766 2674 827 2741 (vs.
853 2671 926 2741 171)

446 2768 555 2851 ἀγχόθι
577 2769 703 2851 πηγάνου
726 2770 894 2850 Αἰγυπτίου
913 2766 1050 2832 Ἰνωποῖο

445 2869 466 2952 ἢ
486 2871 620 2950 Πιτάνης
642 2869 704 2945 (aab
725 2870 782 2953 γὰρ
806 2872 926 2951 Πιτάνη
948 2870 1050 2944 σέθεν)
1073 2869 1094 2952 ἢ
1117 2870 1163 2933 ἐνὶ
1185 2872 1319 2950 Λίμναις

447 2970 468 3053 ἢ
490 2972 556 3052 ἵνα,
577 2972 701 3051 δαῖμον,
722 2970 805 3045 Ἁλὰς
827 2973 1029 3054 Ὰρσφηνίδας
1051 2972 1216 3052 οἰκήσουσιν

447 3065 539 3152 ἦλθες
562 3071 622 3134 ἀπὸ
643 3074 800 3153 Σκυθίης,
822 3072 883 3136 ἀπὸ
907 3069 935 3135 δ’
961 3074 1049 3137 sinuo
1071 3071 1179 3152 ιὲθμισ
1205 3075 1341 3154 Ταύρων.

223 3179 359 3239 Temere
389 3181 446 3238 aut
477 3177 659 3238 inconsulto
689 3175 828 3237 Dianam
859 3178 1069 3239 Pitanensem
1100 3178 1171 3238 sive
1198 3178 1378 3256 Limnatin,
1401 3179 1470 3251 Spar·

223 3284 376 3341 tenorum
407 3278 506 3353 igitur
536 3278 631 3339 deam
666 3279 736 3339 sive
766 3279 922 3340 Issoriam
953 3281 1024 3340 sive
1055 3280 1204 3340 Orthiam
1233 3272 1256 3350 'l
1287 3296 1363 3342 cum
1392 3279 1472 3339 Dius

223 3381 334 3442 Attica
355 3384 425 3441 tam
448 3382 537 3441 arcto
560 3380 690 3441 vinculo
714 3381 866 3456 coniungi
889 3396 986 3441 nemo
1009 3380 1104 3441 dicet.
1136 3380 1177 3441 Et
1199 3381 1275 3442 addi
1297 3383 1404 3443 solent
1425 3386 1472 3438 ue·

224 3484 301 3558 rito,
329 3498 391 3557 quo
422 3482 626 3543 illustrantur
656 3482 689 3541 hi
723 3496 836 3542 versus
871 3481 1043 3556 Euripides
1072 3481 1143 3557 illa,
1177 3483 1295 3557 quibus
1325 3480 1474 3559 exponitu

224 3585 432 3660 mandatum,
453 3584 530 3644 olim
552 3599 572 3644 a
590 3582 695 3643 Diana
710 3583 847 3644 Taurica
865 3583 979 3643 datum
992 3583 1099 3644 Oresti
1114 3582 1193 3658 upa.
1209 3583 1306 3646 Taar.
1323 3585 1406 3646 1449
1416 3576 1474 3656 tut-l
1523 3577 1524 3583 ’

224 3702 299 3748 cum
323 3687 352 3746 is
375 3685 539 3745 iuberetur
562 3685 647 3759 apud
670 3685 871 3745 Brauronem
899 3685 1036 3745 condere
1055 3683 1183 3761 aedem,
1209 3685 1317 3760 ibique
1340 3687 1475 3747 collese

223 3788 379 3849 Tauricae
398 3786 612 3847 simulacrum
630 3787 888 3848 sanctissimum.
909 3786 1164 3861 Impugnaverat
1178 3787 1349 3863 Euripides
1368 3788 1408 3848 iis
1426 3795 1476 3844 ver·

223 3891 314 3952 sibus
344 3888 631 3964 Lacedaemonios,
664 3889 718 3963 qui
749 3889 943 3949 contendere
973 3888 1136 3964 solebant,
1165 3904 1230 3949 non
1260 3890 1347 3966 apud
1370 3889 1477 3950 Atticos

225 3992 373 4053 relictam
397 3990 454 4050 sed
488 3989 765 4050 Lacedaemonem
791 3990 964 4051 deductam
988 4005 1061 4050 esse
1082 3989 1221 4051 Dianam
1244 3982 1476 4052 Tauricamll
1525 4053 1526 4056 ,

225 4095 305 4154 haec
335 4106 415 4152 sane
445 4091 553 4166 opinio
582 4093 697 4166 postea
728 4090 909 4151 Pausaniae
932 4091 1039 4164 magis
1061 4089 1184 4165 placuit
1202 4107 1301 4166 quam
1321 4092 1394 4167 ills;
1416 4097 1475 4151 uam

228 4231 446 4241 .....——-—-

260 4300 281 4361 t)
300 4302 354 4348 Alia
370 4300 474 4347 traditio
491 4302 545 4347 sivo
562 4301 618 4348 lure
636 4301 690 4347 sive
707 4301 800 4347 iniuria
818 4300 986 4361 Theopompo
1002 4301 1100 4348 tributa
1116 4301 1212 4361 legitur
1227 4300 1297 4360 apud
1316 4300 1418 4348 buldam
1432 4297 1445 4342 i·
1458 4301 1475 4334 l·

225 4385 350 4444 Φορμίων,
368 4379 412 4426 ubl
431 4379 554 4440 expositis
571 4379 603 4426 ils
615 4392 681 4438 quae
696 4379 846 4427 acciderunt
860 4380 1008 4427 Phormioni
1019 4380 1181 4428 Orotoniatss
1195 4380 1220 4426 in
1236 4379 1473 4440 praenotionem

223 4462 336 4520 graviter
361 4459 507 4516 vulnerate,
533 4459 635 4506 additur
659 4462 750 4520 postea
781 4459 919 4507 theuzonis
948 4472 1008 4507 eum
1034 4460 1133 4523 egisse3
1162 4461 1218 4506 bum
1245 4461 1358 4506 ινάιισσν
1378 4447 1474 4505 «alid

224 4544 349 4601 Διόσκοροι
367 4539 425 4603 πρὸς
443 4542 535 4586 Βάττον
551 4541 583 4591 οἷς
602 4541 708 4601 Κυρήνην
725 4541 763 4585 acl
781 4538 865 4599 ἄνι’σνιρ
882 4555 906 4585 ιι
923 4539 984 4599 Ιχισν
1002 4543 1095 4601 σιλφίου
1115 4541 1207 4586 καυλόν.

258 4615 415 4683 ²)l'olyaen.
432 4616 466 4664 11.
486 4620 529 4672 lt;
547 4617 623 4663 Paua.
642 4617 689 4663 111.
710 4619 748 4663 tt,
764 4618 792 4674 Ἢ
810 4615 882 4665 wido
901 4615 927 4663 tl.
945 4630 970 4676 p.
989 4617 1020 4664 9¹1
1039 4630 1095 4677 sqq.
