3104 5286
779 442 842 507 142

175 634 264 698 viam
296 637 419 697 certam
450 637 629 698 multorum
664 637 799 697 eruditis
831 639 917 698 curis
947 641 1108 699 structam
1146 639 1351 712 stratamque
1386 646 1454 698 noh

175 742 299 800 temere
330 739 504 813 relinquat,
532 738 564 797 in
589 754 794 798 summorum
818 739 951 800 deorum
974 741 1138 815 theologia
1160 741 1318 800 traditam
1337 738 1451 815 iidem,

177 843 214 900 nt
240 856 337 915 saepo
364 839 521 913 vidimus,
546 840 709 912 sequatur,
741 839 839 898 iniis
863 842 975 899 autem
1002 841 1191 900 numinibus
1214 855 1353 914 quorum
1384 854 1452 914 per·

176 957 276 1001 sonae
295 942 405 1001 minus
425 942 588 1016 constant,
608 942 757 999 accurate
777 940 966 1014 plerumque
983 945 1125 1017 exponat
1137 942 1291 1016 quidnam
1304 942 1454 1001 maxime

177 1042 378 1117 probandum
412 1043 553 1102 censeat.
589 1040 707 1116 Quales
741 1044 851 1101 autem
883 1044 1026 1103 rationes
1056 1045 1090 1102 in
1121 1044 1254 1103 deorum
1286 1044 1454 1103 minorum

177 1144 438 1219 theologumenis
462 1144 627 1218 sequatur,
653 1158 717 1203 uno
741 1144 891 1218 exemplo
914 1145 1094 1206 illustrabo.

222 1449 418 1524 Exemplum
450 1448 686 1528 disquisitionis
717 1449 957 1523 mythologioae
986 1450 1072 1510 ultro
1102 1450 1243 1511 offerunt
1265 1449 1452 1524 Nymphae,

176 1566 316 1624 quarum
347 1566 466 1625 genera
497 1549 669 1625 diligenter
699 1551 851 1612 distinxit
874 1550 1102 1613 Callimachus.
1127 1547 1147 1623 ¹)
1184 1552 1331 1613 Primum
1363 1552 1454 1611 enim

179 1668 282 1728 genus
305 1655 356 1712 est
379 1652 630 1726 Oceaninarum,
655 1667 737 1725 quae
757 1652 984 1728 Nympharum
1007 1652 1219 1731 πρεσβύταται,
1242 1654 1330 1714 lovis
1349 1654 1458 1728 ipsius·

180 1755 352 1815 adfuerunt
386 1753 550 1814 natalibus
585 1759 700 1827 (neque
733 1755 834 1829 igitur
868 1771 943 1816 oum
978 1755 1121 1816 Homero
1152 1771 1208 1816 eas
1236 1755 1348 1832 κούρας
1379 1751 1454 1823 Διὸς

179 1855 321 1934 αἰγιόχοιο
342 1858 429 1915 recte
449 1855 562 1930 dicas),
592 1858 752 1928 quantum
771 1855 929 1931 dignitate
948 1860 1080 1918 tantum
1099 1860 1207 1918 aetate
1227 1857 1344 1917 ceteris
1363 1857 1454 1915 ante·

181 1956 342 2016 cedentes.
363 1955 447 2031 Hae,
472 1970 554 2029 quae
574 1971 594 2015 a
612 1955 811 2022 Callimacho
831 1958 856 2017 I.
877 1959 919 2018 36
933 1973 1007 2018 oum
1020 1958 1153 2033 Philyra
1165 1961 1198 2019 et
1210 1959 1310 2033 Styge
1325 1972 1454 2031 compo·

180 2060 302 2117 huntur
321 2057 454 2117 eaodem
473 2059 551 2116 sunt
570 2057 608 2117 de
621 2057 737 2131 quihus
749 2057 912 2118 Hesiodus
923 2059 1052 2119 dixerat
1064 2060 1096 2118 in
1110 2059 1294 2134 'theogonia
1306 2073 1354 2118 vs.
1369 2057 1454 2118 362:

406 2150 513 2233 ,adrat
537 2151 563 2216 δ’
587 2152 734 2217 Ὠκεανοῦ
757 2155 807 2217 καὶ
833 2160 956 2237 Τηθύος
979 2157 1145 2240 ἐξεγένοντο

403 2260 601 2339 πρεσβύταται
623 2262 760 2339 κούραι,”

181 2367 379 2437 noveratque
403 2379 459 2424 eas
483 2363 659 2439 Homerus,
684 2364 739 2437 qui
758 2366 1000 2424 memoraverat
1018 2386 1044 2422 ιι.
1060 2365 1123 2424 139
1143 2364 1262 2425 Persen
1286 2365 1320 2423 et
1338 2364 1375 2419 Σ.
1389 2363 1455 2422 399

181 2467 405 2539 Huronyman3
437 2463 542 2525 multo
573 2468 684 2525 autem
712 2463 842 2524 uberius
865 2465 904 2524 de
928 2466 968 2524 iis
992 2466 1115 2526 dictum
1139 2466 1265 2525 eratin
1288 2464 1456 2524 homerico

182 2569 304 2643 hymno
336 2568 369 2626 in
399 2566 550 2627 Cererem
579 2582 628 2626 vs.
653 2568 718 2626 418
749 2582 833 2642 sqq,
866 2566 921 2626 ubi
951 2567 1012 2627 sibi
1044 2566 1186 2641 fingebat
1207 2568 1304 2641 poeta
1326 2566 1456 2627 Proser·

181 2671 292 2745 pinam
316 2674 376 2740 (vs.
401 2671 431 2739 5)

403 2771 569 2842 παίζουσαν
591 2769 717 2852 κούρῃσι
740 2768 796 2828 σὺν
816 2763 962 2829 Ὠκεανοῦ
986 2768 1200 2846 βαθυκόλποις.

227 2873 348 2933 Verum
377 2873 527 2933 versibus
557 2887 638 2946 quos
676 2887 718 2931 ex
748 2872 934 2946 Theogonis
957 2872 1077 2932 adduxi
1101 2871 1263 2931 adiecerat
1286 2870 1368 2931 haee
1394 2870 1457 2929 He·

183 2975 294 3034 siodus
317 2980 376 3045 (vs.
401 2976 466 3035 363
490 2978 572 3048 sqq.)

585 3074 712 3150 ,nollet
737 3096 769 3153 γε
793 3072 846 3151 μέν
870 3075 925 3135 εἰσι
948 3073 998 3134 καὶ
1024 3073 1117 3135 lilim.

405 3173 465 3253 τρὶς
487 3174 543 3255 γὰρ
565 3175 657 3253 χίλιαί
677 3175 733 3235 εἰσι
754 3176 942 3257 τανύσφυροι
960 3171 1146 3254 Ὠκεανῖναι,

406 3277 443 3336 αἴ
460 3277 498 3358 ῥα
520 3275 717 3357 πολυσπερέες
740 3282 830 3357 γαῖαν
853 3276 903 3338 καὶ
926 3275 1038 3357 βένθεα
1060 3278 1166 3356 λίμνης

405 3378 502 3458 πάντη
526 3375 605 3455 ὁμῶς
625 3376 782 3455 ἐφέπουσι,
805 3378 907 3438 θεάων
931 3376 1026 3459 ἀγλαὰ
1049 3375 1167 3439 τέκνα”.

183 3498 264 3556 quas
291 3496 356 3540 non
380 3496 421 3540 ex
439 3482 519 3556 ipsis
540 3481 658 3540 Oceani
679 3496 717 3540 aa
736 3480 872 3554 Tethyis
891 3481 1014 3555 nuptiis
1033 3484 1209 3556 prognatas
1229 3480 1338 3542 docuit
1362 3482 1459 3542 vetus

183 3585 280 3658 poeta
308 3617 347 3625 -
375 3583 509 3643 dearum
540 3584 628 3643 enim
658 3585 735 3642 sunt
765 3581 851 3642 filiae
876 3617 917 3625 -
945 3586 1042 3657 atque
1073 3583 1144 3643 ideo
1176 3598 1250 3643 oum
1280 3584 1457 3659 priorious,

185 3700 266 3761 quas
288 3686 420 3746 nomine
438 3685 596 3745 indicavit
619 3686 651 3744 ot
674 3683 876 3762 πρεσβυτάτας
900 3685 997 3761 dixit,
1018 3686 1209 3758 neutiquam
1229 3685 1331 3744 simili
1349 3686 1460 3759 posuit

184 3787 263 3847 loco.
287 3787 470 3847 Discrimen
493 3786 577 3860 quod
601 3784 763 3845 Hesiodus
785 3785 907 3845 iecerat
931 3786 1168 3846 observandum
1193 3789 1285 3846 ratus
1309 3785 1458 3846 Callima·

185 3889 266 3948 chus
295 3888 334 3947 ab
366 3887 537 3948 Oceaninis
564 3887 791 3962 Nympharum
818 3887 932 3961 primis
951 3890 985 3947 et
1003 3889 1144 3948 summis
1164 3888 1284 3948 diserte
1307 3889 1460 3949 distinxit

185 3989 349 4064 nymphas
379 3989 506 4063 proprio
529 3989 661 4048 nomine
685 3989 732 4048 ita
755 3988 868 4048 dietas.
893 3988 977 4048 Nam
1000 3990 1146 4050 Artemis
1169 4005 1188 4048 a
1210 3991 1302 4065 patro
1326 3990 1459 4049 comita·

185 4094 256 4151 turn
279 4092 395 4166 petens
417 4105 454 4150 se
477 4090 612 4164 dignum
635 4090 724 4150 hisae
747 4089 856 4150 verbis
879 4105 940 4151 usa
963 4105 1035 4151 esse
1058 4090 1176 4151 dicitur
1199 4090 1267 4161 (ΙΠ.
1295 4092 1362 4161 13);

219 4380 239 4447 ¹)
256 4385 384 4444 Singulari
410 4385 476 4432 libro
502 4385 534 4433 da
558 4385 683 4446 Nymphis
700 4386 755 4444 agit
773 4386 959 4446 Oallimaohua,
980 4385 1026 4433 sed
1043 4386 1120 4434 huius
1134 4386 1220 4446 operis
1237 4384 1351 4433 indolem
1369 4398 1460 4446 parum

186 4464 365 4522 cognoscimus
391 4478 422 4512 aa
447 4478 499 4512 uno
524 4464 594 4524 quod
619 4468 739 4525 superest
764 4466 908 4524 fragmento
933 4459 994 4513 100⁵
1012 4467 1074 4512 nou
1101 4462 1252 4526 (Sohneidar
1273 4463 1308 4511 11.
1333 4465 1383 4513 288
1400 4465 1462 4528 sqq.)

186 4544 255 4603 quod
281 4545 334 4603 agit
356 4544 388 4591 da
406 4545 484 4603 Styga
504 4544 575 4591 fonto
593 4544 731 4605 Arcadiae,
748 4544 818 4604 quod
833 4545 895 4610 ὕδωρ
910 4546 958 4592 εστι
975 4545 1002 4591 ιο
1016 4546 1143 4592 διακόσιοι
1161 4548 1239 4591 πάντα
1255 4544 1286 4590 σὰ
1302 4544 1386 4603 ἄγριαι
1403 4545 1462 4604 πλὴν

186 4630 232 4670 τῶν
248 4627 378 4689 κερατίνων.
