3068 5288
818 434 861 497 48

468 617 540 694 ἔξιτε
562 629 616 681 τᾶν
639 619 739 682 ἵππων
761 619 826 701 ἄρτι
849 633 1083 702 φρυασσομενᾶν

424 731 478 783 τᾶν
500 722 584 801 ἱερᾶν
607 721 768 799 έσᾶιιουσα,

201 828 234 886 et
263 825 420 901 singulari
451 841 529 887 cura
558 840 615 901 per
645 828 772 902 septem
796 827 947 903 deinceps
970 844 1086 890 versus
1109 829 1258 905 exponit,
1283 842 1386 902 quam
1410 827 1473 887 dili·

201 928 291 1002 genti
320 942 450 1002 semper
481 942 592 988 amore
624 943 724 1002 equos
753 943 831 989 suos
862 930 952 1005 virgo
983 930 1135 991 bellatrix
1166 930 1271 991 colere
1295 928 1397 989 solita
1418 929 1472 1003 sit,

200 1045 283 1103 quaa
308 1044 487 1102 numquam
510 1044 571 1089 sua
589 1029 722 1090 brachia
739 1030 859 1091 laverit
877 1034 1052 1105 antequam
1072 1032 1241 1107 pulverem
1261 1033 1356 1107 equis
1377 1032 1472 1093 deter-

201 1131 295 1204 serit3
321 1131 398 1205 quin
421 1130 522 1191 etiam
546 1146 620 1192 oum
644 1146 686 1191 ex
709 1130 886 1206 Gigantum
909 1131 1030 1206 praelio
1053 1133 1205 1194 rediisset

511 1231 589 1293 πολὺ
612 1232 771 1311 πράτιστον
795 1227 846 1310 ὑφ’
872 1232 1001 1312 ἅρματος
1025 1230 1153 1314 αὐχένας
1176 1231 1277 1294 innuo

468 1330 619 1412 λυσαμένα
642 1338 752 1414 παγαῖς
775 1332 897 1397 ἔκλυσεν
917 1328 1051 1396 Ὠκεανῶ

423 1435 497 1514 ἱδρῶ
519 1432 571 1495 ani
594 1433 791 1516 ραθάμιγγας·
815 1433 977 1515 έφοέβασεν
1001 1432 1034 1498 δέ
1058 1434 1188 1518 παγέντα

470 1536 568 1597 πάντα
589 1536 800 1616 χαλινοφᾶγων
823 1534 922 1615 ἀφρὸν
946 1536 1005 1600 ἀπὸ
1029 1538 1189 1616 στομάτων.

248 1641 289 1701 Et
318 1642 431 1701 tamen
461 1639 658 1715 Argivorum
689 1641 798 1716 deam,
830 1640 901 1701 sive
931 1640 1136 1702 salutabatur
1165 1640 1321 1703 bellicoso
1344 1643 1472 1703 nomine

205 1742 355 1818 Salpinx,
390 1741 460 1803 sive
494 1742 613 1817 Pania‚‚
645 1742 715 1802 sive
748 1742 933 1817 Oxyderces
956 1737 991 1818 ¹),
1036 1758 1135 1803 curruv
1161 1746 1293 1804 vectam
1325 1745 1385 1804 vix
1415 1744 1472 1805 sibi

204 1843 369 1920 fingebant
389 1844 491 1918 cives;
511 1858 576 1905 non
596 1843 703 1919 magis
722 1859 821 1918 quam
841 1845 899 1904 ant
909 1847 1023 1920 poetae
1036 1845 1090 1918 qui
1103 1844 1395 1919 Gigantomachias
1407 1861 1472 1907 oan-

204 1948 329 2024 tarunt,
354 1946 505 2006 Athenon
535 1959 553 2005 e
580 1960 677 2006 curru
702 1947 903 2021 pugnantem
925 1944 1047 2021 fingere
1070 1944 1232 2022 solebant,
1258 1948 1317 2007 aut
1338 1947 1472 2023 sculpto·

204 2064 266 2109 res.
295 2048 382 2109 Num
412 2048 512 2123 igitur
541 2062 673 2108 currum
700 2048 848 2109 ascendit
869 2048 1000 2108 Athena
1023 2047 1242 2109 Callimaohea
1264 2049 1424 2122 quoniam
1444 2049 1473 2108 in

205 2150 305 2211 Iliade
335 2150 416 2210 haec
437 2148 508 2209 sola
530 2148 591 2210 dea
614 2164 689 2210 eum
718 2150 842 2210 Iunone
873 2164 968 2210 curru
991 2150 1032 2209 ad
1054 2149 1176 2210 bellum
1199 2148 1345 2224 proiecta
1368 2150 1473 2211 esset?

205 2252 293 2327 Alia,
324 2251 358 2311 ni
387 2250 491 2326 fallor,
523 2251 557 2311 et
585 2251 715 2326 gravior
745 2266 845 2312 causa
873 2253 1005 2327 poetam
1035 2252 1139 2312 duxit.
1164 2251 1255 2311 Sicut
1276 2251 1350 2327 ipsa
1374 2251 1474 2328 patria

206 2351 330 2427 Cyrene
349 2366 504 2413 curruum
522 2366 652 2426 semper
670 2351 773 2427 gloria
792 2352 997 2413 inclaruit-
1010 2352 1170 2413 Arcesilai
1187 2351 1302 2414 laudes
1322 2354 1396 2428 quis
1415 2369 1474 2414 non

206 2455 408 2515 recordaturi
435 2454 546 2514 —ita
576 2454 671 2514 deam
701 2456 843 2532 χαλινῐτιν
872 2468 1004 2514 summo
1031 2454 1115 2529 apud
1140 2452 1336 2529 Cyrenaicos
1359 2456 1474 2517 honore

205 2572 335 2631 semper
362 2557 485 2618 cultam
515 2554 617 2616 fuisse
640 2569 705 2615 non
728 2554 862 2615 dubium
897 2557 960 2630 est,
987 2554 1058 2615 sive
1081 2555 1234 2631 Hippiam
1259 2570 1336 2616 eam
1358 2572 1472 2619 nuncu·

205 2659 327 2733 pabant
355 2658 426 2719 sive
457 2657 521 2719 alio
549 2657 681 2718 nomine
703 2656 908 2731 salutabant;
933 2656 1103 2731 aptissime
1130 2658 1241 2717 autem
1265 2655 1474 2731 cyrenaicam

205 2760 371 2821 Athenam
390 2774 465 2820 cum
485 2760 663 2821 Poseidone
683 2759 801 2834 Hippio
821 2757 991 2818 coniunxit
1009 2758 1160 2819 Mnaseas
1180 2758 1350 2820 Patrensis
1369 2761 1409 2822 fr.
1423 2762 1472 2821 40:

209 2859 303 2938 „paul
327 2857 360 2922 δὲ
383 2860 492 2933 αὐτοὺς
512 2858 562 2920 καὶ
584 2859 720 2937 πρώτους
744 2857 823 2936 ἅρμα
848 2860 945 2931 ζεῦξαι
969 2841 1165 2937 διδαχθέντας
1189 2857 1250 2919 ὑπὸ
1274 2862 1475 2934 Ποσειδῶνος,

206 2961 238 3024 τὸ
262 2959 294 3022 δέ
317 2959 448 3041 ἡνιοχεῖν
472 2960 532 3021 ὑπὸ
556 2965 699 3037 Ἀθηνᾶς,
722 2956 762 3031 ὡς
787 2958 932 3030 Μνασέας
956 2957 987 3019 έν
1011 2964 1071 3032 τοῖς
1094 2957 1161 3037 περὶ
1184 2960 1327 3038 Λιβύης”
1349 2956 1384 3033 7).

250 3066 395 3125 Patriam
420 3064 519 3139 igitur
542 3064 636 3124 deam
660 3061 760 3123 simul
784 3077 858 3123 cum
878 3061 1076 3136 Argivorum
1095 3062 1240 3122 Minerva
1259 3067 1429 3140 spectans,
1449 3066 1475 3125 et

206 3167 313 3240 magis
336 3166 478 3241 patriam
502 3179 600 3239 quam
624 3163 796 3238 argivam,
820 3164 955 3238 iterum,
980 3163 1064 3238 quod
1084 3163 1190 3223 iacere
1210 3167 1314 3241 amat,
1336 3168 1475 3227 carmine

206 3255 430 3343 progrediente
453 3266 576 3327 indicat
605 3266 758 3339 antiquae
789 3264 867 3325 deae
898 3266 993 3325 sedes
1024 3280 1099 3325 cum
1127 3278 1322 3338 proavorum
1346 3282 1475 3329 suorum

206 3369 367 3429 memoria
397 3368 596 3429 coniunctas.
628 3366 669 3426 Et
698 3365 805 3441 potuit
835 3366 998 3441 profecto,'
1018 3366 1047 3425 si
1070 3365 1182 3439 vellet,
1208 3367 1327 3429 iterare
1349 3383 1476 3430 cursum

207 3473 240 3531 in
269 3471 427 3531 Arcadiae
456 3485 572 3545 pagos,
604 3484 665 3529 nec
694 3468 738 3527 ibi
769 3467 891 3528 frustra
922 3467 1140 3542 quaesivisset
1170 3468 1320 3530 Athenae
1344 3470 1476 3546 Hippiae

207 3571 356 3647 vestigia.
373 3572 506 3633 Poterat
525 3570 647 3633 Clitore
664 3570 777 3630 urbem
794 3569 950 3644 indicare,
963 3569 1112 3630 Athenae
1124 3569 1225 3646 κορίας
1239 3570 1331 3632 cultu
1343 3571 1475 3644 claram,

207 3689 306 3749 quam
336 3673 432 3734 deam
463 3672 694 3747 quadrigarum
720 3671 934 3731 inventricem
958 3670 1106 3731 ferebant
1128 3671 1271 3732 Arcades
1291 3664 1326 3741 8).
1351 3673 1478 3734 Poterat

207 3775 356 3851 inprimis
381 3808 421 3818 —
446 3790 524 3836 nam
547 3775 611 3835 huc
632 3772 776 3834 conferre
800 3788 915 3833 omnes
937 3772 1075 3848 Hippiae
1099 3773 1206 3833 cultus
1229 3774 1374 3834 Arcades
1401 3772 1476 3835 nihil

207 3877 326 3937 attinet
341 3876 476 3937 -illud
496 3878 575 3937 deae
598 3875 812 3935 simulacrum
836 3889 1019 3934 memorare
1044 3873 1084 3933 ad
1104 3874 1188 3947 quod
1207 3874 1275 3934 iere
1294 3875 1382 3936 ultro
1403 3874 1476 3935 invi·

205 3977 291 4037 tavit
313 3976 438 4037 mentio
461 3976 621 4052 prioribus
646 3974 794 4035 versibus
817 3974 905 4035 lacta
928 3975 966 4035 de
990 3974 1168 4050 Gigantum
1187 3975 1323 4051 proelio,
1346 3977 1476 4037 sanctis·

206 4079 330 4138 simum
353 4079 423 4139 dico
447 4078 593 4153 signum,
618 4077 701 4150 quod
726 4077 810 4152 apud
829 4091 865 4136 se
890 4075 1118 4152 asservabant,
1140 4076 1339 4154 Manthyrei,
1361 4078 1401 4138 de
1420 4090 1477 4152 quo

244 4296 263 4362 ¹)
281 4298 319 4347 ol.
336 4297 471 4346 Dummler
488 4299 514 4344 in
531 4296 762 4354 Pauly-wisebenne
780 4297 875 4344 Lexioo
892 4297 926 4343 11.
947 4309 967 4343 s.
985 4309 1009 4343 r.
1027 4294 1124 4343 Athena
1141 4297 1189 4344 ool.
1209 4297 1282 4345 luta.

240 4374 371 4442 ²)hidllsr
393 4375 421 4425 F.
439 4379 471 4425 H.
487 4378 518 4427 G.
536 4377 584 4424 111.
602 4390 627 4437 p.
647 4379 702 4424 166.
726 4377 909 4437 Fragmentum
931 4379 1052 4425 husae
1074 4375 1183 4424 debetur
1197 4376 1374 4436 grammatiois
1390 4377 1435 4438 qni
1451 4388 1477 4424 co

207 4458 371 4506 illustrarunt
386 4470 490 4506 versum
507 4455 680 4517 Sophocleum
698 4454 738 4504 El.
758 4457 813 4504 lat.
830 4457 928 4516 μέτωπα
944 4461 1088 4516 συμπαίουσι
1107 4460 1236 4519 Βαρκαίοις
1252 4456 1324 4517 ὄχοις.

239 4533 262 4601 ⁸)
279 4537 445 4585 Immerrrshr
467 4537 484 4584 1.
502 4536 519 4582 l.
548 4549 573 4596 p.
593 4537 639 4594 bd,
659 4537 704 4595 qni
725 4535 794 4584 idem
817 4538 943 4583 memorat
959 4547 1078 4584 nummos
1092 4536 1170 4583 huius
1186 4535 1259 4583 urbis
1277 4548 1337 4584 enm
1354 4538 1416 4597 eqni
1432 4537 1477 4584 irs·

208 4619 262 4666 nnti
279 4618 375 4676 effigie.
393 4617 503 4677 collegii
519 4617 576 4664 loos
593 4615 718 4663 Arcadiae
736 4629 802 4676 qnae
819 4616 941 4676 Hippiam
959 4615 1091 4663 celebrant
1107 4628 1133 4675 p.
1152 4616 1192 4671 tt,
1211 4614 1251 4676 id,
1270 4617 1327 4663 los.
