3068 5288
827 453 867 521 18

210 644 269 728 our
301 653 412 712 autem
442 651 539 711 huius
570 648 621 710 dei
647 649 760 709 laudes
784 649 959 725 instaurat,
986 646 1141 709 Cretaene
1165 649 1302 723 gloriam
1326 648 1418 711 Iovis
1442 662 1485 708 re·

210 768 287 813 cens
306 754 375 814 nati
395 752 562 828 concedat,
585 768 626 812 an
646 752 826 813 Arcadiae?
846 752 1058 813 Dictaeumne
1078 753 1223 812 cantabit
1241 768 1283 813 an
1300 753 1485 826 Lycaeum?

210 855 292 916 Rem
323 854 504 929 difficilem;
539 851 625 930 ,ἐπεὶ
657 851 744 932 γένος
775 851 995 931 ἀμφήριστον”.
1030 854 1114 913 Nam
1145 855 1288 929 profecto
1319 855 1348 914 si
1371 857 1484 928 poetas

209 958 334 1033 audies,
356 958 485 1018 lorisve
504 957 689 1017 sacerdotes
709 955 894 1031 Cretenses
916 955 968 1015 vel
988 956 1088 1015 etiam
1107 955 1216 1030 ipsum
1236 956 1481 1016 sanctissimum

210 1060 321 1118 vatem
363 1058 587 1135 Epimeniden,
629 1056 704 1128 Ζεὺς
739 1054 930 1136 Κρηταγενής
964 1057 1090 1117 cunctis
1128 1057 1293 1131 suffragiis
1323 1057 1479 1118 Arcadem

210 1159 322 1220 lovem
352 1174 505 1236 superare
531 1158 693 1219 videbitur
714 1151 745 1229 ¹).
777 1157 996 1219 Callimachus
1026 1172 1103 1218 vero
1127 1157 1340 1219 Alexandrini
1363 1157 1477 1217 saeculi

209 1263 243 1320 et
273 1260 375 1321 Musei
398 1261 610 1336 dignissimus
638 1259 790 1319 alumnus
814 1260 847 1318 in
870 1260 1040 1334 poetarum
1063 1259 1162 1320 verba
1184 1275 1222 1320 eo
1246 1260 1355 1333 minus
1377 1261 1474 1320 iuran·

209 1361 288 1421 dum
319 1363 495 1439 iudicabat,
539 1362 615 1436 quia
648 1376 689 1420 ne
723 1360 944 1434 antiquissimi
982 1360 1112 1434 quidem
1150 1376 1260 1421 rerum
1299 1361 1472 1421 divinarum

209 1464 426 1539 praeceptoris
450 1464 488 1523 de
512 1464 573 1523 bac
592 1477 626 1523 re
649 1462 904 1521 disertissimum
928 1461 1098 1521 videbatur
1120 1463 1355 1522 testimonium.
1381 1462 1470 1522 Caute

210 1565 297 1625 enim
321 1581 391 1626 rem
415 1565 586 1625 obscuram
609 1563 772 1624 Hesiodus
795 1566 1021 1624 enarraverat:
1527 1548 1529 1559 ’

232 1666 287 1727 Vs,
312 1668 387 1728 476.
434 1663 558 1743 πέμψαν
581 1658 610 1724 d'
636 1661 665 1736 ές
689 1663 825 1743 Λύκτον,
847 1663 967 1743 Κρήτης
991 1661 1020 1736 ές
1043 1663 1134 1723 πίονα
1157 1664 1264 1743 δῆμον,

433 1761 533 1829 ὁππότ’
559 1760 601 1844 ἄρ’
630 1761 792 1826 ὁπλότατον
814 1764 932 1825 παίδων
955 1762 1059 1843 ήμελλε
1081 1763 1233 1844 τεκέσθαι,

432 1873 516 1947 Ζῆνα
540 1865 640 1946 μέγαν·
664 1865 716 1927 τὸν
739 1863 793 1944 μέν
817 1865 849 1926 ot
869 1863 985 1939 έιλέξατο
1010 1869 1087 1926 Γαῖα
1109 1866 1226 1945 πελώρη

431 1969 535 2053 Κρήτη
558 1966 590 2029 έν
614 1967 712 2053 εύρείη
736 1964 884 2047 τραφέμεν
908 1965 1129 2046 ἀτιταλλέμεναί
1148 1991 1185 2028 τε.

309 2074 374 2133 480
431 2070 507 2132 ἔνθα
530 2092 582 2148 μιν
605 2062 666 2129 λκτο
691 2066 824 2148 φέρουσα
847 2066 929 2146 θοήν
952 2067 1003 2128 <bt
1024 2070 1118 2130 νύκτα
1142 2067 1284 2148 μέλαιναν

432 2173 552 2252 πρώτην
575 2168 604 2243 ές
627 2170 758 2231 Λύκτον·
781 2170 898 2250 κρύψεν
921 2168 954 2230 ιλέ
976 2167 991 2231 ἕ
1013 2169 1092 2250 χερσί
1115 2173 1249 2250 λαβοῦσα

432 2271 528 2358 ἄντρῳ
553 2270 584 2333 έν
608 2270 751 2358 ήλιβάτῳ,
774 2270 884 2351 ζαθέης
907 2271 967 2333 oab
990 2273 1113 2334 κεύθεσι
1135 2273 1237 2353 γαίης,

434 2374 549 2459 Αἰγαίῳ
574 2372 605 2434 έν
629 2370 704 2452 ύρει,
726 2371 958 2459 πεπυκασμένῳ,
980 2372 1106 2452 ὑλήεντι.
1132 2370 1152 2447 ²)

255 2479 440 2540 verecunde
475 2477 602 2537 arcanis
633 2476 789 2536 abstinuit
825 2478 979 2551 antiquus
1013 2480 1121 2554 poeta,
1157 2493 1216 2539 uec
1251 2482 1410 2554 accurate,
1438 2473 1466 2533 ut

210 2584 329 2657 noster,
362 2581 450 2655 ipsos
476 2581 590 2654 partus
612 2578 721 2639 Rheae
745 2580 923 2652 enarravit;
949 2593 1010 2651 quo
1034 2578 1158 2640 iactum
1181 2583 1233 2641 est
1255 2584 1293 2642 ut
1315 2582 1422 2642 liceret
1442 2579 1467 2636 in
1527 2583 1528 2587 ’

161 2735 167 2744 .
209 2685 381 2757 utramque
404 2682 532 2756 partem
554 2681 699 2755 accipere
723 2695 838 2740 versus
862 2681 926 2740 479
950 2695 1015 2755 sqq.
1040 2681 1124 2740 Nam
1148 2683 1253 2757 potuit
1271 2698 1352 2744 sane
1373 2681 1468 2743 Hesio·
1526 2667 1527 2672 ’

209 2787 269 2845 dus
300 2785 340 2844 iis
371 2783 519 2843 versibus
550 2782 691 2843 indicare
723 2783 807 2856 quod
839 2798 914 2842 eum
945 2783 1107 2842 indicasse
1135 2783 1278 2858 plerique
1302 2782 1470 2845 iudicarunt

212 2887 311 2947 veluti
333 2883 560 2959 Apollodorus,
585 2885 639 2956 qui
663 2884 688 2943 1.
716 2884 743 2942 1.
766 2887 785 2944 b
809 2887 920 2959 aperte
947 2885 1180 2958 interpretatus
1204 2884 1385 2945 Hesiodum
1408 2884 1470 2945 scri·

209 2988 270 3047 bit:
309 2980 385 3062 ,Ῥέα
418 2982 610 3063 παραγίνεται
640 2980 695 3061 μέν
725 2983 766 3056 είς
799 2982 922 3063 Κρήτην
954 2980 1082 3062 ὁπηνίκα
1113 2983 1165 3045 τὸν
1196 2984 1255 3044 Δία
1278 2982 1473 3064 ἐγκυμονοῦσα

209 3085 361 3166 ἐτύγχανε,
390 3095 510 3167 γεννᾷ
541 3081 574 3144 δέ
603 3082 636 3145 έν
667 3082 764 3166 ύντρῳ
795 3093 846 3162 τής
871 3083 979 3162 Δίκτης
1003 3086 1094 3146 Δία”.
1120 3077 1143 3156 ⁸)
1167 3086 1211 3146 At
1234 3086 1308 3148 aliis
1331 3089 1473 3160 fortasse,

244 3351 263 3416 ¹)
282 3355 341 3405 Ζεὺς
366 3353 512 3418 Κρητογινής
530 3355 556 3400 iu
574 3354 677 3401 foedere
695 3355 762 3401 inter
779 3355 897 3401 civitates
917 3355 1053 3402 Cretenses
1070 3356 1206 3417 pangendo
1225 3358 1360 3405 invocatur
1378 3360 1405 3406 C.
1419 3358 1438 3404 1.
1451 3357 1477 3404 (i.

210 3434 288 3489 loth
324 3436 350 3480 et
375 3433 476 3480 etiamsi
502 3432 597 3480 diserta
626 3434 720 3480 absunt
742 3435 901 3492 testimonis,
923 3435 1052 3482 affirmare
1075 3436 1163 3482 licebit
1186 3436 1356 3496 Epimeniden
1374 3439 1479 3485 Creticae

211 3512 252 3559 dei
266 3512 378 3569 origines
392 3511 518 3558 docuisse.
532 3512 598 3558 llum
612 3512 691 3570 igitur
705 3515 816 3559 anostro
825 3515 969 3572 oppugnari
979 3526 1038 3560 vera
1049 3513 1179 3561 contendit
1189 3516 1281 3561 Massa.
1291 3515 1386 3563 Aratea
1395 3530 1419 3576 p.
1429 3516 1479 3563 848.

210 3592 323 3640 Ulterius
349 3594 435 3638 autem
458 3590 542 3637 minus
565 3593 634 3637 reote
653 3592 691 3637 vir
714 3591 896 3652 sagacissimus
918 3591 1082 3651 progreditur
1108 3606 1167 3639 oum
1195 3591 1279 3639 addit:
1307 3592 1480 3648 „Daditamnt

209 3670 239 3718 de
260 3669 429 3732 Epimenidem
444 3668 549 3733 fabulae
567 3668 615 3730 fide
637 3684 666 3716 ac
688 3669 790 3716 veritate
813 3668 912 3717 Aratus.
932 3669 1032 3717 Nullum
1049 3670 1197 3719 dubitationi
1214 3671 1288 3719 ίοοακι
1306 3671 1480 3736 relinquendam

210 3765 260 3798 esse
275 3753 300 3797 st
319 3747 436 3814 fraudem
465 3747 635 3810 αγιιοτοτιιιίοεκ
660 3748 788 3811 professas
815 3750 852 3795 eat
875 3749 931 3795 item
956 3749 981 3796 ιἰι
996 3750 1105 3812 pueritia
1122 3749 1190 3798 Iocis
1202 3749 1354 3799 ἄιταίύτκιίο
1373 3751 1480 3799 Calliaro-

209 3828 290 3878 clm?
314 3827 363 3876 Fao
385 3829 452 3876 enim
471 3829 541 3875 Arati
556 3825 648 3891 {serbis
665 3841 732 3886 quae
749 3827 838 3874 laudat
858 3829 963 3875 Massa:
989 3832 1031 3885 „al
1047 3830 1110 3876 λαὸν
1126 3827 1170 3888 δύ’
1187 3845 1236 3893 sqq.
1255 3829 1356 3889 (Pham.
1377 3833 1409 3879 80
1425 3825 1480 3894 sqq.)

211 3909 396 3957 dubitationem
415 3907 522 3954 iudicari
547 3903 584 3970 (id
607 3906 677 3966 quod
700 3906 740 3952 rix
763 3908 907 3967 putaverim
925 3909 957 3955 ol.
974 3909 1049 3956 Hom.
1064 3913 1089 3955 Ε
1109 3911 1170 3965 1043
1187 3914 1214 3955 n.
1234 3908 1291 3971 15³)
1311 3910 1385 3958 vides
1400 3914 1480 3958 umen

210 3991 293 4050 ipsam
316 4002 370 4036 rem
394 3987 426 4035 de
448 4001 499 4047 qua
520 3987 652 4034 dubitasse
670 3988 776 4033 Aratum
794 3986 857 4033 dicit
873 3987 1010 4043 Maesulus,
1028 3987 1127 4035 scilieet
1144 3987 1322 4036 eduoatiouem
1339 3988 1409 4036 Iovis
1426 3989 1479 4036 Cro-

210 4081 323 4127 tonem,
341 4067 475 4128 probatam
500 4079 556 4113 esse
582 4065 750 4121 Callimacho;
775 4069 863 4112 eontra
886 4066 919 4113 de
943 4080 973 4113 aa
996 4081 1023 4114 re
1047 4080 1125 4127 quam
1147 4068 1282 4127 impugnet
1299 4068 1480 4124 Callimachus,

211 4147 310 4194 scilicet
328 4148 416 4192 natum
435 4159 492 4192 esse
509 4145 535 4191 iu
554 4145 629 4191 Creta
646 4144 730 4191 insula
748 4157 878 4190 summum
896 4144 986 4205 deum,
1004 4159 1110 4205 prorsus
1126 4150 1211 4195 tacere
1229 4148 1344 4194 Aratum.

243 4221 265 4290 ²)
282 4225 385 4272 Hesiod.
413 4223 497 4286 Τλαογ.
518 4224 567 4271 476
584 4234 647 4286 sqq-i
667 4235 703 4269 ve.
722 4224 771 4270 480
789 4222 917 4270 Fmaclrius
934 4224 1031 4283 optime
1048 4238 1080 4272 ex
1097 4225 1169 4272 Bodl.
1187 4226 1302 4274 restituit
1317 4244 1358 4284 μιν
1375 4240 1422 4287 pro
1436 4226 1479 4285 μέν.

211 4304 295 4351 Βολιολ.
310 4317 341 4350 ex
355 4303 532 4350 emendatione
544 4303 697 4350 Hermanni:
715 4298 789 4361 ,ήλσι
798 4303 902 4367 φέρουσα
917 4303 956 4349 τὸν
969 4306 1075 4360 (Δία)
1088 4306 1127 4352 διὰ
1142 4307 1246 4360 παντός’.
1255 4305 1339 4364 Igitur
1347 4307 1479 4354 scholiasts

210 4397 313 4444 quoque
322 4386 357 4430 ita
367 4385 585 4431 obscuroaversus
592 4384 700 4444 accepit,
710 4385 740 4428 ut
749 4385 825 4442 poeta
835 4384 975 4430 narraverit
981 4383 1069 4432 Iovem
1079 4384 1126 4432 iam
1136 4389 1218 4433 καίνει
1228 4386 1339 4445 (amatre
1344 4386 1366 4446 i)
1376 4387 1477 4444 Lyctum

211 4476 268 4510 esse
282 4466 419 4523 portatum,
430 4488 461 4496 -
471 4463 633 4524 Theogonias
651 4465 737 4509 sntmn
753 4462 832 4509 verba
850 4463 989 4521 spectaris
1005 4464 1162 4512 Callimaoho
1177 4465 1238 4512 dum
1253 4465 1405 4513 Arcadicum
1418 4464 1478 4512 Iovis

209 4543 334 4602 originem
344 4546 462 4602 exponat,
476 4543 631 4589 assentietur
639 4541 786 4601 quicunque
795 4542 885 4600 hymni
893 4555 982 4590 versus
993 4545 1023 4590 10
1032 4558 1080 4606 sqq.
1090 4557 1148 4591 oum
1158 4544 1306 4603 Theogonis
1316 4543 1475 4606 comparabit

242 4616 265 4685 ί)
283 4621 411 4669 Diodorus
427 4622 472 4669 lib.
489 4622 517 4668 V.
534 4623 565 4669 70
583 4622 802 4670 Euemeristarum
819 4623 917 4668 ratione
933 4636 974 4669 res
990 4623 1126 4671 Cretenses
1140 4637 1271 4684 exponens
1289 4626 1380 4673 eadem
1395 4626 1474 4679 refert,
