3104 5286
689 477 749 538 147

129 672 180 732 lta
214 669 414 744 antiquiores
445 671 559 744 poetae
592 668 723 728 arbores
754 683 865 728 sacras
896 669 1116 744 nympharum
1139 672 1226 732 vitas
1249 674 1360 735 vivere

84 773 248 845 simulque
288 786 363 831 cum
409 770 564 845 nymphis
610 769 741 829 arbores
780 769 912 830 interire
954 771 1170 850 crediderant,
1215 775 1361 851 ipsarum

84 879 196 936 autem
227 874 448 949 nympharum
478 871 567 931 vitae
591 872 648 930 aut
671 870 850 931 valetudini
879 873 988 932 noceri
1011 872 1051 932 ab
1075 887 1127 950 eo,
1153 875 1208 948 qui
1231 877 1362 938 arbores

84 991 196 1037 sacras
216 976 315 1050 impio
335 974 419 1034 ferro
440 973 629 1046 invasisset,
652 972 795 1032 nondum
816 975 951 1048 putasse
971 974 1132 1037 videntur.
1152 969 1286 1057 Idfivero
1298 995 1362 1040 non

85 1078 260 1139 serioribus
291 1079 421 1138 tantum
449 1074 651 1149 temporibus
685 1073 884 1146 credebatur,
918 1090 992 1135 cum
1025 1077 1159 1138 Ovidius
1185 1080 1362 1143 scelestum

85 1194 241 1240 enarrans
265 1178 391 1239 facinus
415 1175 662 1251 Erysichthonis
685 1175 733 1234 ita
755 1189 826 1234 rem
850 1182 1027 1251 exponeret
1054 1180 1133 1250 (Mel.
1158 1180 1244 1244 VIII.
1265 1186 1340 1255 761)

286 1281 379 1340 cuius
401 1282 438 1340 ut
461 1279 495 1338 in
518 1279 632 1337 trunco
657 1275 733 1336 iecit
757 1292 876 1337 manus
900 1278 989 1354 inpia
1011 1281 1131 1342 vulnus

287 1381 372 1441 haud
396 1379 491 1440 aliter
514 1377 611 1438 fluxit
633 1377 780 1438 discusso
805 1378 924 1439 cortice
947 1383 1095 1456 sanguis,

287 1498 386 1556 quam
410 1480 507 1555 solet,
533 1481 609 1540 ante
633 1494 707 1539 aras
731 1479 846 1554 ingens
869 1480 923 1540 uhi
948 1482 1085 1545 victima
1107 1488 1222 1548 taurus

287 1582 440 1657 concidit,
466 1580 603 1655 abrupta
628 1594 758 1640 cruore
783 1581 908 1642 cervice
931 1583 1095 1660 profundi3

88 1686 144 1746 sed
168 1685 269 1745 etiam
293 1686 368 1744 ante
399 1682 504 1743 Ovidii
528 1683 677 1755 tempora
701 1681 776 1741 talis
800 1683 961 1758 opinionis
984 1701 1048 1745 non
1072 1688 1191 1750 desunt
1214 1692 1365 1768 vestigia.

88 1787 173 1847 Num
206 1787 273 1846 iam
304 1784 458 1845 Eumelus
489 1784 528 1843 de
559 1782 695 1843 Arcadis
727 1798 802 1844 cum
827 1782 1057 1861 Chrysopeleia
1079 1792 1226 1868 nympha
1248 1795 1364 1856 amori·

88 1889 149 1948 bus
180 1903 281 1962 agens
312 1886 514 1948 enarraverit
544 1884 584 1944 ab
610 1885 735 1945 Arcade
766 1886 920 1947 torrentis
944 1904 1076 1951 cursum
1098 1907 1252 1955 aversum
1276 1912 1362 1972 esse,

90 1990 143 2064 qui
163 1990 320 2066 nymphae
339 2004 411 2048 com
430 1987 542 2047 arbore
556 2001 616 2046 ονο
627 1985 797 2046 interitum
814 1988 1004 2066 minaretur,
1022 1992 1184 2054 incertum
1199 2000 1287 2071 puto.
1301 1998 1366 2058 Vix

90 2093 178 2151 enim
209 2088 314 2151 efficio
345 2090 426 2150 haec
456 2089 496 2149 ab
527 2086 661 2147 Eumelo
692 2088 740 2147 ita
766 2091 919 2149 enarrata
941 2105 1014 2152 esse
1037 2095 1075 2154 ut
1098 2094 1164 2156 iam
1189 2098 1217 2157 is
1240 2114 1366 2174 quoque

91 2210 165 2255 cum
198 2193 311 2254 arbore
335 2191 584 2267 chrysopeleiae
615 2189 719 2249 vitam
748 2190 970 2266 coniunxerit;
995 2210 1196 2270 quamquam
1219 2200 1366 2261 nonnulli

90 2296 137 2356 ita
160 2296 325 2370 accipiunt
348 2289 368 2363 ¹)
393 2293 492 2354 verba
515 2291 654 2352 Tzetzae
674 2292 714 2351 ad
738 2291 814 2365 Lyc.
836 2293 918 2354 480:
942 2294 1078 2374 ,Ἀραὰς,
1098 2294 1114 2358 ὁ
1135 2298 1207 2371 Διὸς
1227 2297 1246 2379 ἢ
1268 2302 1367 2363 Ἀπόλ-

90 2401 183 2468 λωνος
212 2400 283 2467 παῖς
313 2393 363 2453 καὶ
394 2396 577 2464 Καλλιστοῦς
606 2399 656 2469 τῆς
680 2390 841 2463 Λυκάονος
865 2393 1030 2474 θυγατρὸς,
1053 2397 1093 2470 ὥς
1117 2418 1191 2478 φησι
1215 2402 1326 2483 Χάρων
1350 2400 1365 2464 ὁ

91 2495 316 2575 Λαμψακηνὸς,
346 2502 487 2574 κυνηγῶν
518 2489 633 2571 ἐνέτυχέ
655 2514 712 2551 τινι
736 2501 794 2551 τῶν
819 2494 1031 2573 Ἁμαδρυάδων
1056 2510 1185 2577 νυμφῶν
1208 2504 1364 2566 κινδυνευ-

91 2600 181 2684 ούση,
204 2595 254 2658 καὶ
278 2596 424 2680 μελλούσῃ
447 2601 606 2675 φθαρῆναι
630 2592 691 2655 inl
714 2594 873 2674 χειμάρρου
898 2608 1034 2676 ποταμοῦ
1065 2600 1105 2662 ἒν
1131 2613 1174 2687 τῇ
1198 2604 1305 2683 δροὶ,
1327 2605 1341 2667 ἒ
1349 2631 1367 2666 ν

91 2695 325 2784 ᾖμεγονυῖα
359 2690 406 2777 ἦν
436 2693 456 2775 ἡ
487 2697 608 2775 νύμφη,
642 2695 692 2757 καλ
725 2694 867 2776 ἀνέτρεψε
899 2698 950 2760 τὸν
980 2703 1115 2781 ποταμὸν
1140 2703 1190 2765 καὶ
1213 2705 1268 2785 τὴν
1292 2708 1367 2787 δρῦν

91 2802 202 2881 χώματι
232 2797 396 2881 ὠχύρωσεν.
426 2796 446 2877 ἡ
477 2795 511 2860 tl
541 2799 664 2878 νύμφη,Ι
688 2796 893 2878 Χρνσοττέλεια
916 2799 971 2879 τὴν
993 2808 1098 2882 κλῆσιν
1122 2802 1181 2866 κατ’
1209 2807 1369 2888 Εὔμηλον,

92 2908 282 2964 συνελθοῦσα
302 2901 381 2985 αὐτῷ
404 2912 494 2984 γεννᾷ
512 2899 638 2960 Ἔλασον
658 2898 707 2959 καὶ
732 2899 938 2977 Ἀφείδανσα”,
964 2906 1021 2965 sed
1042 2911 1176 2982 apparet
1195 2911 1368 2975 Eumelum

93 3006 164 3066 ideo
187 3005 295 3065 solum
326 3005 441 3065 adduci
468 3006 505 3064 ut
528 3004 653 3064 nomini
673 3003 922 3079 Chrysopeleiae
946 3008 1173 3071 testimonium
1197 3013 1368 3090 afferatur3

94 3123 197 3183 neque
218 3122 294 3167 vero
314 3105 529 3181 Apollodorus
550 3105 606 3165 111.
621 3106 684 3166 9.l
706 3106 799 3180 plura
818 3108 922 3167 sumit
937 3123 979 3167 ex
999 3108 1134 3172 Eumelo
1152 3116 1370 3187 quamsolum

93 3209 258 3285 nymphae
288 3223 418 3269 nomen.
447 3207 574 3268 Charon
599 3210 710 3268 autem
736 3209 993 3287 Lampsacenus,
1022 3211 1090 3273 iam
1113 3216 1196 3276 satis
1219 3219 1372 3293 antiquae

93 3311 213 3371 aetatis
240 3311 349 3384 testis,
375 3310 506 3384 saepius
529 3309 789 3382 hamadryadum
813 3313 937 3372 sortem
961 3328 1036 3374 cum
1060 3315 1227 3378 arboribus
1250 3321 1373 3381 arctius

94 3411 265 3472 coniunxit
287 3412 371 3485 quod
388 3410 565 3471 scholiasta
589 3411 628 3470 ad
652 3410 815 3486 Apollonii
839 3413 1059 3488 Argonautica
1072 3417 1123 3487 (Π.
1137 3420 1213 3490 477)
1234 3422 1375 3483 testatur

94 3514 129 3572 in
149 3512 286 3572 historia
305 3513 344 3572 de
362 3511 483 3572 Rhoeci
503 3512 638 3587 pietate,
662 3513 715 3586 qui
736 3511 812 3589 δρῦν
828 3513 1015 3591 θεασάμενος
1029 3515 1099 3578 ὅσον
1113 3517 1197 3580 οὔπω
1209 3519 1374 3599 μέλλουσαν

94 3610 143 3672 ἐπὶ
166 3619 220 3691 γης
239 3610 476 3690 καταφέρεσθαι,
493 3610 651 3691 προσέταξε
671 3617 731 3684 τοῖς
751 3611 855 3673 παισὶν
875 3614 971 3694 αὐτὴν
995 3616 1197 3700 ὑποστηρίξαι·
1217 3619 1236 3701 ἡ
1257 3621 1289 3685 δὲ
1309 3624 1374 3702 μέλ-

94 3719 188 3774 λουσα
208 3715 451 3790 σομφθείρεσθαι
471 3725 506 3798 τη
527 3712 595 3792 lovi
616 3715 736 3792 νύμφη,
757 3712 898 3775 ἐπιστᾶσα
910 3728 949 3801 τῷ
964 3714 1065 3806 ‘Polum
1081 3723 1167 3801 χάριν
1180 3721 1234 3802 μὲν
1246 3725 1375 3803 ἔφασκεν

96 3812 207 3874 εἰδέναι
237 3811 312 3891 ὑπὲρ
343 3824 394 3892 τῆς
426 3816 570 3894 σωτηρίας
594 3839 619 3875 κ.
632 3839 654 3875 t.
667 3820 691 3875 λ.
724 3817 860 3893 Eadem,
892 3834 933 3881 ne
963 3822 1073 3897 plures
1096 3826 1234 3889 afferam
1256 3832 1374 3908 testes,

96 3917 256 3977 iudicarat
278 3918 459 3994 Lycophro,
485 3919 659 3979 invenuste
684 3934 726 3979 ex
746 3934 838 3981 more
860 3935 920 3981 suo
943 3938 1013 3984 rem
1037 3927 1183 3989 tractans
1207 3946 1255 3991 vs.
1281 3933 1346 3993 480

388 4015 404 4079 ὁ
428 4019 564 4097 δεύτερος
589 4015 622 4078 ul
645 4027 740 4097 νῆσον
764 4016 892 4100 ἀμρότης
916 4021 1015 4099 μολὼν

386 4125 521 4199 χερσαῖος
545 4119 721 4193 advolarem
746 4119 878 4202 ἐκγόνων
903 4123 1003 4203 δρυός.
1422 4204 1423 4207 ρ

98 4223 144 4283 At
166 4220 387 4283 Callimachus
417 4223 511 4283 reicit
541 4223 652 4284 omnia
682 4223 843 4284 eiusmodi
867 4225 1014 4304 inventa,
1041 4231 1195 4305 anticuae
1218 4236 1378 4310 mytholo.

99 4324 172 4399 giae
204 4324 441 4401 additamenta,
474 4340 512 4385 eo
543 4327 674 4386 tantum
705 4326 834 4401 procedi
858 4331 1005 4403 oportere
1029 4331 1176 4394 iudicans
1199 4338 1237 4396 ut
1256 4352 1381 4401 οοοοοοε

101 4426 256 4502 nymphis
275 4427 407 4487 arbores
424 4429 591 4504 putemus,
610 4426 719 4487 dolore
739 4424 825 4488 affici
844 4431 1009 4508 nymphas
1021 4448 1096 4494 cum
1109 4435 1241 4498 arbores
1253 4437 1380 4500 laedan-

136 4643 156 4710 ¹)
174 4647 207 4696 ut
224 4647 339 4696 Rosoher
356 4647 382 4694 in
400 4647 494 4696 Lexloo
512 4661 558 4695 suo
577 4648 596 4694 Ι.
615 4663 640 4709 p.
659 4650 723 4696 rulo
741 4653 768 4697 et
786 4649 877 4697 Kinkcl
895 4651 922 4696 in
939 4649 1008 4713 Epic.
1020 4652 1061 4717 fr.
1079 4669 1105 4716 p.
1125 4658 1181 4704 194.
