3090 5294
825 478 865 537 42
1291 482 1314 541 Ι.
1338 481 1474 542 83-86

204 667 280 729 ἔστιν
303 667 335 729 ἔκ
359 666 497 749 δευτέρον
517 667 557 741 ὡς
577 665 670 746 ἡμεῖς,
692 663 749 728 ἀλλ’
776 666 842 728 ἀντὶ
864 677 917 728 τοῦ
941 667 1075 746 ἔμπαλιν,
1098 667 1258 739 ἕναντίως”
1288 663 1320 738 1).
1346 669 1474 728 Postre·

203 788 305 845 mum,
340 774 372 833 in
410 773 505 833 verbo
537 770 700 831 ἰθύνειν
734 772 838 846 magis
872 773 1070 845 tragicorum
1095 772 1301 845 metaphoras
1324 773 1474 831 sectatus

203 890 276 935 esse
307 875 443 951 videtur,
475 889 573 947 quam
601 874 733 934 Homeri
757 874 931 934 dictionem
955 875 1018 933 nisi
1043 874 1170 948 putavit
1193 874 1342 947 exemplo
1366 873 1416 931 uti
1439 888 1474 931 se

203 992 297 1051 posse
322 979 351 1037 P.
378 979 452 1039 632.
476 976 530 1035 ubi
554 976 592 1035 de
615 976 748 1036 deorum
768 991 842 1049 rege
862 976 978 1036 dicitur
1000 974 1096 1051 ,Ζεὺς
1116 968 1198 1033 πάντ’
1221 973 1342 1034 derived
1360 989 1471 1048 quam·

97 1137 101 1145 ,
203 1094 302 1151 quam
324 1079 367 1138 ibi
391 1093 517 1151 quoque
541 1093 582 1137 ex
605 1077 873 1151 praecedentibus
896 1078 1016 1138 rectius
1039 1074 1124 1155 βέλεα
1149 1076 1247 1137 addes
1267 1068 1299 1144 ²).

259 1282 313 1345 VS.
339 1283 381 1342 84
427 1280 458 1342 ἕν
483 1278 515 1341 δὲ
538 1280 706 1359 ήνηφενίην
729 1277 830 1358 ἕβαλὲς
854 1296 965 1357 σφισιν,
988 1278 1019 1340 ἐν
1043 1275 1072 1339 δ’
1100 1279 1163 1352 ἅλις
1186 1275 1286 1357 ὄλβον,

424 1392 496 1443 πᾶσι
519 1379 582 1459 μὲν,
604 1381 641 1442 οὐ
664 1382 742 1460 μάλα
766 1377 795 1441 δ’
822 1375 994 1442 {coadorare
1019 1378 1051 1441 δὲ
1074 1380 1278 1460 τεκμήρασθαι

425 1481 553 1569 ἡμετέρῳ
577 1481 717 1561 μεδέοντι·
740 1481 806 1563 περὶ
829 1483 886 1563 πρὸ
909 1483 965 1564 γὰρ
989 1483 1061 1563 εὐρὺ
1084 1480 1219 1563 βέβηκεν·

426 1583 557 1665 ἑσπέριος
580 1585 676 1658 κεῖνός
699 1607 731 1665 γε
753 1590 830 1646 τελεῖ
847 1586 882 1646 τά
904 1609 955 1646 κεν
979 1578 1028 1665 ήρτ
1051 1584 1153 1669 νοήσή·

426 1685 558 1765 ἑσπέριος
582 1686 617 1747 τὰ
641 1685 770 1767 μέγιστα,
792 1685 827 1747 τὰ
851 1687 954 1765 μείονα
979 1683 1009 1747 δ’
1035 1678 1099 1747 εὖτε
1122 1685 1225 1768 νοήσῃ·

426 1790 456 1848 οἳ
473 1785 505 1848 δὲ
524 1787 559 1848 τὰ
578 1785 632 1865 μὲν
650 1794 780 1865 interduo,
799 1787 834 1849 τὰ
855 1784 885 1848 δ’
908 1788 962 1868 οὐχ
983 1787 1036 1867 tvi,
1055 1797 1113 1848 τῶν
1134 1782 1163 1847 δ’
1188 1784 1247 1846 ἀπὸ
1267 1783 1395 1863 πάμπαν

339 1891 380 1950 90
426 1889 515 1963 αὐτὸς
538 1888 615 1969 ἅνήν
639 1889 806 1966 ἕκόλονσας,
830 1889 1006 1963 {ventadour
1030 1887 1062 1951 δὲ
1085 1889 1236 1966 μενοινήν.

248 1992 316 2052 Ηοε
337 2008 450 2052 versus
471 1993 609 2054 Cobetus
630 1994 754 2065 (tinem.
769 1997 834 2054 ant.
849 2010 910 2054 ser.
924 1995 965 2054 X.
980 1996 1055 2063 326)
1069 2040 1076 2068 ,
1090 1991 1188 2052 simul
1200 1993 1312 2053 contra
1325 1989 1477 2050 Meinekii

204 2093 502 2167 interpretationem
521 2097 635 2169 poetae
648 2097 844 2156 sententiam
859 2112 1034 2170 exponens,
1046 2098 1094 2154 ita
1105 2094 1294 2169 perstrinxit
1305 2095 1343 2152 ut
1355 2091 1477 2151 frustra

204 2194 416 2255 Schneiderus
447 2197 564 2256 iacenti
598 2200 710 2271 poetae
742 2212 836 2271 opem
867 2198 950 2258 ferre
982 2198 1117 2257 conatus
1146 2196 1199 2255 sit.
1232 2194 1341 2254 Unum
1364 2196 1478 2252 tamen

205 2295 266 2355 fuit
297 2297 380 2369 quod
404 2313 466 2357 non
490 2299 607 2359 iniuria
630 2300 662 2358 in
687 2298 797 2359 Cobeti
826 2300 933 2359 verbis
957 2299 1185 2359 Schneiderum
1210 2295 1406 2368 offenderat3
1431 2295 1477 2353 ita
1509 2363 1513 2372 ¹

206 2396 344 2458 Cobetus
368 2415 415 2460 vs,
437 2401 479 2460 86
503 2401 733 2475 interpretatus
757 2405 827 2461 erat
847 2401 939 2474 quasi
960 2403 1055 2475 poeta
1074 2416 1133 2460 suo
1154 2400 1221 2472 regi
1248 2413 1361 2474 ,crura
1381 2397 1479 2470 ionga

205 2500 372 2560 tribuisset
402 2502 518 2574 quibus
549 2506 678 2563 vastam
702 2503 856 2563 ditionem
878 2517 1122 2575 quaquaversus
1141 2503 1306 2576 patentem
1328 2496 1476 2576 (περιπρὸ)

205 2604 339 2675 occupat
363 2606 395 2662 et
419 2605 509 2664 velut
530 2601 764 2682 ἀμφιβέβηκεν·’.
790 2604 900 2676 Neque
923 2604 1010 2663 aliud
1034 2605 1145 2664 tamen
1169 2602 1370 2662 medicamen
1392 2600 1476 2661 labo·

205 2704 289 2763 rapti
323 2707 436 2778 poetae
468 2706 582 2765 afferro
606 2707 711 2780 potuit
734 2706 956 2778 Schneiderus,
988 2705 1051 2764 nisi
1074 2707 1110 2764 ut
1134 2702 1206 2780 εὐρὺ
1230 2703 1419 2776 inmutaret,
1445 2704 1478 2761 et

205 2801 283 2862 εὐθὺ
307 2805 369 2877 legi
389 2807 523 2866 iuberet.
545 2807 620 2866 Mihi
640 2808 769 2880 quidem
790 2806 905 2867 tmesis
926 2806 1056 2866 insolita
1077 2806 1252 2866 admodum
1268 2802 1478 2863 obviaiuisse

205 2905 332 2965 videtur
355 2911 462 2968 rectae
485 2910 758 2982 interpretationi;
790 2907 856 2984 περὶ
884 2909 969 2967 enirn
1001 2908 1079 2967 nihil
1103 2908 1165 2967 nisi
1189 2913 1332 2983 περισσῶς
1356 2906 1420 2980 est,
1446 2907 1479 2965 et

206 3006 265 3066 hoc
285 3007 386 3067 voluit
405 3012 515 3082 poeta:
545 3018 707 3085 ,aeprooeg
733 3008 804 3085 εὐρὺ
828 3007 995 3087 προβέβηκε
1018 3017 1075 3067 τῶν
1099 3006 1225 3067 ditarit

250 3107 286 3166 In
318 3111 433 3169 ceteris
462 3111 605 3184 primum
636 3112 768 3171 offendit
790 3111 994 3189 βυηφενίη
1021 3127 1083 3171 vox
1107 3112 1189 3170 satis
1210 3109 1351 3182 insolita,
1377 3123 1480 3181 quam

198 3223 280 3267 cum
312 3209 392 3281 legis
422 3213 525 3285 primo
558 3216 686 3286 propter
709 3213 847 3273 formam
873 3215 905 3273 in
929 3211 1092 3289 εὐηφενίην
1126 3214 1253 3272 mutare
1279 3210 1360 3270 veiis
1382 3210 1482 3284 idque

206 3324 243 3368 eo
278 3312 382 3383 magis
414 3312 442 3371 si
474 3314 564 3374 vides
596 3315 627 3372 in
653 3309 776 3375 duobirs
800 3315 933 3376 Homeri
956 3315 1104 3375 versibus
1128 3313 1379 3387 Aristophanem
1403 3328 1481 3373 cum

206 3410 329 3471 Rhiano
353 3415 469 3474 merito
493 3415 525 3475 id
548 3417 740 3490 praetulisse
764 3418 895 3491 vulgato
920 3415 1062 3495 εὐηγενής
1096 3421 1140 3487 (ψ.
1167 3415 1206 3475 81
1236 3413 1344 3490 Τρώων
1370 3411 1482 3491 εὐηφε-

205 3508 291 3586 νέων,
321 3517 359 3571 Λ.
384 3515 447 3575 427
480 3514 641 3595 εὐηφενέος
665 3517 794 3578 Σώκοιο.
825 3519 863 3579 cf.
891 3520 1011 3579 NAUCK
1034 3518 1129 3577 Arist.
1156 3517 1231 3592 Byz.
1257 3515 1299 3575 50
1321 3517 1388 3575 not.
1416 3518 1483 3588 64.)

205 3615 249 3673 At
280 3614 375 3676 lectio
408 3618 540 3692 vulgata
569 3618 717 3698 βνηφενίη
742 3622 826 3695 apud
855 3625 1003 3681 nostrum
1031 3621 1113 3679 satis
1138 3618 1286 3679 firmatur
1313 3620 1386 3677 tum
1410 3618 1483 3679 loco

206 3730 245 3774 ex
270 3715 409 3790 Etymol.
431 3719 513 3779 Flor.
532 3735 561 3794 p.
589 3723 651 3781 262
675 3737 771 3795 quem
801 3724 896 3783 affert
919 3723 1101 3797 Schneider,
1126 3736 1201 3781 cum
1226 3736 1322 3781 versu
1346 3721 1482 3795 Dionys.

207 3817 328 3891 Perieg.
355 3821 417 3879 337

431 3920 598 3999 Ταρτησσὸς
621 3923 768 4001 χαρίεσσα,
791 3922 965 4003 ῥνηφενέων
990 3922 1081 3984 πέδον
1106 3921 1233 4002 ἀνδρῶν.

252 4022 401 4083 Ceterum
426 4024 521 4084 lectio
549 4039 648 4096 quam
672 4026 704 4085 in
728 4026 828 4086 Iliade
851 4028 1000 4086 tutantur
1020 4026 1254 4100 Aristophanes
1278 4026 1311 4084 et
1333 4023 1485 4085 Rhianus

207 4125 317 4184 nostro
339 4126 480 4199 profecto
504 4141 567 4186 non
591 4128 755 4201 incognita
778 4128 848 4204 fuit,
874 4144 951 4188 nam
982 4129 1052 4203 ipsa
1077 4128 1181 4187 forma
1204 4124 1347 4203 εὐηφενίη
1372 4142 1485 4187 exem·

206 4225 295 4298 plum
328 4226 500 4288 innovandi
532 4230 679 4303 praebuit
710 4233 767 4290 aut
797 4233 910 4304 poetae
938 4231 1000 4304 ipsi
1032 4232 1089 4289 aut
1122 4229 1296 4301 altionem
1322 4227 1486 4306 imitatur,

242 4491 262 4559 ¹)
280 4493 317 4542 De
335 4495 450 4542 adverbii
472 4501 541 4543 πάλιν
558 4512 607 4546 usu
626 4500 792 4547 callimacheo
811 4500 843 4545 cf.
862 4499 928 4545 inira
946 4500 977 4545 ad
995 4500 1041 4546 111.
1062 4501 1100 4546 st.

240 4571 261 4634 2)
280 4575 336 4621 Alio
354 4576 408 4622 fere
426 4589 503 4622 sensu
524 4576 600 4623 Solon
618 4578 648 4624 fr.
668 4579 691 4624 4.
709 4591 745 4624 ra.
763 4579 807 4624 at:
828 4580 935 4631 ,εὐθύνει
954 4579 979 4624 δὲ
997 4579 1062 4634 δίκας
1080 4579 1196 4638 ακολὲιι;”,
1215 4590 1280 4638 quse
1298 4576 1376 4623 verba
1395 4582 1484 4628 nostor

208 4655 269 4705 dum
287 4655 403 4704 imitatur
420 4655 547 4708 immutat,
