3068 5288
827 448 845 504 6

247 627 327 702 qnid
357 643 451 703 porro
484 628 613 701 Olympi
644 628 849 703 splendorem
880 632 987 704 magis
1018 633 1145 705 poterat
1172 632 1347 692 obscurare
1378 646 1465 705 quern

202 729 278 788 talis
297 729 501 803 philosophia
525 744 621 804 quae,
642 732 679 788 ut
697 729 846 789 Euerneri
866 732 1001 791 inventa
1020 735 1117 805 atque
1138 733 1323 792 Stoicorum
1343 732 1466 807 placita,

201 830 272 889 sive
302 830 449 891 funditus
480 830 557 889 deos
588 830 738 905 tollebat,
771 832 841 891 sive
872 833 906 892 in
945 834 1081 908 physica
1118 835 1283 894 elementa
1323 848 1468 908 personas

201 934 375 993 numinum
414 931 637 991 dissolvebat?
676 931 779 1005 Quam
827 933 921 994 facile
963 935 1182 1009 Aegyptiacae
1224 934 1393 1009 religionis
1427 935 1470 992 vis

201 1037 299 1109 atque
336 1033 514 1095 auctoritas
552 1033 772 1110 praevalebat,
813 1049 889 1094 cum
927 1036 1011 1111 apud
1049 1037 1138 1111 ipsos
1176 1052 1303 1110 quoque
1339 1036 1471 1095 Graecos

202 1137 354 1211 glisceret
384 1137 504 1210 opinio,
536 1134 683 1195 omniurn
714 1136 907 1209 populorum
934 1136 1011 1196 deos
1036 1138 1123 1197 idem
1146 1138 1269 1214 valere,
1295 1141 1355 1197 aut
1378 1152 1471 1210 aeque

202 1238 284 1298 nihil
314 1239 435 1313 valere,
468 1236 604 1312 puerilia
634 1251 707 1297 esse
739 1237 946 1310 antiquorum
978 1238 1016 1298 de
1051 1240 1101 1298 dis
1128 1239 1198 1298 suis
1230 1239 1379 1313 inventa,
1411 1252 1470 1312 gra·

203 1341 310 1400 viores
348 1354 421 1400 esse
462 1341 496 1397 et
529 1337 706 1412 digniores,
747 1351 827 1409 quos
862 1338 989 1398 adirent
1026 1340 1198 1415 precando,
1235 1354 1373 1399 arcanos
1407 1339 1473 1398 illos

203 1456 241 1501 ac
259 1456 392 1501 severos
412 1440 647 1513 Aegyptiorum
671 1437 748 1498 deos
768 1454 905 1511 quorum
925 1455 966 1499 ne
986 1442 1120 1501 nomina
1139 1442 1269 1514 quidem
1289 1440 1474 1514 intellegere

203 1543 359 1603 mortales
383 1543 526 1617 possent.

247 1645 288 1703 Et
314 1644 457 1719 proiecto
488 1643 555 1701 iam
587 1642 688 1704 altero
720 1641 906 1701 Ptolemaeo
930 1646 1086 1716 regnante
1110 1644 1330 1718 Aegyptiacae
1354 1643 1473 1717 religio-

203 1747 254 1805 nis
285 1746 369 1820 apud
400 1745 539 1804 Graecos
567 1744 797 1803 auctoritatem
820 1742 979 1817 paulatim
1003 1747 1112 1818 augeri
1139 1744 1272 1805 videbis.
1298 1744 1371 1803 Rex
1396 1745 1474 1818 ipse,

203 1848 305 1923 patris
336 1845 524 1919 exemplum
555 1848 804 1918 temporumque
835 1860 944 1904 mores
970 1849 1116 1921 secutus,
1142 1846 1253 1906 sedulo
1278 1847 1309 1904 id
1335 1846 1418 1919 egit,
1444 1847 1477 1903 ut

203 1950 373 2024 Aegyptiis
397 1947 477 2022 ipsis
500 1945 665 2005 videretur
695 1945 901 2004 Pharaonum
932 1947 1083 2006 insistere
1113 1947 1272 2021 vestigiis.
1306 1946 1476 2021 Heroopoli

202 2051 362 2125 templum
397 2049 581 2122 renovavit,
617 2047 758 2107 Deorum
794 2047 891 2106 huius
925 2048 987 2108 loci
1019 2049 1217 2123 imaginibus
1251 2064 1351 2108 suum
1383 2051 1477 2120 atque

202 2153 315 2211 uxoris
349 2167 428 2211 suae
462 2149 639 2210 simulacra
672 2147 745 2208 addi
780 2149 809 2208 si
840 2165 903 2208 non
935 2151 1032 2209 iussit
1062 2153 1097 2210 at
1126 2151 1204 2210 sivit
1234 2153 1363 2223 tamen,
1396 2151 1478 2209 Deos

202 2253 420 2327 Aegyptiacos
443 2253 521 2312 olim
545 2267 565 2310 a
584 2251 691 2310 Persis
715 2253 825 2324 raptos
848 2250 978 2310 sedibus
1001 2252 1115 2326 patriis
1138 2252 1317 2312 reddendos
1338 2252 1477 2324 curavit,

203 2355 341 2415 Arsinoe
368 2354 446 2413 urbe
475 2352 604 2413 condita
627 2352 752 2412 cultum
775 2352 837 2411 sibi
860 2355 957 2425 atque
982 2354 1075 2412 uxori
1100 2369 1142 2412 111
1164 2369 1254 2413 more
1278 2355 1478 2428 Aegyptiace

204 2458 360 2532 instituit,
403 2455 506 2515 sorori
547 2455 729 2514 Philoterae
775 2454 902 2513 divinos
947 2454 1087 2514 honores
1121 2456 1218 2515 tribui
1261 2456 1360 2514 iussit
1400 2454 1480 2514 cella

204 2559 346 2633 Memphi
377 2557 537 2632 dedicata,
570 2557 639 2630 ipse
670 2571 766 2615 suum
797 2569 920 2615 numen
943 2556 1098 2615 Ammoni
1122 2555 1247 2616 Ohnubi
1271 2557 1425 2631 apposuit
1448 2557 1478 2614 10

203 2660 325 2735 templo
360 2658 587 2734 Elephantine,
624 2656 745 2715 Isidem
777 2658 888 2715 autem
920 2658 989 2715 tam
1020 2656 1122 2716 Philis
1149 2673 1246 2731 quam
1270 2658 1303 2716 in
1329 2658 1479 2717 inferiore

203 2761 365 2836 Aegypto,
391 2761 476 2820 haud
499 2758 610 2834 procul
634 2773 653 2817 a
677 2758 874 2832 Sebennyto,
896 2756 1017 2831 templo
1038 2758 1171 2818 donavit
1182 2752 1202 2827 ¹)
1223 2758 1355 2818 Hancce
1376 2760 1479 2819 muni-

203 2861 368 2922 ficentiam
400 2876 596 2935 magnopere
626 2859 782 2920 extollere
813 2858 963 2918 solebant
992 2859 1189 2934 sacerdotes,
1222 2864 1260 2919 ut
1282 2861 1480 2936 Aegyptiam

203 2963 392 3037 religionem
423 2962 701 3036 commendarent,
727 2961 822 3032 idque
849 2975 886 3018 eo
910 2960 1017 3034 magis
1040 2961 1193 3034 quoniam
1219 2963 1305 3035 regis
1330 2961 1480 3037 exemplo

204 3065 330 3124 incitati
361 3079 441 3124 mox
468 3064 580 3123 Graeci
605 3062 873 3138 Macedonesque,
899 3062 953 3135 qui
980 3063 1175 3136 Lagidarum
1199 3063 1374 3137 imperium
1400 3080 1479 3124 mer·

205 3166 298 3226 candi
329 3167 399 3225 sive
430 3166 592 3225 militandi
627 3180 727 3224 causa
760 3164 989 3239 peragrabant,
1025 3164 1157 3238 pietatis
1188 3165 1283 3239 signa
1312 3165 1347 3224 iu
1378 3165 1480 3225 sacris

202 3267 373 3341 Aegyptiis
404 3281 522 3341 ponere
553 3266 755 3339 frequentius
786 3269 960 3340 coeperant
973 3258 1005 3335 2).
1038 3265 1122 3324 Sane
1154 3265 1208 3338 qui
1232 3265 1369 3325 aderant
1393 3280 1479 3340 spec·

238 3555 257 3617 ¹)
284 3559 321 3606 De
348 3559 514 3618 inscriptione
541 3559 757 3618 Heroopolitana,
781 3572 846 3606 auno
872 3560 935 3605 1883
959 3573 974 3605 a
995 3558 1105 3606 Navillio
1127 3560 1230 3618 reperta
1252 3560 1279 3603 st
1301 3557 1334 3603 ab
1352 3558 1481 3604 Ermanno

204 3638 316 3697 primum
335 3637 404 3685 edita
422 3639 448 3684 in
466 3637 524 3699 Aeq.
543 3636 658 3684 zanca.
673 3638 776 3684 XXXII.
796 3637 902 3685 741111
920 3637 1084 3686 wiedemaun
1102 3635 1314 3695 1111111100.
1334 3637 1365 3683 88
1382 3650 1440 3697 sqq.
1457 3639 1483 3682 ct

203 3716 300 3764 uenter
323 3718 349 3763 in
371 3715 589 3777 Sitzuupabera'chte
610 3714 653 3762 der
671 3715 840 3764 Preussisclsea
858 3715 990 3763 Akadema'e
1010 3718 1074 3764 1885
1091 3730 1116 3777 p.
1135 3717 1275 3763 eoo-974.
1294 3716 1333 3762 De
1351 3715 1482 3762 Philotera

203 3796 318 3855 Memphi
340 3797 410 3843 culta
431 3797 543 3855 Mahetl'y
565 3794 633 3857 Erip.
657 3809 683 3855 p.
708 3800 729 3842 1.
755 3799 793 3842 lo.
817 3796 906 3843 Philae
930 3796 963 3843 id.
987 3809 1012 3855 p.
1035 3797 1092 3843 489.
1112 3798 1219 3843 Ammon
1238 3793 1336 3841 Ohubia
1353 3794 1380 3840 10
1398 3795 1481 3841 insula

204 3875 375 3935 Elephantine
392 3877 499 3922 Drexler
518 3874 598 3937 Myle.
617 3873 696 3921 Beitr.
715 3876 736 3922 1.
753 3888 779 3934 p.
798 3878 838 3936 61,
855 3876 945 3922 Strack
963 3873 1027 3937 Dea.
1045 3889 1070 3935 p.
1090 3877 1146 3922 866.

239 3950 260 4016 ²)
274 3955 385 4011 Anubis,
400 3968 476 4013 quem
492 3954 598 4002 Graecis
612 3954 793 4001 commendare
804 3968 834 4000 10
847 3955 969 4001 studebat
983 3955 1128 4001 Hecataeus
1142 3952 1211 4012 quod
1226 3953 1332 4000 fratrem
1348 3966 1408 4000 eum
1419 3953 1483 4000 dixit

204 4033 352 4081 Macedonis
361 4029 445 4095 (Diod.
456 4035 477 4080 1.
489 4030 530 4098 18)
540 4034 688 4093 frequento
697 4035 722 4080 in
733 4034 942 4093 inscriptionibus
951 4035 1057 4081 Graecis
1067 4034 1187 4094 Aegypti,
1196 4046 1254 4079 cum
1263 4033 1332 4079 Iside
1343 4046 1373 4080 ac
1382 4033 1482 4080 Osiride

205 4112 358 4172 plerumque
375 4113 539 4173 coniunctus,
556 4115 668 4159 occurrit
678 4112 721 4172 (ci.
736 4113 843 4160 Drexler
861 4111 995 4175 llytlooy.
1010 4110 1125 4173 Beitrliye
1138 4112 1158 4158 1.
1175 4114 1197 4158 8.
1211 4112 1395 4159 Pletschmaun
1415 4111 1482 4174 apud

206 4191 420 4249 Pauly-wisnona
437 4192 453 4237 i.
470 4190 513 4251 1.),
531 4205 581 4238 non
599 4196 685 4238 tamen
702 4192 753 4238 0111
771 4193 854 4238 serius
869 4205 926 4238 curn
943 4192 1099 4239 Graecorum
1115 4191 1241 4238 Mercurio
1257 4193 1419 4251 compositus
1436 4196 1481 4238 eet

205 4271 312 4318 Mendes
330 4271 394 4317 dens
418 4272 444 4316 10
466 4271 522 4331 ipsa
545 4271 609 4318 urbe
631 4271 785 4318 Alexandria
807 4272 907 4335 sacello·
924 4271 1035 4318 donatus
1057 4273 1097 4318 est
1120 4284 1135 4317 a
1158 4271 1249 4330 primia
1272 4271 1430 4318 Ptolemaeis
1445 4269 1481 4333 (rt

206 4350 338 4397 111νόιὸ1101
353 4351 385 4396 cf.
401 4351 508 4397 Drexler
520 4351 545 4396 in
560 4351 683 4397 Roscheri
697 4351 779 4397 111100
791 4352 806 4397 i.
820 4346 862 4413 v.).
872 4351 1038 4398 Ptolemaeus
1047 4350 1234 4410 Philadelphus
1243 4349 1315 4396 cultu
1324 4352 1481 4411 Aegyptiace

205 4430 275 4477 hunc
293 4429 371 4477 deum
388 4430 498 4476 adorans
515 4432 540 4476 in
560 4429 646 4488 lapide
664 4431 821 4490 conspicitur
838 4431 984 4489 Mendesio,
1001 4429 1070 4477 idem
1088 4431 1144 4489 ipse
1162 4443 1189 4475 ee
1209 4429 1381 4483 „sanctissimi
1397 4430 1482 4476 arietis

207 4509 322 4571 prolem’'
347 4510 505 4569 nuncupavit
527 4506 703 4572 (wiedemann
724 4509 846 4558 Heroden
861 4511 956 4558 acrites
973 4508 1042 4557 Beck
1059 4524 1084 4570 p.
1104 4509 1273 4569 aletheum
1292 4509 1373 4556 Olrem
1390 4510 1480 4555 indes

210 4589 351 4636 Ptolemaei
365 4588 529 4649 Philadelphi
544 4593 628 4637 aetate
642 4589 711 4637 haud
726 4591 815 4650 procul
830 4590 863 4636 ab
878 4589 1050 4650 Apolllnopoli
1060 4601 1166 4650 magua,
1181 4590 1263 4649 ipsius
1272 4589 1342 4648 regis
1351 4588 1479 4649 exemplo,
