3090 5294
820 469 862 528 44
1297 472 1322 532 Ι.
1348 471 1484 532 91-96

209 660 327 740 ἀοιδήν)
350 662 391 724 Χ.
416 665 436 723 5
464 660 526 734 (δὸς
557 656 586 720 δ’
613 657 687 738 ἄμμι
713 660 804 738 τύχην
834 652 1029 738 εὐδαίμονίην
1055 664 1106 732 τε).
1129 661 1178 721 Ex
1209 662 1320 722 nostro
1343 659 1482 720 fluxisse

209 767 320 825 eutem
345 765 473 825 videtur
496 765 638 838 hymnus
661 763 844 824 homericus
875 763 952 823 XIV
973 762 1024 834 (ad
1048 763 1231 831 Hercuiem)
1255 778 1304 822 ve.
1329 763 1349 822 9
1372 760 1482 836 „otoov

176 864 178 871 ’
210 858 240 923 δ’
267 861 373 943 ἀρετήν
400 887 429 924 τε
451 864 501 924 nai
526 863 645 944 didesi'.
670 900 709 908 —
739 865 786 925 Ne
809 865 969 925 lectorum
990 865 1148 940 patientia
1162 864 1331 925 ,minimas
1354 878 1484 937 quoque

209 981 313 1038 nugas
336 968 475 1027 notendo
499 968 624 1042 abutar,
649 968 709 1028 hoo
732 969 861 1026 tantum
886 982 1002 1027 moneo
1029 967 1062 1026 in
1090 966 1197 1026 verbis
1229 964 1353 1043 δῶτορ
1381 962 1483 1024 ἐάων

210 1068 350 1141 spectari
379 1065 457 1140 ἅπαξ
488 1064 643 1144 εἰρημένον
672 1072 703 1125 θ.
739 1068 814 1142 335,
846 1063 1025 1143 desuevi
1032 1088 1052 1143 η
1082 1067 1166 1142 apud
1197 1066 1396 1140 antiquiores
1418 1082 1484 1127 non

213 1169 287 1243 legi)
320 1169 418 1229 hebet
447 1170 609 1243 Theognis
633 1184 681 1229 vs.
705 1170 767 1229 736
791 1164 993 1244 ἀπημοσύνη),
1017 1165 1137 1246 ἕργμα
1161 1167 1291 1240 hymnis
1316 1169 1483 1243 proprium

210 1285 283 1330 esse
314 1271 347 1330 et
377 1270 528 1346 Hesiodo,
559 1272 593 1330 et
625 1271 758 1331 tandem
790 1273 877 1338 (nam
909 1268 948 1330 de
980 1284 1058 1330 voce
1086 1258 1162 1327 αὖθι
1192 1269 1259 1329 iam
1284 1270 1484 1331 dictumest

209 1387 307 1446 supra
338 1373 377 1432 ad
404 1389 452 1433 ve.
477 1375 541 1443 21.)
570 1370 811 1432 ἐπίστασθαι
840 1386 913 1432 eam
939 1373 1006 1433 vim
1030 1387 1128 1445 quam
1152 1386 1237 1431 nuso
1259 1370 1393 1446 obtinet,
1417 1386 1482 1432 non

210 1475 327 1534 habere
368 1475 401 1534 in
436 1474 618 1534 homericis
659 1472 853 1546 Exemplum
892 1473 979 1533 dedit
1010 1472 1184 1546 tragoedia,
1215 1471 1284 1532 sive
1317 1472 1482 1548 Aeschyli,

210 1576 280 1636 sive
305 1574 465 1650 Euripidis
499 1575 554 1648 qui
588 1574 680 1634 Herc.
710 1575 776 1650 sur.
811 1574 874 1636 506
906 1574 990 1646 dixit
1023 1569 1161 1649 ,ἐλπίδας
1184 1567 1237 1649 μὲν
1260 1567 1276 1631 ὅ
1299 1571 1404 1651 χρόνος
1426 1571 1484 1634 οὐκ

210 1668 359 1737 ἐπίσταται
383 1675 515 1757 σῴζειν.”
