3104 5286
670 491 711 551 83

277 682 415 737 παντοῖοι
438 673 607 749 τελέθοντες
630 674 835 757 ἐπιστρωφῶσι
858 677 972 757 πόληας

52 855 54 861 ρ
280 776 452 857 ἀνθρώπων
475 777 565 857 ὕβριν
588 799 617 837 τε
640 776 690 838 καί
713 777 859 856 εὐνομίην
883 777 1049 858 ἐσορῶντες.

88 876 110 933 el
132 881 203 953 quod
233 882 350 955 primis
377 881 518 955 quinque
549 881 618 941 deis
650 880 871 941 elementariis
902 898 943 942 ex
974 883 1208 958 Aegyptiorum
1239 898 1330 943 more

85 983 236 1043 seeundum
271 983 418 1044 ordinem
450 983 583 1043 deorum
616 982 760 1042 adiciens
790 983 839 1053 (de
871 999 1009 1056 quorum
1039 985 1162 1059 origine
1186 984 1331 1045 humana

9 1076 11 1082 ’
80 1083 163 1144 nulla
195 1085 376 1145 disserebat
409 1099 491 1159 quae
534 1085 566 1143 in
600 1099 754 1158 praesens
789 1085 917 1155 omitto)
949 1086 1009 1146 hos
1040 1101 1165 1159 quoque
1199 1086 1276 1147 deos
1311 1101 1331 1146 a

76 1178 187 1246 Graecis
210 1203 252 1247 ex
276 1188 425 1261 Aegypto
448 1186 638 1260 desumptos
661 1201 734 1246 esse
758 1186 878 1246 diserte
902 1187 1020 1247 docuit.

107 1286 185 1348 lium
209 1303 324 1347 revera
347 1288 369 1347 ii
393 1302 412 1347 a
435 1301 573 1361 quorum
592 1287 739 1362 partibus
758 1290 922 1348 steterunt
941 1289 1091 1348 Manetho
1112 1292 1209 1363 atque
1229 1290 1328 1350 Heca·

65 1387 149 1449 treus
165 1390 370 1465 speraverint
380 1390 489 1449 totum
500 1388 578 1448 illud
594 1389 829 1462 Aegyptiorum
848 1389 1011 1464 pantheon
1026 1404 1063 1449 eo
1076 1391 1207 1451 Graecis
1220 1406 1329 1466 accep·

60 1491 126 1551 tum
160 1506 198 1551 se
232 1490 364 1551 reddere
398 1506 507 1566 posse,
544 1491 627 1562 quod
663 1489 794 1551 Graecis
829 1492 1016 1551 nominibus
1051 1492 1222 1552 induerent
1252 1492 1329 1561 deos

59 1593 228 1667 ingenuos,
262 1591 391 1653 difficile
414 1593 512 1654 dictu.
538 1592 622 1652 Sane
645 1606 709 1651 non
734 1591 885 1652 omnibus
909 1593 959 1653 dis
982 1593 1218 1668 Aegyptiorum
1242 1594 1329 1663 idem

57 1695 202 1755 studium
235 1694 367 1755 favebat
401 1694 707 1755 Alexandrinorum.
745 1695 807 1754 Sed
839 1710 895 1755 eos
926 1696 1110 1771 videamus,
1143 1696 1181 1755 de
1212 1695 1329 1768 quibus

59 1798 195 1857 constat.
217 1797 377 1856 Novimus
397 1796 505 1856 Osirin
525 1798 622 1869 atque
642 1796 778 1870 Sarapin
799 1799 832 1856 et
852 1796 891 1855 ab
911 1796 1075 1857 Hecataeo
1096 1798 1129 1857 et
1148 1796 1187 1856 ab
1199 1795 1329 1871 regibus

57 1899 304 1958 commendatos
327 1913 399 1957 esse
422 1897 493 1958 urbi
513 1912 630 1971 novae,
652 1897 719 1956 Isin
741 1899 852 1956 autem
872 1898 1019 1958 maximo
1040 1899 1107 1958 iam
1127 1899 1248 1958 honore
1266 1897 1330 1966 ‘coli

57 2002 189 2060 ineunte
213 1998 415 2074 Philadelphi
438 2000 582 2074 imperio.
605 1999 692 2073 Quae
712 2000 751 2059 ab
772 1999 949 2074 Hecatan,
970 1999 1048 2060 licet
1064 2001 1242 2074 imaginem
1259 2000 1330 2060 eius

57 2103 265 2177 descripserit
284 2105 453 2163 cornutam
474 2100 640 2176 figuraque
659 2101 794 2161 vaccina
810 2095 845 2175 ¹),
867 2100 998 2161 disertis
1018 2104 1130 2162 tamen
1151 2102 1258 2163 verbis
1277 2102 1330 2162 ad-

57 2205 188 2278 ditaque
216 2219 314 2264 causa
341 2203 537 2263 Graecorum
557 2201 665 2261 Cereri
684 2203 901 2276 comparatur.
932 2204 1092 2263 Novimus
1108 2203 1175 2264 iam
1193 2204 1266 2263 inde
1290 2204 1329 2264 ab

58 2306 221 2366 Herodoto
246 2319 318 2364 eam
342 2304 619 2379 comparationem
645 2304 811 2377 acceptam
835 2302 937 2363 fuisse
960 2304 1109 2378 Graecis3
1133 2305 1191 2365 sed
1215 2320 1331 2365 causas

58 2409 154 2480 atque
178 2408 373 2480 argumenta
396 2407 530 2465 demum
554 2404 698 2464 adiciunt
721 2404 905 2463 Hecataeus
929 2406 962 2465 et
985 2405 1151 2478 aequales:
1177 2406 1245 2472 Isin
1268 2407 1329 2482 pri·

59 2524 148 2568 mam
169 2508 279 2582 fruges
291 2507 470 2582 invenisse,
491 2506 674 2580 ferociaque
691 2505 829 2565 immani
845 2504 1002 2565 liberasse
1017 2507 1199 2567 humanum
1212 2522 1329 2582 genus;

58 2609 248 2672 testimonio
272 2611 383 2668 autem
403 2623 468 2668 non
488 2622 597 2668 carere
621 2607 813 2681 Aegyptios,
834 2608 862 2665 si
886 2607 970 2682 apud
994 2622 1030 2668 se
1054 2607 1163 2681 fruges
1187 2609 1330 2684 primum

61 2712 210 2772 inventas
233 2709 444 2786 contendant,
472 2706 532 2784 „Z'u
551 2707 607 2786 γὰρ
630 2705 758 2766 τοίνυν
777 2705 851 2766 κατὰ
870 2705 922 2766 τὸν
941 2707 1087 2785 θερισμὸν
1106 2707 1175 2779 τοὺς
1194 2708 1329 2785 πρώτους

59 2809 229 2892 ι’ριηθέντας
250 2810 356 2889 στάχυς
375 2808 484 2881 θέντος
504 2809 573 2880 τοὺς
595 2806 778 2886 ἀνθρώπους
798 2808 962 2868 κόπτεσθαι
980 2808 1107 2887 πλησίον
1125 2816 1179 2872 τοῦ
1199 2808 1330 2887 δράγμα-

59 2935 105 2987 τος
136 2910 187 2971 aut
217 2910 272 2988 την
289 2901 363 2971 Ἶσιν
394 2909 639 2971 ἀνακαλεῖσθαι.”
669 2911 813 2971 Eandem
837 2914 948 2975 autem
972 2911 1067 2972 deam
1090 2912 1178 2987 leges
1205 2926 1331 2985 quoque

59 3015 186 3076 dedisse
205 3014 308 3089 addit,
333 3006 420 3090 »καθ’
444 3009 497 3084 οὓς
517 3010 654 3089 ἀλληλοις
674 3011 793 3071 διδόναι
812 3011 881 3084 τοὺς
901 3009 1084 3091 ἀνθρώπους
1103 3011 1135 3072 τὸ
1152 3012 1269 3072 δίκαιον
1281 3006 1331 3071 κοί

59 3125 109 3193 τῆς
128 3113 266 3191 ἀθέσμου
285 3114 353 3193 βίας
373 3112 422 3173 καί
440 3113 554 3192 ὕβρεως
567 3107 778 3189 παύσασθαι,”
793 3130 857 3188 qua
869 3114 902 3175 in
915 3131 949 3175 re
962 3115 1057 3175 deam
1070 3115 1207 3175 laudans
1218 3117 1331 3193 tamen

57 3217 270 3292 philosophus
293 3215 458 3291 religionis
482 3230 598 3290 parcus
621 3215 729 3275 fautor
752 3230 817 3274 non
840 3230 876 3275 se
900 3218 1045 3276 continet
1068 3217 1145 3290 quin
1167 3217 1266 3276 addat
1291 3249 1330 3259 -

59 3317 178 3381 Critiae
213 3319 326 3393 opinor
360 3332 516 3377 versuum
550 3317 583 3375 in
618 3317 756 3391 sisypho
791 3332 919 3377 memor
944 3351 982 3360 —
1017 3318 1152 3378 desiisse
1183 3319 1334 3379 homines

58 3419 194 3481 iniurias
225 3419 432 3479 committere
465 3414 535 3493 „dre
566 3414 618 3476 τὸν
641 3414 701 3476 ἀπὸ
724 3423 775 3493 της
799 3417 939 3494 τιμωρίας
964 3417 1084 3496 φόβον”
1107 3412 1139 3490 ²).
1165 3419 1332 3496 conspira-

58 3521 114 3582 bat
145 3536 221 3580 cum
252 3535 290 3580 eo
321 3520 354 3579 in
385 3520 447 3579 hac
470 3533 596 3592 quoque
619 3532 668 3593 re,
692 3518 785 3577 utin
808 3517 954 3593 pluribus
978 3521 1182 3594 conspirasse
1206 3522 1334 3581 videtur

59 3623 121 3683 Leo
142 3615 338 3696 Pellaeus³)‚
363 3622 396 3682 et
417 3620 636 3695 compluribus
656 3619 841 3693 aequalium
861 3621 1031 3694 probatam
1051 3620 1153 3681 iuisse
1165 3622 1334 3695 utriusque

58 3725 137 3788 deae
158 3723 414 3783 conmixtionem
434 3725 550 3783 notum
570 3724 630 3781 est.
652 3720 860 3781 Ptolemaeus
878 3725 989 3782 autem
1010 3722 1241 3797 Philadelphus
1253 3738 1332 3782 num

57 3825 178 3886 faverit
199 3824 275 3883 huic
298 3824 405 3884 studio
430 3823 605 3898 incertum,
630 3822 727 3882 Isidis
751 3822 875 3882 cultum
896 3838 960 3882 non
983 3824 1116 3897 sprevit.
1141 3823 1273 3887 Praeter
1293 3839 1335 3890 ea

56 3942 140 4000 quae
160 3940 260 4000 supra
278 3941 349 4001 pag.
371 3927 391 3986 6
411 3925 608 3999 memoravi,
631 3924 821 3984 testimonio
841 3925 996 3997 estquod
1017 3925 1087 3999 ipso
1107 3924 1237 3986 iubente
1257 3926 1334 3985 urbs

91 4183 110 4251 ¹)
128 4184 259 4234 Diodorus
267 4185 287 4232 1.
300 4189 328 4233 ll
348 4186 399 4232 duo
417 4185 566 4233 contundit:
584 4185 616 4232 de
632 4184 702 4232 laide
720 4184 842 4245 primaria
859 4184 924 4230 baso
941 4183 1029 4230 docet:
1053 4184 1114 4243 ,τὴν
1131 4185 1156 4231 σί
1169 4176 1233 4231 'iro
1248 4191 1335 4248 μεθιρ·

55 4267 216 4328 μηεευομῦεην
233 4261 290 4313 εἶναι
308 4268 421 4319 nataris,
448 4250 581 4324 τεθειμένης
606 4273 645 4323 τῆς
662 4268 820 4327 προσηγορίας
836 4263 884 4309 ἀπὸ
902 4270 941 4321 τῆς
957 4263 1034 4309 ἀιδίου
1052 4265 1090 4309 κοί
1107 4268 1207 4317 παλαιᾶς
1223 4265 1336 4322 γενέσεως.

55 4349 145 4412 κε’ροτα
160 4346 184 4392 δ’
204 4347 263 4408 αὐτῇ
276 4346 422 4392 lucrabimur
436 4346 483 4390 ἀπό
498 4360 521 4390 τε
544 4351 582 4403 της
602 4343 679 4402 ὄψεως
697 4344 723 4403 ἣν
740 4345 829 4403 {lovon
846 4347 952 4404 φαίνεται
971 4343 1027 4389 καθ’
1047 4340 1074 4388 δν
1090 4340 1120 4388 ἂν
1136 4346 1224 4406 χρόνον
1242 4346 1336 4406 ὑπάρχῃ

54 4424 187 4487 μηνοειδὴς,
197 4426 236 4471 καί
245 4423 298 4486 (hic
307 4425 359 4472 iam
369 4427 501 4485 spectatur
511 4422 625 4470 secunda
634 4418 696 4486 Isis)
705 4422 752 4468 dud
762 4431 801 4481 τῆς
810 4422 983 4483 καθιερωμένης
992 4424 1050 4483 αὐτῇ
1059 4421 1114 4483 βοὸς
1123 4422 1177 4484 παρ’
1190 4424 1336 4480 Αἰγυπτίοις.

89 4501 110 4564 ²)
129 4505 280 4552 Hecataeus
306 4502 505 4563 aproniani.
525 4504 555 4549 14
580 4501 624 4560 (oi.
646 4500 775 4548 Plutarch.
792 4500 822 4547 de
837 4498 872 4548 Ῑε.
887 4502 969 4559 cle).
988 4526 1017 4534 -
1038 4500 1131 4546 critias
1149 4500 1181 4548 da
1202 4501 1336 4560 religionis

53 4586 159 4644 origine
180 4596 213 4631 ax
229 4585 322 4631 timore
339 4582 409 4643 apud
426 4583 495 4630 Sext.
516 4583 613 4641 Empir.
631 4579 685 4628 adv.
704 4579 783 4639 Matio..
800 4580 843 4626 1x.
863 4582 903 4628 54.

89 4661 112 4730 ι)
131 4664 211 4712 Leon.
229 4664 259 4711 lr.
278 4664 344 4710 n-4
362 4662 456 4709 liniter
475 4659 502 4708 F.
523 4659 555 4707 H.
575 4660 602 4706 G.
621 4660 655 4706 11.
674 4661 732 4707 283.
