3068 5294
823 459 885 520 180
1231 461 1283 521 IV.
1309 460 1468 521 282-2an

208 639 354 707 Ὠκεανὸν
384 637 460 706 είναι
490 653 611 725 νῆσον
643 644 699 707 οὐκ
728 643 834 707 έλάττω
865 654 918 725 τῆς
949 645 1095 718 Σικελίας·
1127 646 1238 727 ταύτην
1265 647 1409 730 ὑπάρχειν
1431 644 1477 727 μέν

211 744 285 807 κατὰ
315 744 366 819 τάς
395 743 531 827 άρκτους,
558 752 761 808 κατοικεῖσθαι
792 743 824 808 δέ
856 746 916 808 ὑπὸ
948 757 1006 809 τῶν
1039 745 1265 827 ὀνομαζομένων
1282 746 1481 832 Ὑπερβορέων

210 846 270 909 άπὸ
293 857 346 909 τοῦ
369 846 542 929 πορρωτέρω
564 854 683 909 κεῖσθαι
706 857 757 927 τῆς
777 849 898 930 βορείου
920 852 1048 929 πνοῆς”.
1074 851 1178 912 Simul
1199 854 1310 914 autem
1323 854 1483 928 hymnum

210 952 410 1014 homericum
452 953 487 1012 ιἰι
525 952 623 1028 Apoll.
661 968 707 1013 vs.
747 954 809 1014 160
843 954 968 1014 erudite
1002 953 1236 1032 illustraturus,
1272 971 1354 1028 quos
1389 959 1485 1017 retus

209 1058 305 1129 poeta
331 1051 462 1133 „r’r'vdoor
484 1075 514 1114 τε
536 1052 681 1125 παλαιοὺς
704 1050 757 1131 ἠδὲ
785 1057 950 1132 μυναῖκας”
971 1056 1098 1117 dixerat
1119 1071 1175 1116 303
1198 1056 1486 1135 ,πολυχρονιώ-

210 1178 328 1217 τατον
355 1149 470 1233 αίμα”
495 1155 515 1216 i.
529 1171 557 1216 θ.
579 1152 663 1234 γένος
682 1155 887 1235 πολυχρονίων
907 1158 977 1218 sive
997 1160 1132 1216 παλαιῶν
1145 1159 1240 1219 vocat
1256 1158 1488 1236 callimachus,

205 1258 268 1319 alio
300 1274 399 1320 sensu
429 1273 514 1318 nuno
537 1256 734 1336 πολυχρόνιον
766 1258 922 1319 adhibens
955 1274 1053 1333 quarn
1084 1260 1141 1320 Ill.
1170 1261 1231 1320 132
1257 1264 1296 1335 (p.
1323 1261 1397 1336 81);
1432 1263 1489 1321 vix

206 1361 294 1420 enim
325 1361 457 1421 dubium
486 1359 614 1420 videtur
637 1361 714 1434 quin
738 1361 825 1421 idem
848 1361 989 1421 indicare
1014 1361 1152 1421 voluerit
1179 1362 1262 1435 quod
1286 1362 1490 1424 Pherenious

206 1464 431 1525 Heracleensis
456 1467 564 1536 (quem
588 1463 758 1538 aptissime
790 1478 989 1537 quamquam
1014 1464 1082 1539 ipse
1106 1463 1321 1524 subdubitans
1343 1466 1378 1524 in
1403 1466 1489 1527 hano

204 1581 276 1627 rem
299 1566 411 1627 laudat
434 1564 575 1625 Onus1us
599 1566 632 1625 in
656 1566 810 1626 Roscheri
833 1566 951 1626 Lexioo
975 1567 1001 1626 Ι.
1028 1565 1125 1636 2823)
1148 1566 1194 1626 ita
1217 1566 1315 1628 habet

450 1665 519 1738 τοὺς
543 1663 596 1745 μὲν
619 1663 676 1745 άρα
699 1664 901 1748 προτέρων
925 1664 954 1739 έξ
978 1665 1100 1744 αἵματος
1124 1664 1280 1744 ὑμνείουοι

455 1768 587 1845 Τιτήνων
611 1768 790 1847 βλαστόντας
812 1791 838 1829 κ.
861 1791 885 1828 τ.
908 1773 932 1829 λ.

245 1983 300 2046 VS.
327 1984 401 2045 283.
448 1982 478 2042 οἳ
499 1979 553 2060 μέν
576 2004 620 2042 τοι
644 1982 780 2061 καλάμην
804 2004 832 2042 τε
856 1981 906 2043 καί
931 1982 995 2063 ἱερά
1018 1983 1170 2065 δράγματα
1194 1994 1305 2065 πρῶτοι

450 2081 604 2163 ἀσταχύων
627 2081 798 2163 φορέουσιν,
820 2080 840 2142 ά
864 2084 1036 2163 Δωδώνηθι
1059 2084 1208 2168 Πελασγοὶ

330 2187 393 2247 285
451 2183 578 2263 τηλόθεν
602 2182 777 2264 έσβαίνοντα
800 2185 877 2247 πολὺ
899 2186 1046 2267 πρώτιστα
1071 2185 1204 2267 δέχονται

447 2283 579 2366 μηλεχέες
601 2286 784 2366 θεράποντες
808 2285 959 2368 άσιμήτοιο
983 2287 1113 2368 λέβητος·

450 2388 588 2468 δεύτερον
612 2387 691 2468 ίερὸν
715 2386 788 2449 άστυ
811 2387 862 2450 καί
886 2386 975 2470 οίίρεα
1002 2392 1141 2470 Μηλίδος
1165 2392 1233 2470 αἴης

449 2488 590 2570 ἔρχονται·
613 2495 714 2550 κεῖθεν
739 2486 771 2550 δὲ
794 2490 996 2552 διαπλώουοιν
1019 2492 1166 2571 Ἀβάντων

449 2591 490 2663 είς
513 2588 632 2671 ἀγαθὸν
655 2591 760 2652 πεδίον
783 2592 963 2670 Ληλάντιον·
988 2588 1054 2654 οὐδ’
1081 2592 1122 2654 ἔτι
1144 2593 1256 2674 μακρὸς

327 2695 392 2754 290
448 2689 464 2754 ὁ
488 2692 579 2766 πλόος
603 2692 789 2773 Εὐβοίηθεν,
812 2692 876 2754 έπεί
897 2712 946 2754 σεο
971 2695 1097 2776 γείτονες
1122 2693 1214 2775 ὅρμοι.

248 2796 334 2857 Nihil
354 2799 406 2857 est
426 2811 539 2857 versus
554 2797 617 2857 283
641 2797 704 2856 nlsl
723 2797 945 2871 interpretatio
965 2797 1096 2857 illorum
1112 2813 1194 2871 quae
1207 2800 1408 2860 memoravit
1420 2801 1481 2863 He·

202 2901 334 2961 rodotus
354 2898 408 2960 tv.
422 2901 463 2959 33
488 2895 557 2979 „in
577 2894 752 2976 ἐνδεδεμένα
772 2896 803 2958 ἕν
825 2898 942 2983 καλάμῃ
964 2903 1101 2980 πυρῶν”,
1122 2900 1239 2973 quibus
1255 2901 1363 2962 verbis
1380 2903 1482 2965 adicit

202 3001 383 3075 explicandi
415 3015 513 3061 eausa
545 3001 671 3075 epirum
700 3001 893 3062 vocabulum
918 2999 1078 3082 δράγματα.
1101 3003 1146 3062 At
1170 3018 1266 3063 versu
1291 3004 1355 3064 286
1380 3005 1480 3080 Lyco·

202 3104 334 3179 phronis
365 3103 416 3163 sni
448 3117 537 3163 more
560 3103 717 3176 modoque
739 3103 772 3163 id
796 3107 847 3163 est
870 3101 1092 3182 αἰνιγματωδῶς
1115 3103 1237 3164 indicat
1258 3104 1372 3181 Selloe,
1395 3122 1478 3181 qnos

206 3205 368 3265 Homerus
392 3205 432 3265 ll.
457 3205 520 3264 235
544 3204 671 3264 dixerat
697 3201 873 3281 Ι,ὑποφήτας
898 3202 1099 3277 dormientes
1122 3205 1335 3284 χαμαιεύνας”.
1367 3209 1479 3283 Atque

206 3307 265 3367 hoc
284 3306 391 3367 solum
413 3306 581 3366 varietatis
600 3321 698 3366 causa
724 3306 811 3381 facit,
836 3307 919 3379 quod
943 3309 1144 3368 homericum
1166 3308 1348 3386 χαμαιεύνης
1371 3311 1479 3371 reddit

206 3422 284 3473 rone
307 3404 483 3486 μηλεχής,
509 3408 700 3482 Sophoclem
723 3408 919 3484 aemulatus
945 3410 999 3482 qui
1023 3408 1145 3479 (lieet.
1174 3411 1268 3480 1137)
1292 3426 1348 3471 eos
1370 3434 1478 3489 χαμαι-

204 3509 302 3580 ιοίτας
339 3512 527 3585 vocaverat;
563 3511 642 3571 illud
678 3524 753 3570 vero
796 3511 922 3572 doctius
961 3521 1103 3585 suaeque
1137 3512 1255 3572 aetatis
1295 3512 1477 3574 eruditione

204 3613 341 3688 dignius
361 3612 445 3686 quod
466 3614 627 3673 memorat
653 3609 722 3687 „riv
746 3608 938 3691 ἀτίμητον
964 3610 1140 3691 λέμμαθ’.
1164 3613 1317 3674 Lebetem
1343 3614 1392 3684 (de
1412 3630 1476 3688 quo

203 3729 280 3790 prae
299 3714 415 3775 ueteris
436 3714 627 3775 conferenda
650 3718 728 3774 sunt
751 3729 833 3786 quae
854 3730 894 3773 ex
916 3714 1089 3776 Polemone
1110 3715 1278 3789 Perlegeta
1290 3715 1476 3790 Stephanus

204 3818 381 3891 Byzantius
412 3817 507 3877 affert
538 3817 558 3877 i.
583 3831 613 3877 v.
640 3815 786 3892 Δωδώνη)
817 3832 1007 3892 nuncupans
1038 3813 1178 3896 ἀτίμητον
1206 3833 1310 3891 neque
1338 3819 1476 3880 obscuro

203 3922 297 3980 ornat
320 3919 460 3993 epitheto
483 3933 587 3991 neque
611 3919 784 3979 lectoribus
808 3920 877 3980 suis
899 3919 1071 3993 incognito.
1095 3919 1219 3980 Alludit
1238 3920 1326 3981 enim
1345 3920 1386 3982 ad
1406 3937 1474 3996 pro

204 4021 350 4082 verbium
377 4020 464 4080 idem
486 4021 570 4093 quod
593 4021 719 4094 spectat
739 4020 776 4080 fr.
791 4022 854 4081 306
879 4020 938 4098 ,μή
959 4018 1064 4097 μετὸν
1086 4018 1117 4080 ἐν
1138 4019 1264 4080 Aedem
1283 4018 1362 4102 λέγω
1377 4021 1474 4099 μόνον

203 4121 312 4182 οὔνεκα
332 4118 439 4198 χαλκὸν
462 4117 613 4201 ἢμειρον”,
647 4121 696 4192 (cf.
722 4121 831 4197 Steph.
860 4122 937 4196 Byz.
965 4120 1042 4198 „fort
1071 4119 1121 4182 καὶ
1144 4121 1329 4184 Δωδωναῖον
1352 4125 1475 4202 χαλκίον

201 4221 345 4303 παροιμία
368 4219 416 4282 ἐπὶ
439 4230 497 4281 τῶν
520 4220 614 4282 πολλά
636 4223 840 4295 λαλούντων”)
868 4216 898 4293 ¹).

236 4481 255 4544 ¹)
280 4484 450 4543 Δωδωνηοι
483 4496 542 4531 oum
573 4483 703 4543 plerisque
732 4483 871 4531 editoribus
901 4484 993 4544 scripsi
1022 4497 1059 4531 τε.
1083 4485 1140 4544 284,
1164 4483 1225 4542 qnia
1251 4483 1369 4532 oodioum
1394 4485 1472 4534 lectio

201 4564 341 4623 Δοδώνηθι,
358 4576 435 4622 quam
453 4562 548 4609 frustra
561 4563 676 4609 defendit
693 4563 865 4609 Sohueiderus
883 4560 951 4622 (nam
968 4564 993 4609 in
1010 4575 1087 4609 versu
1096 4561 1311 4609 Auletrarnx.
1322 4564 1380 4620 606,
1397 4566 1472 4613 euius

201 4643 251 4691 elia
273 4646 313 4690 est
329 4643 403 4703 rotie,
420 4643 483 4689 nihil
501 4646 541 4690 est
561 4643 688 4703 subsidii),
706 4657 756 4690 non
775 4643 823 4689 nisi
841 4644 1030 4690 construetione
1046 4643 1183 4690 vorborum
1201 4642 1340 4695 admodum
1355 4648 1472 4694 oontorta
