3104 5286
598 1729 791 1740 ⁸——

102 1946 191 2007 Oura
215 1945 285 2022 illa,
315 1962 414 2021 quam
437 1962 512 2008 oum
536 1948 653 2008 ceteris
676 1947 778 2008 Musei
801 1948 906 2023 poetis
933 1946 1152 2007 Callimachus
1175 1947 1334 2022 impendit

58 2053 95 2109 ut
129 2048 372 2109 Alexandrinae
407 2050 454 2108 rei
488 2049 634 2123 publicae
669 2049 762 2110 initia
795 2066 814 2109 a
848 2048 993 2110 barbaris
1029 2049 1201 2109 elementis
1232 2048 1333 2109 libera

54 2151 181 2225 servet,
203 2150 388 2210 arctissime
408 2149 558 2210 cohaeret
578 2166 653 2210 oum
673 2152 826 2211 universa
848 2152 919 2210 eius
941 2151 1114 2225 theologia.
1135 2151 1224 2226 Quod
1245 2152 1331 2212 enim

55 2252 248 2327 repudiabat
267 2253 455 2312 exterarum
475 2253 623 2327 gentium
643 2253 734 2329 deos,
755 2253 947 2328 praesertim
960 2253 1044 2327 quod
1056 2252 1187 2314 nolebat
1197 2252 1334 2314 barbara

55 2354 195 2414 numina
217 2368 291 2414 cum
313 2353 444 2414 Graecis
466 2355 671 2415 commisceri
695 2348 730 2430 ¹),
755 2354 786 2414 id
807 2371 870 2415 non
892 2370 1001 2415 amore
1021 2357 1151 2416 tantum
1165 2354 1333 2429 ergaauti·

55 2471 139 2530 quos
160 2455 313 2516 Graeciae
332 2456 410 2516 deos
429 2456 553 2517 iactum
577 2458 642 2531 est,
667 2456 723 2516 sed
748 2458 849 2517 etiam
872 2473 910 2518 eo
934 2458 1017 2532 quod
1040 2473 1114 2518 acre
1138 2457 1248 2517 odium
1273 2457 1333 2517 aie·

55 2559 112 2619 bat
144 2558 177 2618 in
208 2558 463 2633 synoretismum
495 2574 642 2635 omnem,
676 2559 822 2634 quodque
853 2560 951 2619 simul
983 2561 1142 2633 mysticos
1165 2558 1335 2632 theologos

56 2660 280 2736 aversabatur,
312 2661 413 2720 simul
443 2661 564 2720 eximie
599 2662 712 2721 oderat
742 2665 775 2721 et
805 2661 979 2737 spernebat
1005 2660 1155 2721 Euemeri
1179 2660 1333 2720 asseclas.

56 2763 102 2823 De
136 2761 275 2837 singulis
306 2761 477 2822 videamus
506 2776 639 2823 necesse
667 2764 731 2838 est,
757 2763 925 2839 quoniam,
954 2764 992 2823 ut
1014 2762 1204 2837 Aegyptiaci
1228 2761 1335 2823 cultus

56 2866 169 2926 odium
200 2866 329 2939 poetam
355 2863 448 2924 nobis
472 2863 616 2924 ostendit
638 2863 780 2924 Graecae
803 2863 969 2938 religionis
992 2866 1165 2938 patronum
1189 2862 1333 2937 fidelem,

56 2967 104 3027 ita
135 2981 178 3025 ex
215 2965 277 3025 hac
307 2981 342 3026 re
374 2968 586 3040 cognoscetur
618 2964 716 3025 homo
748 2980 768 3024 a
798 2966 892 3026 novis
922 2965 1018 3025 rebus
1053 2981 1151 3039 quam
1186 2966 1332 3026 maxime

56 3068 249 3142 abhorrens,
291 3067 413 3128 vindex
455 3067 633 3149 acerrimus
675 3067 828 3141 antiquae
868 3065 951 3128 fidei.
996 3067 1099 3127 Musei
1132 3067 1331 3142 antistitem,

58 3168 255 3230 Academiae
285 3169 456 3241 tamquam
486 3167 669 3242 praesidem
700 3167 865 3242 audimuS,
898 3169 990 3243 gravi
1021 3169 1214 3230 auctoritate
1237 3184 1333 3244 oppu·
1411 3218 1412 3221 ,

56 3273 215 3346 guantem
246 3272 279 3330 et
309 3270 498 3330 reicientem
522 3269 688 3345 quidquid,
721 3270 856 3330 meliora
879 3286 976 3346 saepe
1000 3286 1099 3344 quam
1123 3270 1192 3345 ipse
1217 3271 1335 3346 edocti,

59 3372 139 3433 novi
162 3371 313 3432 homines
336 3371 461 3432 civibus
485 3370 554 3431 suis
578 3372 860 3432 commendabant.

105 3575 349 3649 synoretismus
391 3575 517 3650 primus
558 3574 749 3633 tractandus
779 3577 840 3634 est.
880 3574 929 3634 Ad
965 3575 1138 3635 numinum
1171 3575 1336 3634 variorum

59 3676 346 3752 commixtionem,
367 3677 438 3736 sivo
457 3674 579 3736 dixeris
599 3675 831 3751 theoorasiam‚
852 3676 922 3735 sive
934 3677 1205 3752 synoretismum,
1228 3677 1337 3736 variae

95 3933 114 3992 ¹)
133 3936 287 3997 Exemplum
313 3937 438 3997 praebent
462 3936 658 3985 Samothracum
684 3934 733 3982 dei.
761 3936 866 3982 Summe
889 3934 1034 3982 reverentie
1056 3936 1110 3989 τοὺς
1133 3938 1247 3994 porticos
1269 3936 1340 3989 dende

59 4017 193 4078 prosecuti
220 4018 293 4063 erent
318 4029 420 4076 sempor
445 4018 497 4063 tem
525 4016 632 4064 Arsinoe
659 4028 736 4074 quam
760 4016 870 4061 coniunx
892 4014 948 4061 eius
976 4014 1018 4072 (ci.
1047 4014 1139 4061 Nissen
1166 4012 1250 4061 ilicis.
1275 4012 1340 4060 Mae.

60 4097 141 4144 xL11.
157 4109 183 4157 p.
202 4097 244 4154 ab)
260 4100 287 4143 et
301 4098 405 4144 omnino
423 4097 516 4144 mirum
535 4097 658 4156 quantum
677 4097 793 4141 creverat
810 4095 859 4140 ieta
875 4096 959 4140 aetate
973 4093 1124 4140 Osbirorum
1141 4093 1234 4140 cultus.
1244 4094 1340 4140 Tamen

61 4175 239 4224 Callimachus
259 4176 321 4223 iioet
346 4203 375 4212 -
401 4182 430 4224 nt
452 4181 508 4223 eret
531 4176 646 4222 historici
663 4200 695 4210 —
715 4175 795 4222 semel
821 4179 899 4234 atque
919 4175 1013 4221 lterum
1031 4174 1147 4233 tetigerit
1164 4185 1236 4219 sacra
1254 4173 1341 4219 Samo·

60 4256 179 4304 thrscm
198 4254 240 4316 (oi.
261 4256 292 4302 fr.
312 4257 360 4304 ss'l
371 4283 400 4291 —
412 4270 443 4303 ex
461 4269 512 4315 quo
530 4257 638 4315 apparet
655 4267 755 4302 ssorum
773 4257 818 4301 snt
837 4254 927 4301 sellem
947 4253 1072 4300 coloniam
1089 4253 1126 4300 ibi
1143 4252 1269 4299 conditam
1285 4265 1342 4300 esse

61 4337 87 4384 ei
110 4334 193 4381 videri
216 4349 231 4381 ι
251 4335 371 4382 Dardano
387 4336 457 4383 IovIs
480 4336 574 4381 fllio-
592 4338 618 4382 et
640 4335 671 4381 fr.
696 4336 767 4395 409),
785 4347 842 4380 cnm
862 4334 995 4380 Dioscuris
1010 4331 1152 4380 seeundum
1172 4344 1269 4379 morem
1288 4333 1343 4378 eius

61 4415 157 4463 aetatis
189 4414 295 4462 Osbiroe
327 4428 466 4473 numquam
492 4414 640 4469 corlandin
666 4417 692 4460 et
715 4427 775 4461 oum
797 4413 890 4460 iisdem
913 4413 954 4460 dis
980 4413 1171 4461 samothracios
1199 4411 1342 4459 Eudemum

61 4493 196 4556 quendam
220 4494 308 4554 Epigr.
331 4494 437 4541 XLVIII
461 4495 556 4554 gratiss
580 4493 731 4541 reddentem
757 4494 831 4554 iacit,
854 4495 915 4553 quis
942 4507 1001 4540 sere
1020 4493 1104 4540 alieno
1121 4491 1246 4538 liberatus
1263 4495 1343 4551 esset,

62 4578 151 4623 iocosa
175 4575 280 4622 levitoco
306 4574 373 4621 ridet
399 4575 484 4634 potins
510 4573 572 4621 deos
596 4573 798 4635 semibarbaros,
821 4587 898 4634 quem
926 4572 1022 4621 odorat
1047 4571 1109 4619 Vide
1136 4574 1232 4630 quanto
1250 4571 1344 4617 mstore

61 4656 164 4717 pietate
182 4666 212 4700 ee
229 4653 373 4702 reverentis
393 4653 500 4701 Oebiros
517 4656 691 4714 prosequetur
709 4654 861 4715 Apollonios
879 4653 995 4702 Rhodius
1012 4652 1103 4714 Arpos.
1120 4649 1141 4697 1.
1156 4651 1296 4698 tlt—921.

120 4739 152 4787 ΙΙ.
1253 4737 1265 4785 7
