3104 5296
829 455 871 516 86
1336 449 1394 509 III.
1421 451 1480 510 152

205 639 403 701 homericam
433 639 732 715 interpretationem
769 657 806 704 sc
831 642 929 703 crisin
953 641 1051 702 simul
1079 641 1237 715 spectant.
1263 638 1481 700 Callimachus

206 740 305 814 enim,
328 740 384 815 qui
408 741 552 803 maxime
579 759 708 818 semper
731 744 763 804 id
790 745 918 820 agebat,
942 746 979 803 ut
1007 742 1143 803 Homeri
1174 741 1481 816 mythologumenis,

20 896 26 909 .
99 915 105 931 Ι
206 844 365 915 quantum
396 843 526 917 quidem
558 848 693 922 poterat,
728 846 843 907 vindex
867 849 955 907 esset
979 849 1011 906 et
1036 848 1201 920 patronus,
1226 857 1301 904 cum
1329 841 1482 903 hocloco

206 945 364 1004 Iunonem
385 948 483 1006 vocat
498 946 647 1008 Herculis
664 945 826 1026 πενθερὴν,
846 949 1017 1022 ipsumque
1038 947 1170 1007 heroem
1184 978 1225 988 -
1237 947 1307 1023 γυῖα
1327 939 1483 1003 necuim

208 1049 268 1116 (rs.
294 1046 367 1116 159)
393 1046 510 1131 Φρυγίῃ
541 1045 601 1108 ὑπὸ
626 1049 699 1126 δρυΐ
721 1043 742 1119 ¹)
767 1082 808 1095 -
832 1050 1080 1110 accumbentem
1104 1047 1182 1108 fecit
1210 1046 1342 1107 deorum
1369 1043 1483 1120 epulis,

208 1149 423 1209 recentiorum
448 1151 614 1225 opiniones
644 1152 743 1212 tacite
767 1154 943 1228 oppugnat,
966 1150 1069 1212 veluti
1099 1164 1173 1210 eam
1197 1162 1295 1222 quam
1320 1146 1485 1221 Lycophro

208 1248 341 1323 protulit
364 1249 520 1312 Iunonem
545 1249 599 1329 τὴν
628 1248 768 1331 δευτέραν
791 1260 934 1312 τεκοῦσαν
958 1251 1058 1322 (Alex.
1083 1266 1131 1310 vs.
1158 1252 1209 1319 39)
1238 1249 1358 1324 dicens,
1384 1262 1484 1321 esque

209 1352 333 1413 ratione
363 1354 503 1415 vindicat
526 1353 668 1415 Homero
691 1368 807 1415 versus
830 1354 904 1415 illos
928 1354 961 1414 in
985 1353 1116 1428 necyia,
1140 1366 1221 1424 quos
1245 1365 1323 1411 mox
1347 1350 1484 1411 Aristar·

209 1455 290 1515 chus
313 1455 481 1516 damnavit
505 1459 540 1525 (1.
565 1456 753 1526 602-6041

654 1555 744 1629 αὐτὸς
768 1554 801 1617 δὲ
824 1551 879 1635 μετ’
906 1553 1086 1615 ἀθανάτοισι
1108 1558 1207 1614 θεοῖσι

432 1654 565 1736 τέρπεται
587 1655 619 1718 ἐν
641 1658 751 1743 θαλίγς
774 1655 824 1719 nul
847 1656 904 1738 ἔχει
926 1656 1129 1735 καλλίσφυρον
1155 1652 1267 1735 Ἥβην,

432 1759 526 1820 παῖδα
550 1759 622 1833 Διὸς
646 1759 783 1840 μεγάλοιο
807 1757 857 1820 καὶ
871 1756 968 1837 Ἥρης
992 1757 1205 1837 χρυσοπεδίλου
1230 1750 1262 1828 ²).

255 1860 366 1933 Neque
388 1861 509 1939 dubito,
534 1864 622 1940 quin,
646 1878 722 1924 cum
746 1864 787 1924 eb
812 1878 849 1924 eo
869 1861 1026 1923 Hercules
1051 1859 1213 1936 Τιρύνθιος
1236 1855 1372 1935 ἄκμων
1396 1873 1487 1919 vocs·

210 1964 265 2023 tur
290 1995 328 2006 -
355 1978 454 2037 quom
480 1980 591 2025 vocem
615 1966 655 2025 sb
679 1965 842 2039 Aeschylo
865 1965 1037 2024 mutuatus
1060 1966 1121 2037 est,
1145 1961 1230 2021 Pers.
1255 1962 1295 2020 51
1324 1993 1363 2003 -
1388 1960 1490 2021 simul

213 2063 246 2123 in
270 2067 381 2125 mente
404 2065 553 2127 hahuerit
583 2067 764 2142 praeclaros
792 2066 920 2128 Pindari
943 2080 1057 2125 versus
1080 2063 1170 2124 Nem.
1194 2063 1219 2124 Ι.
1247 2064 1285 2123 11
1312 2061 1490 2123 Herculem

216 2166 418 2240 depingentis
445 2163 589 2245 „unezlav
619 2167 803 2244 ναμάτων
826 2167 961 2246 μεγάλων
984 2162 1132 2225 ποινάν
1154 2162 1299 2243 λαχόντα”
1324 2166 1383 2224 aut
1408 2165 1490 2224 eius·

215 2266 289 2327 dem
308 2268 422 2342 poetae
443 2268 542 2330 verba
561 2285 636 2330 cnm
657 2270 832 2332 11111111.
846 2271 888 2330 60
908 2270 1039 2330 heroem
1059 2267 1180 2328 diceret
1199 2261 1491 2345 „yeppptffliipag't

260 2466 315 2526 Vs,
344 2467 415 2528 152.
440 2466 587 2555 κερδαλέα
611 2470 701 2555 μύθῳ
725 2488 756 2531 σε
778 2468 836 2548 θεὴ
860 2469 938 2547 μάλα
961 2468 1034 2552 τῷδε
1057 2468 1202 2529 πινύσκει·

443 2569 550 2650 ςβάλλε
572 2571 684 2644 κακοὺς
707 2569 755 2633 teri
777 2577 887 2651 θῆρας,
910 2570 959 2631 ἵνα
982 2566 1092 2648 θνητοὶ
1115 2565 1146 2628 σὲ
1169 2566 1288 2648 βοηθὸν

440 2669 480 2745 ὡς
504 2668 553 2750 lpl
576 2673 780 2752 κικλήσκωσιν.
805 2671 838 2733 ἔοι
861 2672 974 2752 πρόκας
998 2667 1051 2750 ν’γδέ
1074 2669 1208 2752 λαγωοὺς

342 2775 404 2835 155
441 2771 531 2852 οὔρεα
554 2774 726 2853 βόσκεσθαι·
748 2775 778 2836 τί
798 2772 831 2835 δέ
854 2796 906 2835 κεν
928 2773 1036 2855 πρόκες
1059 2768 1112 2851 ἠδὲ
1135 2769 1244 2854 λαγωοὶ

438 2872 568 2954 §titium
591 2878 660 2950 σύες
683 2875 763 2959 ἔργα,
786 2877 823 2938 σύ
843 2907 866 2956 ις
882 2874 961 2955 φυτά
982 2874 1184 2952 λυμαίνονται.

438 2974 489 3036 καί
511 2977 579 3057 βόες
602 2975 790 3058 ἀνθρώποισι
813 2976 908 3039 κακὸν
932 2975 1013 3060 μέγα.
1037 2971 1116 3057 βάλλ’
1142 2973 1191 3036 ἐπὶ
1213 2972 1264 3034 καί
1286 2975 1390 3047 τούς”.

439 3076 478 3152 ὡς
502 3078 614 3158 ἔνεπεν,
636 3080 753 3162 ταχινὸς
776 3077 809 3142 δὲ
831 3079 923 3161 μέγαν
946 3078 1014 3160 περὶ
1036 3085 1119 3158 θῆρα
1141 3082 1267 3139 πονεῖτο·

439 3179 476 3242 οὐ
500 3178 555 3262 γάρ
580 3181 597 3242 ὅ
618 3205 651 3263 γε
676 3183 793 3267 Φρυγίῃ
816 3204 870 3262 περ
890 3180 950 3242 ὑπὸ
974 3181 1046 3261 δρυῒ
1064 3185 1135 3261 γυῖα
1159 3178 1288 3252 θεαθεὶς

344 3284 405 3343 160
439 3277 563 3344 παύσατ’
587 3280 766 3366 άδηφαγίης·
791 3283 831 3344 ἔτι
855 3283 884 3344 οἳ
906 3282 988 3364 πάρα
1013 3282 1107 3362 νηδὺς
1130 3279 1238 3360 ἐκείνη,

439 3394 474 3469 τῇ
496 3378 559 3445 ποτ’
584 3382 776 3466 άροτριόοιντι
798 3384 959 3464 συνήντετο
986 3383 1192 3462 Θειοδάμαντι.

264 3484 445 3547 Periculosa
475 3502 528 3547 res
558 3491 618 3564 est,
650 3490 774 3562 siquis
800 3492 929 3564 propter
954 3489 1121 3549 turbatum
1150 3487 1321 3547 verborum
1346 3486 1494 3547 ordinem

218 3601 350 3647 versum
385 3587 632 3650 callimacneum
667 3594 853 3666 corruptum
886 3605 959 3651 esse
995 3589 1177 3650 contendat.
1220 3588 1264 3648 At
1299 3603 1397 3648 versu
1431 3590 1494 3649 152

219 3686 296 3764 μάλα
325 3689 404 3749 illud
434 3691 504 3750 tam
534 3691 664 3753 insolite
695 3696 828 3766 tamque
852 3693 930 3753 dure
954 3692 1148 3752 distractum
1171 3691 1222 3749 est
1246 3705 1265 3749 a
1286 3704 1365 3750 voce
1388 3688 1496 3767 κερδα-

218 3787 283 3874 λέῳ,
314 3791 520 3859 substantivo
553 3795 753 3869 interposito,
793 3798 829 3855 ut
859 3795 982 3856 frustra
1020 3792 1208 3866 exemplum
1240 3806 1395 3863 quaeram
1424 3792 1495 3852 sive

218 3892 418 3953 homericum
446 3895 516 3955 sive
546 3895 794 3959 callimacheum
825 3912 888 3971 quo
921 3897 1068 3957 contorta
1093 3894 1264 3954 verborum
1296 3893 1495 3954 constructio

218 3992 416 4055 defendatur.
437 3994 600 4057 Homerus
625 3999 711 4059 enim
736 3999 930 4079 interposuit
953 4012 1031 4058 sane
1055 4008 1300 4067 nonnumquam
1319 3993 1405 4053 inter
1417 3992 1496 4071 μαί1α

219 4096 252 4155 et
274 4095 471 4157 adiectivnm
495 4113 609 4160 vocem
634 4099 778 4172 aliquam
801 4100 900 4160 etiam
927 4097 1171 4159 substantivum
1198 4094 1286 4173 (μάλα
1312 4097 1410 4173 Τρῶες
1437 4095 1496 4155 ‹lsr-

253 4310 272 4378 ¹)
292 4316 365 4370 ,Ἀπὸ
384 4324 424 4362 roo
442 4317 659 4382 1κιῖπιφρύχθαι”
677 4324 706 4368 nt
724 4325 764 4368 est
782 4322 851 4382 apud
870 4319 958 4381 Steph.
974 4320 1035 4378 Byu.
1053 4318 1137 4365 Locus
1154 4318 1198 4364 ille
1215 4318 1280 4375 Pyre
1295 4315 1495 4364 dicitursLirio

218 4395 328 4442 xxm.
346 4397 377 4441 30
395 4391 438 4458 (of.
457 4396 586 4457 Theophr.
604 4397 661 4446 list.
674 4400 712 4461 pl.
730 4402 764 4448 IX
785 4396 851 4463 102.)

251 4469 271 4535 ²)
290 4475 388 4521 Poterit
413 4475 541 4535 quispiam
568 4477 685 4526 dubitare
712 4494 743 4526 sn
770 4481 856 4540 potius
879 4492 912 4527 ex
936 4479 1084 4538 Theogonis
1101 4474 1170 4541 (922.
1190 4470 1296 4538 uto-oo)
1315 4474 1444 4521 sumserit
1462 4475 1496 4522 nt

217 4554 286 4614 opud
308 4553 446 4601 Hesiodum
471 4560 551 4602 θαλίαι
573 4557 633 4604 illae
653 4572 703 4605 non
719 4563 893 4607 memorantur
910 4572 975 4619 qnos
992 4562 1079 4605 tumen
1098 4557 1193 4615 legisse
1211 4558 1298 4601 noster
1312 4555 1414 4602 videtur
1431 4567 1495 4613 qno·

218 4635 286 4681 niam
304 4634 329 4680 iu
347 4646 404 4680 cena
422 4633 528 4680 deorum
545 4636 663 4684 Herculis
681 4638 744 4685 iecit
763 4640 928 4686 mentionem.
