3104 5296
61 466 119 527 111.
146 466 299 526 tto-101
679 469 719 528 73

63 668 110 712 vs
147 653 190 713 96
225 649 336 730 κοίτη
367 653 495 728 dixerit,
526 668 609 726 quae
632 653 736 714 torma
759 675 783 714 r.
812 656 874 714 341
901 653 1005 726 (hodie
1031 653 1147 713 merito
1170 652 1336 721 damnata)

61 753 140 814 olim
168 753 345 827 legebatur.
370 754 455 814 Item
478 753 507 832 β.
533 754 596 815 358
621 754 876 817 vindobonensis
903 755 1033 829 quidem
1057 753 1189 829 praebet
1212 753 1336 814 femini·

61 870 140 916 nam
172 855 312 916 formam
336 858 563 917 verumtamen
586 871 650 917 nou
673 857 712 917 de
740 856 883 917 ferarum
906 856 1003 916 cubili
1028 856 1072 917 ibi
1095 855 1228 931 dictum,
1252 855 1336 928 quod

62 955 156 1035 εὐνὴν
189 973 304 1018 vocare
336 957 420 1019 solet
446 957 619 1019 Homerus
643 959 727 1019 Fieri
750 960 858 1033 potest
881 959 918 1018 ut
941 957 1072 1032 tragicis
1099 957 1254 1019 rariorem
1277 957 1337 1017 for·

62 1075 154 1120 mam
188 1059 313 1136 debeat,
349 1061 400 1120 est
430 1061 517 1120 certe
551 1059 584 1120 in
615 1059 775 1137 Euripidis
797 1058 870 1119 Ione
895 1060 974 1120 154:
998 1057 1150 1118 λείπουσίν
1178 1078 1207 1117 τε
1229 1054 1336 1117 πτανοὶ

61 1163 229 1241 Παρνασοῦ
252 1160 361 1232 κοίτας.

106 1259 256 1335 Καλιὰς
288 1264 374 1324 certe
405 1279 447 1325 ex
470 1263 612 1325 Homero
635 1279 699 1326 non
722 1266 867 1326 noverat.
891 1262 963 1324 Vox
993 1263 1144 1324 hesiodea
1168 1266 1219 1325 est
1242 1262 1338 1323 villas

61 1366 203 1427 rusticas
237 1367 271 1426 et
304 1365 418 1427 horrea
452 1365 598 1427 indicans
633 1366 722 1442 (Opp.
755 1368 830 1428 305.
863 1368 924 1428 501
959 1366 1072 1428 eodem
1108 1381 1223 1426 versus
1246 1365 1337 1436 loco).

61 1465 182 1547 ζόρκα
206 1466 320 1530 deinde
342 1464 397 1544 τὴν
420 1465 552 1546 δορκάδα
576 1469 686 1530 dicens
709 1469 883 1530 Arcadiam
906 1470 1052 1545 spectare
1084 1483 1216 1529 carmen
1239 1482 1337 1527 suum

61 1569 272 1643 Arcadasque
305 1571 476 1631 venatores
502 1586 567 1631 non
589 1571 709 1632 oblitus
733 1572 793 1632 est.
819 1604 860 1614 —
878 1567 908 1630 Ἴ
912 1591 1025 1649 χνιον
1048 1573 1160 1632 autem
1185 1570 1338 1631 audacter

61 1671 221 1746 singulari
236 1687 362 1746 quoque
374 1672 479 1733 forma
491 1673 551 1734 hoo
563 1672 632 1733 loco
646 1673 800 1733 formavit
813 1671 1030 1734 Callimachus
1043 1687 1118 1734 cum
1131 1672 1247 1732 ceteris
1259 1670 1339 1731 locis

62 1774 119 1834 ubi
141 1774 281 1834 occurrit
305 1775 355 1843 (li.
380 1775 438 1849 123
462 1773 516 1835 IV.
539 1775 614 1844 230)
642 1772 722 1853 ἴχνος
746 1776 779 1835 et
798 1772 889 1852 ἴχνεσι
909 1773 1049 1850 adhibet,
1074 1773 1208 1849 pluralis
1227 1774 1338 1833 autem

61 1875 265 1937 nominativo
289 1873 367 1954 ἴχνια
391 1875 455 1947 (IV.
483 1877 541 1951 19;
566 1876 620 1937 VI.
646 1876 684 1950 9;
710 1875 766 1951 Ep.
795 1876 831 1950 1;
857 1876 914 1945 33;
940 1876 1000 1949 44;
1024 1875 1062 1936 fr.
1088 1875 1163 1945 293)
1186 1877 1256 1935 tam
1280 1867 1337 1935 fre·

61 1979 200 2052 quenter
223 1991 303 2037 usus
327 1979 379 2038 est
401 1979 438 2037 ut
461 1976 544 2039 satis
569 1978 657 2038 certo
677 1979 804 2038 constet
825 1991 901 2038 eum
920 1976 1052 2051 quidem
1071 1976 1142 2037 sine
1162 1975 1338 2037 offensione

60 2082 95 2140 in
125 2079 267 2140 Homero
295 2093 354 2140 suo
384 2078 503 2153 legisse
534 2078 675 2139 formam
705 2094 803 2153 quam
834 2078 901 2139 iam
925 2078 1128 2139 Herodianus
1150 2079 1262 2138 monet
1285 2077 1337 2147 (Il.

62 2182 118 2243 84.
151 2183 205 2252 34)
237 2179 470 2242 diminutivum
500 2195 565 2241 non
596 2195 678 2241 esse.
711 2180 798 2242 Vitio
821 2180 935 2240 natam
957 2179 1097 2240 formam
1120 2177 1198 2258 ἴχνια
1222 2177 1339 2239 merito

61 2284 263 2345 damnarunt
285 2298 316 2344 v.
340 2283 500 2344 Leeuwen
524 2284 557 2344 et
580 2282 711 2344 Mendes
733 2283 775 2344 da
799 2281 897 2344 (tosta
919 2282 959 2343 ad
982 2283 1023 2344 N.
1047 2282 1087 2342 74
1107 2273 1137 2352 ¹).

107 2473 163 2536 Vs.
212 2473 264 2534 98.
311 2469 401 2532 ἔνθεν
423 2469 609 2554 ἀπερχομένη
630 2469 713 2551 (μετὰ
734 2469 785 2532 καλ
807 2472 896 2544 κύνες
919 2468 1086 2542 ἐσσεύοντο)

310 2565 392 2654 εὗρες
415 2570 464 2634 ἐπὶ
486 2577 638 2659 προμολῇς
661 2570 745 2655 ὄρεος
767 2581 820 2634 τοῦ
844 2573 1030 2654 Παρρασίοιο

189 2676 254 2737 100
310 2675 489 2757 σκαιροάσας
513 2673 652 2754 ἐλάφους,
676 2673 750 2757 μέγα
772 2698 799 2736 τι
822 2672 915 2757 χρέος,
937 2676 969 2734 αἳ
991 2671 1046 2752 μὲν
1068 2667 1111 2735 ἐπ’
1138 2667 1278 2754 ὅχθαιςῗ)

309 2772 374 2837 αἰὲν
398 2773 607 2857 ἕβουκολὲοντο
631 2775 862 2856 μελαμψήφιδος
886 2774 1032 2855 ἀναύρου,

310 2876 456 2956 μάσσονες
478 2876 498 2959 ἢ
521 2887 632 2960 ταῦροι·
656 2877 771 2959 κεράων
794 2874 825 2938 δ’
852 2875 1037 2957 ἀπελάμπετο
1060 2875 1176 2958 χρυσός.

108 2981 186 3042 liire
221 2981 255 3041 in
279 2980 330 3040 his
366 2981 513 3041 versibus
547 2981 729 3057 permixtas
761 2996 836 3042 oum
869 2981 1002 3054 antiqua
1030 2980 1121 3056 epica
1144 2979 1282 3040 dictione
1307 2981 1340 3040 et

59 3082 250 3156 aequalium
270 3097 455 3143 sermonem
477 3085 510 3144 et
530 3082 692 3143 eruditam
711 3082 849 3143 aliorum
871 3085 1038 3158 poetarum
1061 3081 1255 3144 memoriam
1268 3080 1341 3154 quis

60 3199 129 3245 non
152 3183 266 3245 videt?
287 3183 336 3244 Ad
353 3183 534 3245 Homerum
557 3185 700 3260 primum
720 3184 889 3245 attendam
910 3185 960 3245 cui
982 3184 1077 3245 debet
1096 3181 1342 3264 οκαιρούσας

61 3284 196 3362 ἐλάφους
230 3289 267 3355 (κ.
296 3286 360 3346 412
392 3286 431 3347 de
464 3285 576 3346 vitulis
607 3300 690 3360 quae
721 3286 930 3348 redeuntibus
960 3287 1001 3347 ad
1031 3285 1160 3348 stabula
1182 3285 1343 3347 matribus

64 3395 180 3466 ,πᾶσαν
202 3385 264 3465 ἀμα
282 3386 455 3468 σκαίρουσιν
468 3385 633 3459 ἕναντίαι”)
653 3389 686 3448 et
698 3388 836 3449 verbum
855 3383 1151 3467 ἒβουκολέονκο
1174 3404 1211 3450 eo
1232 3403 1341 3463 sensu,

60 3492 82 3552 i.
109 3506 138 3551 Θ.
162 3486 352 3570 ἀκυρολόγως
383 3490 565 3551 adhibitum
596 3490 635 3551 de
660 3489 805 3563 equabus
829 3504 911 3563 quae
939 3491 972 3551 Y.
998 3491 1060 3550 221
1086 3486 1150 3562 ἕλος
1172 3488 1247 3549 κάτοι
1269 3490 1341 3569 βου-

60 3587 210 3651 κολέοντο.
246 3590 468 3653 Observabant
503 3592 594 3652 docte
630 3591 842 3653 Alexandrini
878 3591 944 3652 iam
976 3592 1060 3666 apud
1093 3592 1272 3663 Homerum
1296 3591 1343 3651 ita

62 3693 230 3754 interdum
265 3691 344 3753 illud
379 3694 515 3754 verbum
545 3693 686 3768 primam
718 3693 786 3753 vim
824 3693 981 3768 deponere
1008 3695 1045 3753 ut
1076 3693 1115 3756 de
1142 3694 1212 3754 boec
1234 3708 1342 3754 sermo

63 3793 177 3855 nullus
196 3797 294 3855 esset.
318 3794 464 3856 Ulterius
487 3809 695 3870 progressum
719 3810 792 3856 esse
817 3794 1002 3870 Euripidem
1029 3795 1100 3855 eius
1123 3810 1203 3855 usus
1222 3809 1341 3856 memo·

63 3911 137 3958 rem
172 3911 235 3958 non
267 3896 467 3970 ignorabant.
491 3897 524 3957 Is
548 3896 636 3957 euim
659 3896 772 3957 Phoco.
799 3896 840 3956 28
865 3895 1084 3975 λπποβούκολος
1115 3897 1220 3958 dicere
1243 3911 1344 3957 ausus

63 4003 139 4064 erat
154 4001 192 4063 de
202 4016 266 4075 qua
281 4016 316 4063 ro
329 4000 510 4061 uberrimae
522 4000 600 4059 sunt
616 3998 852 4074 disputationes
865 3997 1153 4072 grammaticorum
1166 3999 1200 4060 in
1211 3998 1344 4059 scholiis

63 4105 108 4167 ad
128 4119 204 4165 eum
223 4103 343 4165 locum.
363 4101 535 4164 Innovavit
546 4102 659 4161 autem
672 4101 791 4176 aliquid
806 4098 1024 4161 Callimachus
1036 4114 1162 4174 quoque
1174 4115 1249 4160 cum
1262 4100 1345 4161 dixit

61 4207 279 4287 βονκολεῑοθαι
302 4217 473 4265 cervarum
497 4217 630 4277 gregem
653 4203 805 4275 quamvis
828 4201 868 4262 ab
894 4201 983 4263 omni
1004 4204 1130 4276 pastore
1153 4200 1290 4264 liberam
1310 4195 1343 4272 ⁸).

104 4415 124 4479 ¹)
142 4416 181 4463 De
198 4428 262 4463 vocs
279 4417 345 4476 ἴχνος
360 4413 419 4460 vide
437 4426 540 4473 qnoque
558 4411 590 4459 ad
607 4412 650 4460 IV.
668 4413 724 4460 200.

98 4492 179 4561 ²)Vs.
200 4497 232 4543 99
250 4508 297 4555 pro
315 4501 357 4542 νοῦ
374 4493 573 4541 Valckenaorius
598 4493 662 4541 ooni.
681 4496 739 4541 τότε.
757 4518 787 4527 -
805 4492 847 4540 Vs.
867 4491 915 4540 100
937 4492 1065 4541 immerito
1088 4507 1102 4540 ο
1123 4492 1255 4541 codicibus
1272 4493 1345 4543 ABI

62 4574 208 4626 Schneider
225 4575 305 4635 ὄχθης
320 4573 427 4622 reduxit

96 4652 118 4719 ³)
136 4656 253 4703 venuste
269 4653 339 4702 idem
355 4654 464 4702 verbum
481 4652 514 4700 de
531 4652 666 4701 stellarum
683 4653 763 4700 ohoro
781 4651 918 4700 adhibetur
936 4652 978 4699 1v.
998 4652 1053 4700 176.
