3104 5296
69 444 127 502 ΙΙΙ.
155 444 330 501 isa—ias
689 441 730 498 87

69 629 198 706 ὁήμονες
219 631 251 687 Γ.
276 631 347 703 56);
373 644 448 689 cum
474 642 548 689 vero
571 627 734 701 praecedit
756 626 963 702 adieciivum,
988 640 1167 698 numquam
1193 624 1257 685 alia
1282 640 1344 685 vox

68 732 284 806 interponitur
315 731 379 791 nisi
405 729 540 805 parvula
571 728 730 803 particula
764 724 806 805 δὲ,
837 748 900 806 περ.
934 728 983 789 Ab
1014 728 1075 788 bac
1111 727 1342 789 consuetudine

68 848 132 894 non
163 833 264 893 dietat
295 831 513 893 Callimachus
543 832 598 905 qui
631 847 707 892 cum
738 832 771 891 in
802 831 934 905 hymnis
964 830 1134 891 duodecies
1165 829 1269 890 utitur
1291 829 1342 890 ad·

68 936 179 997 verbio
201 935 279 1012 μάλα
302 935 352 996 bis
376 936 504 994 tantum
529 935 667 1008 (praeter
686 935 835 994 nostrum
860 933 978 1002 locum)
1002 932 1185 1007 postposuit
1204 930 1252 991 iiii
1272 930 1343 991 voci

67 1037 108 1098 ad
136 1051 235 1111 quam
263 1037 420 1111 pertinet:
452 1036 476 1094 1.
503 1038 522 1096 5
547 1031 578 1094 ἐν
602 1033 669 1119 δοιῇ
701 1033 778 1112 pitia
811 1034 910 1113 θυμός
938 1038 972 1096 11
994 1034 1048 1095 IV.
1069 1036 1131 1095 231
1154 1029 1234 1112 ὀρθὰ
1257 1031 1357 1109 μάλα..

67 1139 175 1199 Minue
208 1139 302 1200 solite
334 1138 420 1198 dicta
443 1152 522 1197 sane
549 1138 642 1197 erant
664 1138 688 1197 Ι.
715 1140 756 1198 63
781 1132 813 1209 ὃς
837 1135 914 1214 μάλα
937 1134 978 1213 μὴ
1002 1134 1137 1213 νενίηλος
1160 1137 1193 1195 11
1216 1135 1273 1195 ΠΙ.
1299 1136 1340 1195 64

66 1241 102 1299 αἱ
133 1239 212 1317 μάλα
238 1237 340 1317 μηπέιι
362 1237 479 1314 revoat,
505 1240 562 1300 sed
590 1239 740 1313 exemplo
763 1239 926 1301 homerico
949 1239 1011 1313 ipsi
1033 1239 1147 1312 poetae
1171 1237 1232 1297 niti
1256 1237 1340 1297 vide·

65 1342 186 1403 bantur
218 1343 268 1412 (ci.
300 1357 371 1416 pag.
397 1344 439 1402 30
463 1345 497 1401 et
521 1344 591 1415 64);
622 1356 705 1415 quae
735 1357 810 1402 vero
840 1343 966 1402 restant
995 1342 1121 1414 septem
1147 1339 1341 1414 exemplaa

65 1444 163 1505 solito
198 1460 287 1505 more
319 1459 383 1504 non
414 1444 583 1505 discedunt
613 1444 649 1512 11.
677 1445 719 1505 20
750 1438 813 1519 μάλ’
850 1440 985 1521 εὔυδρος,
1016 1443 1041 1501 Ι.
1070 1441 1112 1501 85
1144 1438 1180 1501 οὐ
1208 1439 1286 1518 μάλα
1310 1434 1338 1501 δ’

65 1539 144 1621 ἴσον,
166 1547 207 1606 11.
241 1548 280 1607 77
303 1544 379 1622 μάλα
403 1545 505 1621 καλόν,
528 1545 585 1606 ΙΙΙ.
610 1545 652 1605 80
680 1544 758 1623 μάλα
782 1541 947 1623 θαρσαλέη,
969 1544 1026 1604 ΠΙ.
1054 1545 1115 1603 150
1139 1542 1217 1618 μάλα
1239 1539 1342 1622 μέγαν,

63 1649 121 1709 IV.
148 1648 211 1709 158
244 1648 321 1724 μάλα
351 1645 472 1724 πολλόν,
494 1647 547 1708 IV.
574 1649 637 1709 246
666 1647 743 1725 pita
766 1646 822 1728 γάρ
845 1668 875 1707 τε
897 1654 1003 1718 κακῶς.
1028 1645 1116 1723 Quod
1138 1660 1214 1706 cum
1237 1645 1340 1722 Video,

63 1752 167 1812 simul
198 1750 317 1811 Ulixus
344 1749 499 1810 homerici
522 1764 659 1826 memor,
684 1751 738 1824 qui
762 1751 797 1821 (ζ.
825 1750 897 1820 148)
925 1747 1142 1826 ημειλίχιοι
1164 1743 1341 1826 ιιιι1ιιερδα-

61 1848 133 1912 λέον
165 1851 241 1927 φάτο
273 1853 396 1919 μῦθον”
429 1865 492 1911 non
525 1867 659 1926 possum
691 1853 769 1925 quin
792 1852 938 1927 suspicer
957 1866 1069 1911 revera
1087 1849 1216 1911 librario
1239 1850 1339 1924 impu·

62 1956 202 2015 tandum
235 1969 306 2016 esse
338 1954 421 2026 quod
453 1956 568 2028 poetae
600 1954 731 2015 licentia
759 1955 882 2015 factum
914 1968 986 2014 esse
1021 1951 1199 2028 videbatur,
1230 1954 1264 2013 11
1293 1952 1341 2013 ita

61 2072 200 2117 versum
223 2071 296 2116 esse
319 2056 545 2129 corrigendum

288 2153 434 2240 κερδαλὲῳ
458 2160 548 2239 μυθῷ
572 2173 604 2216 σε
626 2153 685 2234 θεὴ
708 2159 869 2239 μαλακῷ
894 2176 929 2216 τε
952 2154 1097 2215 πινόσκει.

110 2259 264 2334 Superest
286 2261 322 2319 ut
345 2274 448 2333 pauca
467 2258 615 2320 dicemus
638 2259 677 2319 de
701 2259 797 2320 verbo
820 2257 1043 2318 πιιύσιιειν.
1071 2256 1164 2318 1111111
1186 2259 1273 2318 enim
1297 2273 1338 2319 ex

59 2364 176 2423 nestro
212 2377 308 2422 versu
343 2361 420 2421 licet
455 2360 689 2421 Callimachum
725 2359 757 2425 Ξ.
790 2362 853 2422 249
884 2361 919 2421 in
949 2361 1020 2421 ioco
1048 2360 1193 2422 maxime
1220 2362 1340 2421 vexato

59 2464 183 2538 legisse
207 2459 374 2539 ἕπίνιισιιει,
399 2478 482 2537 quae
506 2462 601 2523 lectio
626 2462 710 2538 apud
733 2462 934 2537 Hesychium
960 2480 1087 2538 quoque
1110 2463 1232 2525 servari
1256 2463 1338 2523 vide·

61 2569 137 2639 tur;
161 2564 200 2625 cf.
225 2580 350 2639 quoque
375 2564 578 2625 Herodianus
598 2562 664 2642 περὶ
687 2569 798 2624 παθῶν
823 2566 1055 2636 39(Lentz11.
1079 2567 1162 2636 179).
1188 2564 1338 2627 Ceterum
1464 2595 1468 2603 ·

60 2668 226 2743 praeierat
250 2682 311 2727 usu
334 2667 515 2741 praesentis
537 2665 693 2726 πινύσκειν
717 2682 774 2741 pro
797 2667 953 2726 πινύσσειν
973 2667 1156 2743 Aeschylus
1179 2668 1233 2740 qui
1253 2667 1338 2729 Pera.

61 2769 133 2829 830
160 2762 322 2843 „crucensi
349 2766 495 2847 εὐλόγοισι
518 2767 745 2846 νουθετήμασι”
770 2770 907 2830 dixerat.

111 2870 290 2932 Versu153
312 2871 408 2932 verbo
428 2869 546 2950 βάλλειν
569 2872 682 2932 eodem
702 2871 832 2945 quidem
852 2887 951 2932 sensu
971 2887 1051 2934 usus
1066 2874 1127 2948 est,
1147 2887 1244 2946 quem
1257 2872 1341 2946 apud

61 2973 246 3033 Homerum
278 2972 411 3049 obtinet,
448 2975 483 3033 at
519 2975 634 3033 contra
668 2987 765 3032 usum
797 2973 905 3048 epicee
937 2974 1086 3035 dictionis
1113 2989 1188 3035 cum
1222 2974 1342 3034 Atticis

61 3073 278 3148 scriptoribus
299 3076 331 3135 et
352 3089 399 3134 vs.
424 3076 486 3134 153
507 3076 541 3134 11
560 3089 608 3134 vs.
632 3074 694 3134 157
716 3074 799 3135 dixit
818 3073 936 3151 βάλλειν
962 3071 1026 3134 ἐπί
1045 3097 1121 3152 aava,
1143 3090 1341 3150 quemquam

62 3179 99 3237 in
120 3176 220 3237 altero
230 3191 327 3236 versu
341 3177 411 3236 suis
426 3176 532 3237 verbis
543 3176 700 3237 homerici
709 3191 823 3237 versus
832 3191 948 3238 sonum
961 3178 1112 3238 imitatus
1126 3181 1158 3239 et
1170 3192 1342 3238 numeros:

61 3278 150 3338 dixit
174 3279 263 3339 enim
289 3272 387 3354 „fluii’
414 3274 463 3337 ἐπὶ
487 3276 537 3337 καὶ
561 3278 651 3350 ταὺς”
676 3281 713 3339 ut
736 3278 900 3340 Homerus
925 3282 957 3340 T.
980 3281 1021 3340 96
1045 3273 1104 3338 ἀλλ’
1129 3276 1187 3358 όὶρα
1207 3274 1257 3338 καὶ
1279 3277 1341 3340 τόν.

62 3382 113 3440 Α1
131 3396 247 3440 versus
275 3383 336 3441 154
357 3395 421 3441 non
446 3395 563 3441 sonum
588 3381 684 3440 modo
707 3380 839 3442 Homeri
862 3382 919 3442 sed
938 3381 1009 3456 ipsa
1029 3381 1127 3442 refert
1148 3381 1246 3442 verba
1264 3395 1342 3441 nam

64 3480 121 3558 „fot
148 3480 261 3559 πρόκας
291 3477 344 3558 ἠδὲ
366 3480 523 3562 λαγωοὺς”
549 3484 681 3543 revocat
703 3483 736 3542 in
760 3485 906 3543 mentem
932 3505 959 3560 p.
989 3483 1053 3542 295
1078 3475 1164 3563 αἶγας
1188 3477 1229 3543 ἕτό
1255 3479 1342 3563 ἀγρο-

61 3582 149 3660 τέρας
172 3579 227 3660 ἠδὲ
249 3581 361 3660 πρόκας
385 3578 439 3660 ἠδὲ
462 3583 629 3664 λαγωούς”.
655 3584 828 3645 insolitum
854 3600 933 3646 sane
963 3585 1157 3647 vocabulum
1176 3586 1247 3647 erat
1268 3583 1342 3664 πρὸξ

62 3688 99 3746 11
133 3701 207 3745 eam
241 3685 347 3758 ipsam
381 3685 421 3746 ob
458 3701 591 3746 causam
628 3686 766 3747 fortasse
801 3686 990 3763 adhibebat;
1019 3704 1098 3748 num
1129 3704 1205 3749 vero
1228 3689 1339 3749 eadem

63 3786 256 3848 callimachi
276 3788 438 3847 sententia
458 3787 555 3848 fuerit
573 3804 611 3849 ac
630 3789 847 3863 praeceptoris
864 3789 1009 3850 Philotae
1028 3791 1083 3863 qui
1104 3790 1221 3862 (Etym.
1235 3790 1340 3863 Magn.

61 3906 93 3965 p.
109 3890 182 3960 689)
196 3889 349 3950 docuerat
367 3889 464 3966 πρὸξ
484 3907 525 3951 ex
544 3889 800 3969 πρωτοτόκος
821 3906 894 3951 1111
907 3894 1108 3953 contractum
1122 3907 1185 3952 non
1199 3894 1340 3966 apparet.

63 3991 218 4052 Ceterum
249 4007 323 4051 cum
356 4008 403 4053 vs.
439 3994 500 4055 156
532 3990 602 4072 ἔργα
626 3996 659 4054 11
685 3990 766 4069 φυτὰ
788 3993 873 4054 inter
897 4009 932 4054 se
955 3996 1128 4070 opponeret
1152 3993 1260 4055 docuit
1283 3994 1341 4054 ior·

61 4096 155 4152 tasse
178 4089 249 4170 ἔργα
272 4092 311 4153 de
334 4094 421 4167 agris
444 4093 541 4154 cultis
564 4095 626 4155 dici
650 4094 690 4155 ab
716 4094 868 4170 Homero,
894 4092 975 4170 φιπὰ
1004 4099 1114 4156 autem
1139 4097 1178 4157 de
1201 4095 1342 4156 arbustis

62 4192 107 4255 cf.
130 4216 151 4254 ι.
178 4195 242 4254 108

336 4293 403 4356 οὔτε
427 4298 609 4372 φυτεύουσιν
633 4295 731 4376 χερσὶν
755 4296 852 4373 φυτὸν
876 4293 933 4358 οὔτ’
960 4295 1071 4377 ἀρόωσι

62 4399 99 4458 et
121 4397 226 4472 Apoll.
251 4398 325 4458 Lex.
353 4401 403 4460 75.
417 4401 458 4460 22
483 4399 572 4476 „dccv
596 4404 691 4476 ψιλῶς
714 4397 788 4479 λέγει
811 4405 867 4471 (se.
890 4399 969 4479 ἔργα)
992 4398 1047 4479 τὴν
1070 4401 1214 4481 γεωργίαν
1233 4400 1340 4480 δηλοῑ”

63 4500 262 4565 {conteratur
285 4515 411 4574 quoque
433 4501 536 4562 nostri
559 4502 673 4575 hymni
697 4517 745 4561 vs.
773 4502 856 4571 1251.

110 4601 253 4662 Verbum
278 4601 402 4679 tepet
409 4624 527 4679 νομαι
552 4604 636 4678 apud
659 4604 837 4664 Homerum
858 4619 921 4664 non
945 4604 1117 4666 invenitur.
1142 4606 1207 4666 Nec
1229 4607 1341 4666 tamen
