3068 5288
830 437 872 496 42

216 648 315 707 quam
357 629 576 692 Callimachus
613 628 817 704 perspectam
852 625 1015 687 habehant
1044 626 1067 686 ii
1101 627 1156 701 qui
1187 628 1369 690 docuerunt
1399 630 1485 690 scho-

216 734 334 796 liaston
356 734 397 794 ad
420 733 516 793 Hom.
544 732 579 789 Φ.
603 730 780 790 441-449
804 726 874 804 ,τὸν
903 727 1068 788 Ἀπόλλωνα
1099 732 1262 807 κεκλῆσθαι
1289 730 1413 806 Νόμιον
1439 729 1484 790 διὰ

214 834 355 912 τοιαύτην
384 833 490 893 αἰτίαν.
521 831 553 891 oi
588 828 709 890 παλαιοὶ
739 828 808 901 τοὺς
838 829 961 906 λοιμούς
990 828 1019 904 ἐξ
1050 831 1230 903 Ἀπόλλωνος
1258 829 1406 909 ἐνόμιζον.
1430 842 1483 905 ττᾰς

215 933 248 996 δὲ
270 933 371 1013 λοιμὸς
394 932 425 994 ἐκ
448 943 507 994 τῶν
530 931 646 1012 ἀλόγων
670 928 799 1010 ἄρχεται,
823 927 862 1002 ὡς
892 929 943 991 καὶ
966 928 1106 1011 Ὅμηρος·
1132 931 1266 1013 ,οὐρῆας
1289 930 1345 1011 μὲν
1369 944 1483 1013 πρῶτον

214 1061 240 1098 κ.
264 1061 286 1097 τ.
309 1039 366 1097 i.”.
387 1037 449 1097 Sed
471 1035 662 1110 mythorum
685 1033 969 1108 interpretationes
991 1034 1145 1109 physicas
1167 1036 1278 1096 minus
1301 1038 1397 1098 curat
1420 1037 1482 1098 Gal-

213 1138 375 1200 limachus
399 1152 498 1212 quam
528 1136 697 1209 antiquam
721 1135 876 1195 historiae
898 1133 1006 1196 iidem.
1031 1136 1174 1197 Revocat
1200 1137 1322 1215 Νομίου
1347 1138 1401 1199 dei
1424 1139 1482 1199 cul·

213 1244 287 1301 tum
309 1241 349 1301 ad
373 1254 429 1300 eas
451 1237 600 1313 regiones
623 1237 664 1297 ad
687 1251 769 1310 quas
791 1251 866 1296 eum
889 1235 1008 1297 referre
1031 1237 1162 1299 iubebat
1184 1239 1255 1314 ipsa
1277 1241 1389 1315 gentis
1408 1256 1483 1300 suae

214 1343 348 1416 antiqua
381 1339 555 1414 memoria,
595 1339 635 1399 ad
667 1339 761 1399 sedes
791 1338 1039 1413 antiquissimas
1069 1339 1213 1414 cyrenae
1243 1340 1323 1402 deae
1353 1358 1482 1418 proavo·

213 1459 350 1519 rumque
373 1444 573 1518 Minyarum3
595 1440 694 1501 adicit
713 1455 755 1500 ex
773 1441 925 1500 accurata
940 1439 1085 1501 locorum
1105 1442 1222 1502 notitia
1240 1443 1350 1518 ipsum
1363 1444 1484 1505 iluvioli

213 1560 342 1621 nomen,
363 1545 397 1604 in
419 1544 622 1618 Pagasaeum
645 1542 754 1601 sinum
774 1539 953 1616 influentis,
979 1541 1019 1602 ad
1043 1543 1134 1602 ouius
1153 1543 1240 1617 ripas
1260 1544 1341 1605 deus
1361 1545 1483 1605 homini

213 1647 433 1707 ministerium
452 1643 656 1721 praestitisse
676 1641 851 1717 dicebatur,
872 1642 1009 1717 denique
1028 1659 1128 1718 equas
1151 1659 1215 1704 non
1234 1645 1336 1706 boves
1355 1647 1483 1722 pavisse

213 1749 310 1810 deum
333 1749 496 1808 memorat
518 1761 582 1821 quo
604 1744 712 1820 magis
733 1744 869 1804 Homeri
886 1759 1012 1819 quoque
1032 1747 1225 1808 auctoritate
1244 1748 1306 1808 niti
1325 1750 1482 1824 videatur,

213 1852 268 1925 qui
292 1851 330 1911 de
353 1848 480 1910 Eumeli
504 1847 595 1922 equis
618 1845 845 1906 testimonium
869 1845 990 1906 tulerat
1016 1848 1044 1905 Β.
1069 1849 1148 1908 766:

433 1947 484 2020 τὰς
509 1947 540 2008 ἐν
564 1945 671 2030 Πτερίη
694 1940 782 2024 θρέψ’
809 1942 1005 2025 ἀργυρότοξος
1030 1946 1176 2008 Ἀπόλλων

433 2047 524 2128 ἄμφω
546 2047 679 2126 θηλείας.
705 2041 726 2118 ¹)

257 2153 368 2228 Ipsam
392 2151 538 2227 Cyrenen
562 2150 742 2225 nympham
766 2148 886 2209 diserte
909 2148 950 2210 ad
968 2150 1110 2225 priscam
1127 2155 1267 2230 patriam
1287 2156 1410 2217 referre
1430 2157 1481 2216 vix

212 2270 293 2330 opus
316 2256 400 2329 erat,
425 2269 502 2314 nam
526 2252 565 2312 de
589 2267 627 2313 ea
645 2250 790 2326 plerique
809 2252 1068 2329 consentiebant,
1089 2259 1186 2329 atque
1204 2256 1370 2331 imprimis
1390 2258 1482 2333 longa

212 2358 245 2416 et
268 2355 452 2416 clarissima
482 2354 617 2415 extabat
639 2353 769 2414 Pindari
791 2353 944 2413 narratio.
968 2354 1138 2430 Hypseum
1161 2359 1289 2433 patrem
1311 2359 1343 2418 ei
1366 2360 1481 2420 addicit

211 2459 322 2518 noster
351 2450 383 2534 ²),
415 2459 448 2518 et
479 2471 608 2517 amores
638 2455 803 2530 nymphae
834 2455 966 2529 vimque
997 2456 1141 2518 validam
1170 2458 1256 2519 haud
1283 2460 1357 2521 sine
1380 2462 1480 2535 gratia

212 2574 379 2634 exponens
413 2574 488 2619 oum
522 2556 671 2633 Apolline
705 2557 835 2633 Nomio,
867 2558 904 2617 ut
935 2573 993 2632 par
1023 2561 1106 2635 erat,
1139 2561 1326 2622 arctissimo
1354 2563 1478 2623 vinculo

212 2661 379 2736 coniungit
398 2677 472 2721 eam
492 2661 533 2720 Π.
548 2659 689 2720 90-95.
710 2659 842 2733 Hymno
859 2660 956 2720 tertio
972 2675 1047 2721 eam
1066 2662 1227 2722 Artemidi
1245 2664 1369 2724 sociam
1389 2667 1478 2738 atque

211 2763 353 2823 amicam
384 2763 487 2837 addit,
519 2763 566 2822 ita
596 2763 708 2822 tamen
735 2763 774 2821 ut
796 2760 849 2821 hic
871 2775 997 2834 quoque
1020 2777 1095 2822 cum
1119 2763 1301 2838 Minyarum
1325 2767 1424 2840 gente
1446 2780 1477 2826 ac

211 2864 342 2925 sedibus
365 2880 439 2925 eam
464 2864 639 2938 coniungat
663 2862 731 2932 (III.
755 2863 848 2932 206);

436 2962 505 3041 ,καὶ
528 2962 587 3041 μὴν
612 2963 757 3042 Κυρήνην
780 2961 949 3041 ἕταρίσσαο,
972 2975 1007 3049 τῇ
1029 2960 1090 3025 ποτ’
1117 2964 1229 3039 ἔδωκας

432 3066 508 3144 αύτὴ
532 3071 685 3146 θηρητῆρε
708 3065 771 3127 δύο
794 3066 881 3140 κύνε,
904 3071 964 3139 τοῖς
988 3065 1032 3127 ἔνι
1055 3067 1150 3147 κούρη

427 3163 536 3248 ‘Thyle
556 3165 638 3246 παρὰ
660 3167 775 3247 τύμβον
794 3163 927 3228 ’loturos
950 3163 1050 3249 ἕμμορ’
1076 3166 1221 3247 etaim,

211 3270 328 3344 quibus
351 3270 500 3332 versibus
531 3273 606 3332 ante
637 3271 716 3332 Iolci
738 3273 849 3346 portas
877 3269 967 3349 (nam
995 3273 1039 3332 ibi
1061 3272 1170 3335 Peliae
1192 3274 1359 3336 tumulum
1382 3277 1476 3337 husse

210 3373 392 3447 putandum
423 3375 485 3445 est)
512 3389 588 3435 eum
612 3373 895 3452 collocationum,
918 3390 982 3449 quo
1006 3375 1151 3450 nympha
1173 3389 1285 3437 amore
1307 3377 1475 3453 Apollinis,

243 3659 263 3729 ¹)
280 3665 403 3714 Eiusdem
421 3667 547 3727 Apollinis
563 3667 681 3716 Thessali
699 3668 778 3716 alium
795 3669 893 3717 onltnm
912 3674 1037 3717 memorat
1052 3671 1082 3718 ir.
1093 3669 1165 3733 didi,
1178 3684 1272 3732 nempe
1286 3671 1355 3719 Aotii
1368 3672 1478 3720 adonius

210 3744 335 3805 templum
360 3745 454 3794 iseum
480 3759 536 3795 esse
559 3748 628 3808 Argo
650 3760 742 3796 navem
764 3748 852 3806 docet3
878 3748 946 3796 unde
970 3750 1032 3798 urbs
1051 3751 1165 3810 Pagasae
1187 3750 1256 3798 diota
1273 3754 1321 3798 est
1341 3751 1381 3800 Oi.
1399 3751 1477 3813 Apoll.

210 3823 291 3872 Rhod.
308 3824 328 3872 Ι.
347 3826 404 3873 408.
422 3826 478 3874 2³8.

244 3897 264 3966 ¹)
279 3903 369 3964 Neque
386 3904 488 3952 dubitat
504 3904 536 3953 de
554 3905 610 3952 eins
626 3906 789 3969 genealogia,
806 3907 846 3956 bis
863 3907 931 3956 enim
946 3910 1048 3970 'rupida
1065 3923 1120 3957 eam
1139 3909 1217 3971 dixit,
1233 3906 1283 3957 111.
1302 3910 1366 3972 ποθ,
1384 3910 1418 3958 IL
1437 3912 1478 3964 ⁹²5

210 3994 337 4041 nusquam
361 3984 438 4030 Penei
461 3984 554 4042 illlam,
578 3985 648 4044 qnod
665 3985 821 4034 monendum
839 3987 941 4035 videtur
958 3990 1078 4048 quonism
1097 3990 1223 4037 Macestus
1240 3986 1362 4053 (Orpheus
1379 4003 1405 4050 p.
1423 3989 1478 4051 iii)

210 4060 242 4108 do
260 4061 377 4110 Philetas
394 4060 508 4110 Aristaeo
525 4063 607 4110 mults
624 4065 722 4112 incerto
739 4067 886 4125 proferens,
904 4068 1035 4116 contendit
1052 4070 1129 4117 verbs
1146 4069 1241 4130 quihus
1253 4069 1353 4117 Latona
1368 4070 1478 4118 Peneum

209 4139 349 4200 alloquitur
372 4141 495 4190 ou1.1v.
520 4155 556 4189 vs.
583 4144 630 4190 152
656 4147 772 4208 ,χάριτος
794 4145 819 4191 δι’
841 4161 876 4192 τοι
902 4147 974 4193 iocur·
999 4145 1110 4211 dporpffl,
1127 4151 1244 4209 spectare
1262 4148 1423 4204 Aristaeum,
1438 4149 1479 4210 qni

209 4219 309 4267 scilicet
324 4220 351 4267 ln
369 4221 484 4269 Philetas
501 4223 614 4270 ommino
631 4223 726 4271 amisso
743 4223 829 4271 dietus
845 4228 915 4272 esset
932 4228 1009 4273 natus
1022 4240 1079 4275 ssso
1097 4227 1207 4289 Ογτοαι,
1221 4228 1301 4275 Penei
1314 4228 1381 4276 fllia:
1400 4228 1480 4286 ,leiti

208 4298 304 4347 erkldrt
323 4300 375 4348 eici
396 4300 441 4350 das
463 4300 670 4351 kalhmciles'sche
696 4301 776 4351 Zitair
803 4302 876 4352 Letoa
900 4304 993 4352 damah
1014 4303 1129 4369 pedorum
1148 4305 1213 4354 Solu
1234 4306 1298 4355 vird
1317 4306 1358 4356 die
1384 4307 1479 4357 rochia

208 4377 250 4427 des
276 4378 389 4437 Pueros,
416 4379 457 4428 dis
481 4380 589 4444 Nympho
608 4381 717 4445 Kyrene,
746 4381 791 4431 mii
815 4382 895 4431 seim
915 4381 986 4431 Ls'ebe
1008 4382 1147 4448 beyldatm
1171 4382 1294 4433 Ariandos
1315 4385 1350 4434 isi
1372 4385 1479 4436 wide

209 4457 318 4507 Peneios'
347 4459 392 4508 soie
421 4459 494 4509 Letoa
524 4459 627 4509 ΜΛΝ
653 4463 717 4520 Quis
742 4463 843 4526 eredat,
872 4464 983 4512 eundem
1008 4468 1125 4527 postam,
1149 4465 1194 4526 qui
1219 4465 1276 4527 ipss
1299 4466 1418 4524 (lyrsnen
1443 4468 1479 4515 bis

204 4527 307 4599 ’ϊψηίδα
329 4539 404 4596 dixit,
429 4540 465 4586 ita
483 4540 560 4587 tacite
586 4541 635 4589 hoo
661 4541 717 4589 looo
742 4543 848 4591 mouere
873 4545 900 4592 in
922 4545 998 4593 sliam
1021 4545 1215 4606 genealogiam?
1233 4546 1297 4594 Nam
1315 4545 1349 4594 do
1368 4548 1478 4606 Oyrenm

209 4618 308 4680 origine
326 4631 358 4668 ex
375 4616 461 4668 Peneo
477 4632 510 4669 ns
527 4619 635 4669 verbnm
653 4622 756 4682 quidem
775 4623 854 4671 addit
