3068 5294
57 478 99 537 H.
127 478 260 536 78-82
537 520 539 523 -
664 482 727 541 213

58 679 147 739 nem,
183 663 417 738 significatione
447 667 558 727 tamen
588 667 793 741 aliquantum
824 667 863 729 ab
895 669 1031 743 antiquo
1052 669 1153 745 epioo
1166 673 1227 731 usu
1245 676 1336 732 'rece'

59 766 108 827 dit
150 766 334 840 utrumque.
379 768 535 829 Adhibuit
567 772 677 829 noster
712 770 792 830 haec
829 770 984 831 vocabula
1017 774 1055 832 ut
1091 788 1190 846 quarn
1225 767 1337 848 posset

60 871 281 931 sanctissimis
304 870 490 931 nominibus
513 871 627 930 aedem
651 870 836 944 festumque
860 873 911 932 dei
943 873 994 933 sui
1018 871 1225 948 significaret.
1252 873 1335 935 Nam

61 969 229 1051 ἀνάκτορον
249 973 324 1034 licet
344 973 383 1034 de
408 972 522 1045 quovis
541 972 663 1047 templo
690 973 730 1033 ab
754 975 897 1047 antiquis
921 976 1131 1050 scriptoribus
1155 976 1282 1038 dicatur
1307 979 1339 1037 et

60 1076 129 1135 iam
164 1090 221 1149 per
251 1074 287 1136 se
312 1075 520 1149 aptissimum
544 1075 588 1134 sit
612 1074 652 1134 ad
676 1076 789 1137 aedem
816 1076 1021 1136 indicandam
1044 1077 1163 1138 Phoebi
1186 1078 1241 1151 qui
1255 1079 1338 1139 ⁴iude

63 1178 104 1238 ab
142 1177 277 1238 Homeri
309 1175 510 1251 temporibus
541 1190 617 1250 prae
641 1177 758 1237 ceteris
786 1172 861 1249 ι’ίνιιξ
886 1179 1064 1253 nuncupari
1092 1180 1227 1256 solebat,
1251 1177 1338 1255 praess

60 1279 178 1339 sertim
213 1280 324 1338 tamen
354 1278 476 1339 indicat
503 1278 723 1338 sanctuarium
752 1275 925 1357 (μέλαθρον)
949 1280 1019 1340 sive
1042 1280 1244 1341 Eleusiniam
1268 1282 1339 1342 sive

61 1380 254 1456 Delphicum
274 1380 325 1450 (cf.
339 1379 480 1454 Hesych.
493 1380 512 1439 l.
524 1395 549 1438 v.
575 1375 760 1458 ἀνάκτορον).
779 1380 888 1440 Etiam
911 1381 1176 1461 τελεσφορίην
1196 1384 1229 1443 ni
1247 1384 1340 1444 fallor

61 1498 126 1542 non
150 1482 189 1542 de
208 1481 378 1557 quibusvis
397 1482 499 1542 sacris
520 1481 621 1555 accipi
646 1480 749 1541 voluit
769 1484 874 1556 poeta.
897 1476 1026 1555 H'ymno
1045 1482 1099 1544 Vl.
1116 1485 1179 1545 130
1202 1485 1340 1546 initiatae

60 1580 254 1663 τελεαφορέιις
278 1582 443 1658 appellans
467 1583 674 1644 coniunxisse
699 1583 933 1645 videturhauo
957 1599 1070 1645 vocem
1094 1600 1169 1645 cum
1192 1586 1337 1646 substan·

61 1687 131 1746 tivo
153 1683 260 1762 τελετὴ,
283 1684 460 1758 eodemque
483 1685 578 1745 modo
602 1686 634 1744 in
659 1685 819 1760 Apollonii
844 1685 1065 1763 Arponeulieia
1086 1687 1118 1756 (I.
1133 1689 1209 1757 917)
1231 1684 1340 1766 ἀγαναὶ

62 1786 247 1867 τελεοφορίοιι
275 1787 484 1848 sanctissima
506 1786 649 1847 iudicant
674 1786 902 1848 Samothraces
921 1788 1097 1863 mysteria;
1123 1805 1208 1850 nunc
1228 1791 1339 1850 autem

62 1889 186 1951 festum
221 1888 390 1964 Apollinis,
423 1891 462 1950 ut
496 1904 595 1963 quam
630 1889 792 1949 altissimo
821 1889 952 1949 nomine
984 1891 1123 1966 ornaret,
1148 1889 1340 1968 τελεσφορίην

62 1992 146 2051 dixit
168 1994 289 2066 noster,
314 1992 376 2051 etsi
399 1991 438 2051 de
461 1991 597 2066 propriis
630 1991 796 2065 mysteriis
820 2006 1013 2051 sermonen
1039 1994 1098 2052 est.
1126 2026 1165 2035 -
1184 1991 1338 2053 Tandem

62 2108 179 2154 moneo
216 2096 303 2164 (uam
338 2093 377 2152 de
414 2107 510 2153 versu
547 2092 588 2153 79
621 2092 661 2152 ad
688 2091 919 2152 Schneiderum
943 2091 1062 2153 referre
1086 2107 1186 2166 quam
1205 2093 1275 2167 lpse
1296 2093 1340 2152 ln·

62 2197 153 2256 certa
188 2209 336 2269 promere
373 2193 496 2264 malim)
531 2195 565 2254 in
600 2194 758 2254 adiectivo
793 2191 1004 2272 ἐπετήσιος
1039 2195 1164 2269 epicam
1200 2196 1340 2255 formam

64 2296 198 2371 vulgato
233 2291 359 2366 ἐπέτειος
390 2295 582 2370 praetulisse
614 2297 754 2371 poetam,
786 2311 845 2356 neo
876 2297 987 2356 tamen
1006 2295 1155 2358 ‘fideliter
1188 2311 1339 2358 servasse

61 2398 199 2460 Homeri
227 2397 426 2474 exemplum,
450 2412 527 2457 nam
553 2419 580 2475 η.
606 2398 668 2457 118
692 2393 843 2474 ἐπετήσιος
861 2398 1010 2473 φαντασία
1033 2400 1093 2460 est.

108 2602 166 2663 Vs.
204 2602 257 2663 80.
316 2598 345 2677 ἰὴ
370 2598 400 2677 ἰὴ
424 2603 551 2677 Καρνεῖε
573 2599 736 2677 πολύλλιιε,
759 2604 819 2659 σεῖο
843 2595 876 2659 il
899 2597 995 2678 βωμοί

313 2698 411 2762 ίίνθεα
434 2698 488 2779 μέν
511 2699 674 2781 φορέουσιν
698 2699 729 2762 έν
753 2701 839 2781 εἴαρι,
860 2701 950 2762 τόσσα
972 2724 1026 2782 περ
1051 2694 1126 2782 ὧραι

312 2798 417 2863 ποικίλ’
442 2800 576 2882 ἄγινεῦσι
600 2801 741 2882 Ζεφύρου
764 2802 918 2876 πνείοντος
942 2801 1056 2884 ἐέρσην,

311 2903 422 2983 χείματι
446 2900 479 2964 δὲ
500 2903 610 2984 κρόκον
632 2899 720 2982 ἡδύν·
744 2900 790 2963 ἀεί
813 2900 846 2963 δέ
868 2927 913 2965 τοι
936 2902 1047 2966 ἀέναον
1070 2914 1141 2985 πῦρ,

312 3003 384 3067 οὐδέ
406 3027 476 3066 ποτε
498 3004 602 3085 χθιζὸν
624 3004 828 3085 περιβόσκεναι
852 3001 993 3084 έίνθρατιοι
1017 3003 1118 3087 τέφρη.

111 3110 270 3187 Quoniam
293 3110 331 3169 de
351 3108 509 3169 adieetivo
529 3107 700 3178 πολύλιπος
721 3108 789 3168 iam
801 3108 851 3181 egi
864 3123 935 3182 pag.
951 3109 1025 3185 198,
1038 3111 1071 3170 et
1090 3107 1243 3183 τόσσον,
1263 3109 1340 3170 rela·

63 3214 127 3274 tivi
148 3212 218 3272 loce
240 3213 310 3271 tam
334 3211 385 3271 hic
408 3225 507 3284 quam
532 3226 579 3271 vs,
598 3211 639 3269 94
661 3211 851 3285 adhibitum,
873 3210 977 3270 notari
999 3212 1080 3271 satis
1102 3212 1162 3288 est,
1183 3227 1342 3287 perpauca

63 3316 203 3389 restant,
227 3328 310 3388 quae
334 3313 373 3373 de
396 3313 486 3387 epioa
509 3312 606 3372 huius
629 3313 730 3386 partis
755 3312 894 3372 dictione
920 3314 1080 3375 monenda
1103 3313 1263 3375 videntur.
1285 3313 1341 3373 Re·

65 3419 178 3478 motus
198 3415 238 3475 ab
259 3415 391 3475 Homeri
410 3428 559 3474 sermone
580 3414 631 3473 est
650 3429 700 3473 ve.
714 3413 755 3472 81
779 3413 867 3473 verbi
888 3411 1053 3492 φορέειν
1072 3430 1163 3476 usus.
1180 3415 1343 3475 Homerus

65 3518 154 3579 enim
178 3519 249 3577 tam
272 3513 373 3592 φέρειν
397 3529 496 3590 quam
520 3510 640 3592 φορέειν
666 3519 813 3587 (quorum
837 3514 897 3575 hoc
920 3517 1046 3588 gratius
1069 3520 1121 3577 est
1145 3516 1342 3578 Callimacho

64 3634 165 3694 quam
189 3618 278 3689 illud)
299 3619 356 3679 aut
384 3618 423 3678 de
447 3617 498 3677 die
521 3616 748 3677 hominibusve
768 3617 868 3689 atque
893 3617 1089 3678 animalibus
1113 3618 1200 3694 dicit,
1225 3619 1280 3692 qui
1303 3619 1343 3678 ad

64 3721 261 3798 portandum
285 3721 371 3780 vires
395 3718 561 3779 intendere
586 3719 733 3793 possunt,
757 3719 815 3777 aut
841 3718 870 3776 si
893 3718 1051 3780 translate
1076 3720 1235 3780 derebus
1258 3719 1343 3780 adhi-

65 3826 132 3900 bet,
163 3824 234 3883 sive
268 3821 448 3897 proferendi
483 3819 553 3880 sive
588 3819 739 3880 movendi
771 3819 839 3878 virn
872 3820 968 3881 verbo
1001 3822 1131 3898 tribuit;
1164 3838 1201 3883 eo
1233 3823 1344 3882 autem

64 3942 166 3988 sensu
198 3941 262 4000 quo
292 3926 403 3985 noster
432 3918 552 3999 φορέειν
582 3937 667 3983 nunc
700 3922 792 3997 dixit,
825 3900 988 3983 Homerus
1012 3923 1185 3984 maluisset
1209 3923 1344 3984 verbum

64 4026 150 4107 ἔχειν.
170 4027 282 4100 Neque
302 4026 409 4100 magis
429 4040 504 4085 oum
526 4025 661 4097 antiqua
680 4025 805 4084 ratione
826 4023 977 4098 loquendi
996 4025 1147 4085 convenit
1163 4041 1243 4085 usus
1256 4025 1345 4086 verbi

65 4127 180 4211 ἀγινέ
187 4150 248 4189 ειν
265 4143 363 4203 quem
387 4128 536 4188 videmus
561 4143 608 4188 vs,
632 4128 674 4187 82
695 4122 802 4197 (ἄνθεα
824 4123 972 4205 ἀγινὲειν),
994 4126 1045 4186 cui
1064 4142 1180 4200 parum
1200 4128 1262 4187 erit
1273 4127 1344 4186 sub·

66 4233 142 4294 sidii
164 4233 199 4292 in
226 4230 296 4291 loco
317 4229 356 4287 li.
383 4230 445 4290 784
470 4226 601 4308 (ἀγίνεον
625 4225 752 4288 ἄσπετον
776 4226 873 4306 ὕλην).
897 4228 1012 4288 Nescio
1033 4243 1074 4288 an
1098 4232 1193 4303 poeta
1216 4230 1263 4289 ita
1285 4229 1346 4289 hoc

66 4334 205 4396 verbum
225 4331 382 4393 adhibens
400 4331 598 4407 spectaverit
617 4331 731 4405 hymni
752 4330 907 4390 homerici
926 4329 961 4388 ιἰι
973 4325 1075 4405 Apoll.
1098 4346 1145 4390 vs.
1160 4333 1202 4391 bb
1215 4327 1345 4409 (ἅνθρω-

64 4435 122 4497 ποί
148 4456 195 4495 τοι
223 4433 331 4505 πάντες
354 4426 527 4514 ἀγινήσοοσ
549 4430 735 4511 ἑκατόμβας),
760 4447 959 4506 quamquam
983 4432 1186 4505 aliquantum
1209 4432 1346 4493 interest

65 4538 151 4598 inter
174 4538 347 4609 utramque
370 4535 562 4609 dictionem;
587 4537 673 4596 certe
696 4549 760 4596 non
784 4534 932 4608 deposuit
955 4533 1200 4594 homerioorum
1224 4549 1345 4594 memo·

70 4638 165 4700 riam
201 4636 290 4715 Quod
324 4651 388 4698 non
422 4637 590 4711 tantopere
621 4635 789 4713 contendo,
821 4634 896 4708 quia
925 4637 1002 4710 puto
1026 4649 1220 4711 personasse
1243 4634 1347 4696 nostri
