3068 5294
59 443 119 505 [V.
145 446 322 507 alo-316
679 445 741 506 189

59 652 115 691 τον
140 629 172 691 οἱ
191 634 356 708 Ἀθηναῖοι,
382 627 417 689 τὰ
440 626 494 708 μὲν
516 627 628 691 παλαιόι
647 637 706 690 τῶν
726 629 823 702 ξύλων
846 626 1053 708 ὑφαιροῦντες,
1075 624 1148 688 όίλλα
1171 624 1204 688 δὲ
1228 625 1334 708 ἐμβόλ-

60 737 165 804 λοντες
195 730 299 811 ἰσχυρὰ
329 729 380 792 καί
403 731 627 811 συμπηγνύντες
651 730 744 802 οὕτως
768 730 841 791 ὥστε
864 728 920 796 καί,
936 735 996 802 τοῖς
1020 730 1196 809 φιλοσόφοις
1220 731 1260 804 είς
1283 731 1336 792 τὸν

61 833 272 911 αὐξανόμενον
294 833 384 914 λόγον
407 831 668 912 ἀμφιδοξούμενον
699 831 886 913 παράδειγμα
910 829 941 891 τὸ
965 835 1069 893 πλοῖον
1095 825 1181 911 εἶναι,
1201 842 1260 893 τῶν
1282 829 1336 899 μέν

63 933 105 1007 ὡς
129 934 162 995 τὸ
185 934 257 995 αὐτὸ
281 944 340 995 τῶν
364 931 396 995 δὲ
419 932 458 1006 ὡς
482 933 519 995 ού
542 933 574 995 τὸ
598 933 671 996 αὐτὸ
695 932 830 1012 διαμένοι
853 934 1029 1014 λεγόντων”.
1056 936 1159 1013 Quare
1183 938 1338 999 Demetrii

62 1038 236 1113 praecipue
267 1041 359 1099 aetas
390 1040 600 1114 memoratur,
633 1054 707 1098 curn
740 1039 840 1098 etiarn
871 1039 944 1113 post
967 1053 1042 1097 eum
1066 1038 1221 1111 reliquiae
1244 1041 1338 1101 navis

63 1140 317 1200 adservarentur
347 1139 508 1199 Athenis?
540 1139 652 1200 Nonne
684 1140 760 1212 quia
788 1139 963 1199 Phalereus
987 1139 1054 1212 ipse
1078 1139 1175 1199 huius
1201 1141 1246 1201 rei
1277 1141 1339 1202 fuit

61 1243 202 1301 auctor?
237 1241 328 1302 Certe
360 1240 495 1300 minime
530 1241 660 1301 obstant
694 1241 752 1301 tali
784 1242 987 1301 coniecturae
1024 1241 1140 1301 ultima
1174 1242 1337 1303 Plutarchi

65 1344 182 1403 verba:
207 1344 304 1403 sicuti
316 1345 404 1403 enim
426 1344 556 1417 saepius
584 1344 785 1418 peripatetici
813 1343 1000 1403 Aristotelis
1022 1344 1210 1417 exemplum
1235 1345 1339 1405 secuti

61 1447 209 1520 priorum
232 1445 493 1519 philosophorum
517 1446 726 1519 syllogismos
750 1448 782 1506 et
809 1446 927 1505 referre
952 1447 985 1505 et
1009 1446 1154 1507 refellere
1180 1445 1336 1522 solebant,

46 1548 112 1610 ‚ita
135 1546 167 1606 id
190 1547 298 1620 ipsum
321 1547 523 1608 Demetrium
546 1563 672 1623 quoque
699 1548 737 1608 de
757 1547 914 1608 Theseide
937 1550 1089 1621 agentem
1113 1548 1229 1608 fecisse
1253 1548 1337 1608 haud

62 1647 276 1722 improbabile
311 1650 372 1709 est.
408 1648 559 1710 Ceterum
593 1651 622 1710 si
658 1651 744 1711 recte
776 1651 961 1725 suspicatus
992 1664 1076 1726 sum,
1109 1650 1246 1710 duorum
1277 1651 1338 1710 hoc

61 1750 135 1810 loco
158 1750 441 1824 peripateticorum
465 1751 611 1813 doctrina
633 1752 667 1812 in
698 1766 800 1812 unum
824 1752 979 1825 congesta
1001 1753 1053 1812 est
1079 1752 1150 1813 sive
1173 1767 1193 1812 a
1215 1751 1337 1811 Plutar-

60 1853 125 1913 cho
160 1853 230 1912 sive
263 1853 303 1912 ab
337 1855 468 1914 auctore
499 1868 596 1926 quem
629 1855 680 1914 hic
715 1853 872 1930 sequitur,
907 1867 990 1926 quae
1024 1854 1111 1914 enim
1143 1853 1338 1928 praecedunt

57 1953 271 2029 suppeditata
296 1955 443 2017 ridentur
466 1971 486 2017 a
509 1956 713 2018 Dicaearcho.
740 1955 894 2018 or.P1ut.
922 1955 1006 2017 ibae.
1031 1973 1058 2019 c.
1084 1957 1135 2017 21.

109 2157 168 2218 Vs.
193 2160 267 2219 316.
314 2157 441 2237 Ἀστερίη
463 2159 622 2238 πολόβοηιε
644 2158 807 2236 πολύλλιτε,
828 2159 870 2231 τίς
894 2156 927 2219 δέ
950 2174 981 2219 σε
1004 2159 1115 2238 ναύτης

313 2257 441 2340 ἔμπορος
464 2259 602 2341 Αίγαίοιο
625 2260 783 2340 παρήλυθε
805 2257 855 2338 νηί
878 2261 1010 2345 θεούσης

253 2429 255 2433 ,
314 2360 368 2441 οὐχ
391 2361 468 2423 σύτο)
492 2362 612 2443 μεγάλοι
635 2385 686 2442 μιν
709 2360 912 2423 ἐπιπνείουσιν
935 2360 1032 2441 ἀῆται,

311 2462 396 2542 χρειὼ
421 2457 451 2524 δ’
478 2462 536 2525 ὅττι
560 2465 693 2544 τάχιστον
717 2461 780 2545 ύγει
803 2463 906 2539 πλόον,
930 2461 1003 2524 ἀλλὰ
1029 2461 1066 2524 τὰ
1087 2464 1181 2542 λαίφη

189 2566 276 2625 320·
312 2561 398 2638 ὠκέες
422 2562 584 2626 ἐστείλαντο
607 2564 657 2625 καί
680 2564 716 2626 οὐ
739 2564 829 2624 πάλιν
852 2556 935 2637 αὖτις
958 2564 1070 2644 ἔβησαν

311 2664 382 2746 πρίν
405 2663 497 2746 μέγαν
520 2664 540 2746 ἢ
563 2665 611 2728 σέο
635 2665 739 2746 βωμὸν
761 2665 821 2726 ὑπὸ
844 2671 991 2751 πληγῇσιν
1014 2665 1104 2741 έλίξαι

311 2766 495 2847 όησσόμενον
519 2766 569 2828 καί
591 2765 723 2847 πρέμνον
747 2764 908 2828 όόαιιτύσαι
931 2764 1023 2848 ἁγνὸν
1051 2767 1150 2849 ἐλαίης

312 2874 409 2950 χεῖρας
431 2867 675 2950 ἀποστρέψαντας
698 2866 718 2929 ἃ
741 2867 854 2948 Δηλιὰς
876 2869 976 2948 εὕρετο
998 2871 1104 2949 νύμφη

312 2971 437 3052 παίγνια
459 2973 625 3051 κουρίζοντι
649 2969 700 3032 καὶ
722 2971 881 3032 Ἀπόλλωνι
904 2973 1055 3053 γελαστόν.

190 3076 254 3135 325
312 3074 388 3153 ίστίη
413 3066 436 3134 ὦ
459 3074 561 3153 νήσων
584 3072 693 3136 εύέστιε
716 3079 797 3154 χαῖρε
820 3070 873 3152 μὲν
897 3072 984 3153 αὐτὴ,

311 3177 407 3256 χαίροι
430 3171 461 3236 δ’
489 3176 635 3238 Ἀπόλλων
657 3197 687 3236 τε
709 3173 759 3235 ιιαί
781 3171 821 3252 ἣν
845 3173 1001 3254 έλοχεύσαο
1025 3177 1115 3254 Λητώ
1142 3173 1173 3250 ¹).

109 3280 224 3340 Finem
259 3280 381 3353 hymno
415 3280 628 3354 impositurus
659 3279 698 3339 ad
721 3278 872 3339 altiorem
897 3295 1080 3341 sermonem
1105 3282 1209 3343 denuo
1233 3283 1338 3357 surgit

59 3384 161 3457 poeta
181 3381 376 3442 obscuritate
396 3397 449 3442 res
468 3381 664 3441 enarrandas
684 3379 863 3441 involvens.
885 3381 1065 3441 Dictionem
1090 3385 1200 3444 autem
1232 3385 1338 3445 solam

60 3498 129 3543 non
167 3498 220 3543 res
250 3483 338 3557 ipsas
368 3484 521 3544 tractanti
545 3483 657 3557 paucis
680 3482 719 3542 de
742 3482 793 3541 his
817 3482 984 3542 absolvere
1007 3483 1092 3544 licet.
1117 3485 1200 3545 Nam
1225 3486 1264 3546 de
1287 3487 1337 3546 ad·

62 3584 194 3645 iectivis
228 3599 248 3644 s
278 3587 365 3644 πολυ·
397 3585 595 3645 ordientibus
625 3584 754 3658 saepius
786 3585 937 3659 vidimus,
969 3586 1021 3645 hic
1048 3585 1079 3644 id
1111 3588 1240 3646 tantum
1265 3587 1338 3647 addi

62 3687 184 3761 potest,
216 3686 248 3746 in
272 3686 430 3746 adiectivo
453 3684 692 3757 πολύλλιιος
715 3685 799 3758 quod
822 3686 941 3746 iterum
963 3687 1094 3748 adhibet
1112 3689 1153 3749 li.
1168 3689 1210 3748 80
1230 3689 1338 3749 home·

63 3788 170 3846 ricum
194 3786 386 3847 πολύλλιστον
409 3787 493 3847 haud
518 3789 565 3848 ita
588 3787 674 3848 male
699 3789 861 3847 variatum
885 3803 968 3849 esse.
993 3788 1111 3850 Poetae
1135 3791 1223 3849 enim
1247 3791 1336 3862 hym·

64 3903 182 3949 norum
205 3888 241 3947 tn
263 3889 361 3964 Apelt.
376 3905 423 3951 vs.
437 3891 519 3965 347;
543 3887 607 3950 Cer.
626 3889 667 3949 28
693 3889 815 3963 templa
838 3889 987 3950 dixerant
1011 3889 1104 3967 νηοὺς
1127 3889 1337 3961 πολυλλίσιους

65 4006 130 4050 non
165 3992 314 4051 accurate
349 3992 529 4051 Homerum
564 3991 678 4067 secuti,
713 3992 768 4064 qui
802 3991 923 4051 flumen
955 3990 1115 4067 schedae,
1147 3992 1199 4053 vel
1230 3992 1337 4067 potius

65 4092 164 4152 deum
195 4091 371 4168 fiuvialem,
402 4092 449 4152 ita
472 4092 653 4152 salutatum
674 4092 714 4153 ab
727 4091 823 4153 Ulixe
847 4092 984 4153 feceret:
1012 4092 1224 4168 ,πολύλλιστον
1249 4091 1281 4154 δέ
1304 4089 1333 4153 α’

70 4229 286 4238 -—-—--—-—-

101 4299 121 4367 ¹)
138 4303 290 4363 Elegantem
307 4303 493 4351 Wilemowitzii
510 4303 715 4351 emendationem
729 4303 840 4363 praetuli
853 4303 974 4350 Metuelrii
983 4303 1145 4350 coniecturae
1155 4305 1185 4362 „i
1194 4303 1232 4364 σφ’
1245 4306 1336 4363 diopet-

63 4383 148 4431 τιναῆ
174 4382 319 4430 Admodum
344 4382 434 4429 infelix
459 4383 560 4430 videtur
586 4383 654 4443 quod
673 4382 844 4430 Schneiderus
862 4384 995 4442 proposuit
1014 4385 1027 4442 il
1044 4384 1208 4443 ’νιλοχιύσαιο
1225 4383 1287 4430 linet
1303 4383 1336 4429 ed

63 4463 183 4510 codicum
201 4463 337 4510 lectionem
357 4463 383 4523 ἢν
400 4467 540 4523 λλοχιύσαιο
551 4464 666 4523 proxime
684 4462 797 4509 accedet.
816 4462 937 4522 Speciosa
955 4462 1024 4510 idem
1040 4462 1215 4512 Wilamonritz.
1231 4475 1268 4510 vs.
1287 4464 1335 4510 aab

63 4555 113 4604 pro
129 4543 211 4604 μέγαν,
229 4542 299 4602 quod
316 4541 429 4602 languet,
447 4543 530 4607 κεραὸν
546 4543 694 4602 proposuit;
714 4543 840 4589 incertum
858 4544 944 4588 tumen
961 4542 1094 4589 inventum
1112 4545 1152 4590 est
1165 4544 1207 4589 cui
1224 4543 1286 4590 nihil
1298 4545 1338 4591 est

64 4621 175 4670 subsidii
193 4624 218 4669 in
237 4623 307 4670 Plnt
330 4621 395 4668 Thes.
414 4635 434 4668 c.
454 4623 492 4668 il.
