3090 5294
828 481 870 539 40
1303 475 1328 536 Ι.
1356 475 1486 535 76-78

217 670 451 746 significatione
470 686 574 744 neque
593 668 698 731 αὐτίκα
719 684 822 742 neque
842 666 937 739 εὐθὺς
957 667 1031 728 usui
1050 665 1218 727 est—De
1239 665 1337 725 verbo
1357 662 1485 724 ὑδεία

216 793 284 847 μιν
304 787 366 832 non
384 773 526 833 multum
551 773 687 832 constat.
709 771 745 831 ln
770 770 903 842 antiqua
926 769 1101 842 graecitate
1124 782 1187 827 non
1207 765 1355 840 occurrit,
1376 780 1484 838 quam·

216 889 314 947 quam
334 877 464 949 propter
483 865 723 934 substantivum
740 869 834 942 ὕθλος
854 871 1012 945 suspicari
1029 868 1106 930 licet
1124 881 1188 929 non
1205 869 1354 941 ignotum
1366 867 1484 941 iuisse;

215 978 385 1048 postquam
419 978 529 1036 autem
561 975 670 1035 nescio
700 988 773 1047 quo,
806 971 944 1032 fortasse
974 956 1077 1031 Arato
1103 974 1162 1041 (vs.
1192 971 1276 1044 257),
1300 972 1484 1044 praeeunte,

217 1075 434 1136 callimachus
466 1076 599 1136 verbum
628 1072 712 1133 ὗδεῑν
735 1073 890 1147 adhibuit,
915 1071 1017 1132 semel
1041 1073 1138 1145 atque
1160 1072 1279 1131 iterum
1305 1070 1360 1131 alli
1383 1071 1485 1131 secuti

215 1180 292 1238 sunt
316 1178 416 1238 veluti
441 1177 628 1252 Apollonius
651 1175 795 1236 Rhodius
818 1175 859 1234 11.
885 1174 960 1249 528,
980 1173 1034 1233 IV.
1049 1174 1130 1247 264;
1151 1172 1309 1234 Nicander
1325 1172 1419 1233 Alex.
1433 1174 1484 1247 47,

215 1282 298 1354 525;
330 1278 414 1352 (lide,
443 1277 529 1355 ὕδης,
558 1276 617 1354 ὕδη
650 1277 813 1352 explicant
836 1276 951 1336 Suidas
974 1276 1176 1349 Hesychius).
1202 1274 1374 1335 Alliciebat
1398 1275 1484 1335 verbi

215 1381 353 1441 novitas.
375 1381 476 1441 Simul
499 1396 574 1440 vero
593 1379 734 1440 indicare
750 1378 888 1439 fortasse
902 1379 1051 1438 volebant
1062 1377 1147 1438 docti
1160 1376 1370 1437 Alexandrini
1382 1375 1485 1452 ὕθλος,

214 1480 320 1541 baisio
344 1497 418 1543 cum
442 1483 543 1556 stirpe
563 1481 677 1542 eadem
697 1482 868 1541 coniuncta
892 1495 965 1541 esse
988 1496 1008 1540 a
1031 1493 1095 1553 qua
1115 1479 1249 1539 verbum
1270 1476 1376 1554 ὑμνεῖν
1395 1479 1484 1552 origi·

215 1598 291 1644 nem
324 1586 464 1645 duceret.
496 1583 532 1643 ld
564 1585 675 1643 autem
702 1583 731 1641 si
755 1581 915 1655 volebant,
940 1581 1004 1641 alia
1028 1583 1149 1655 tamen,
1174 1583 1211 1639 ut
1234 1594 1338 1656 spero,
1362 1580 1484 1640 ratione

214 1687 385 1747 coniuncta
408 1701 446 1745 ea
470 1699 542 1745 esse
566 1683 737 1745 credebant
755 1698 854 1756 quam
874 1699 938 1757 qua
958 1685 1052 1758 putat
1063 1683 1298 1757 grammaticus
1320 1681 1485 1755 illaquam

216 1788 348 1849 Bantius
367 1785 478 1848 laudat
501 1785 552 1857 (ad
575 1785 704 1859 Gregor.
728 1800 758 1860 p.
777 1785 838 1844 241
858 1785 906 1845 ed.
918 1765 1018 1858 lips.)
1041 1781 1144 1858 „dtas
1161 1780 1298 1859 σημαίνει
1320 1780 1352 1842 τὸ
1372 1780 1486 1859 ὑμνεῖν,

215 1892 274 1953 ἔστι
296 1890 378 1972 παρὰ
400 1891 432 1951 τὸ
456 1889 541 1969 davd
565 1888 700 1975 ἀποβολῇ
722 1899 775 1951 τοῦ
799 1889 818 1950 ὗ
841 1888 916 1967 dudi,
938 1887 989 1948 καὶ
1011 1898 1105 1973 τροπῇ
1128 1895 1181 1948 τοῦ
1210 1885 1231 1965 ᾗ
1254 1909 1295 1959 εις
1318 1875 1337 1947 d
1359 1888 1486 1969 γίγνεται

215 1993 279 2054 tto
307 1992 382 2054 κατὰ
405 1990 614 2073 ἀναβιβαομὸν
637 1999 690 2052 τοῦ
713 1991 842 2053 τόνουἻ

264 2130 303 2139 -
321 2096 509 2170 Bellatores,
533 2092 721 2172 θεράποντας
738 2090 857 2173 Ἄρηος,
879 2095 912 2152 in
935 2091 1146 2166 sequentibus
1169 2105 1232 2152 non
1253 2106 1328 2152 cum
1345 2090 1487 2153 Homero

217 2194 358 2274 αἰχμηιὰς
383 2212 496 2257 verum
521 2211 596 2255 cum
619 2195 780 2270 Aeschylo
802 2191 1014 2272 ιεαχησιὰς
1038 2193 1121 2253 dixit
1147 2195 1183 2253 ut
1210 2193 1351 2253 variaret
1374 2194 1486 2254 oratio

218 2313 304 2371 nem,
340 2313 416 2358 cum
452 2312 500 2358 vs.
533 2299 574 2357 74
606 2296 744 2357 militem
777 2297 842 2356 iam
870 2294 949 2374 ἴδριν
973 2293 1078 2373 αἰχμῆς
1100 2295 1312 2355 nominasset.
1338 2293 1400 2355 Sed
1425 2310 1487 2355 vox

218 2396 437 2477 ἐπακτῆρες
473 2400 513 2459 ad
540 2399 747 2475 homericam*
769 2399 1069 2473 interpretationem
1099 2397 1232 2458 reducit.
1271 2396 1488 2482 Callimachus

219 2501 305 2560 enim
330 2515 404 2562 cum
425 2500 472 2560 ita
494 2499 563 2572 τοὺς
585 2499 736 2580 κυνηγοὺς
760 2496 901 2571 (ἀπὸτοῦ
925 2495 1044 2579 ἐπάγειν
1063 2495 1114 2570 τὰς
1134 2498 1238 2570 κύνας)
1258 2499 1351 2575 dixit,
1372 2498 1487 2559 Home·

220 2602 322 2662 ricum
346 2600 477 2674 σπανίως
501 2598 657 2680 εἰρημένον
681 2601 832 2677 explicat,
856 2601 950 2674 idque
973 2599 1157 2661 accuratius
1180 2615 1278 2674 quam
1298 2599 1488 2674 Apollonius

218 2702 372 2777 Rhodius,
397 2702 451 2776 qui
474 2703 499 2763 Ι.
522 2704 585 2773 625
610 2718 647 2764 eo
670 2705 800 2763 nomine
823 2703 1000 2778 piscatores
1019 2692 1179 2762 indicasse
1200 2701 1335 2762 videtur.
1365 2701 1488 2777 Operae

217 2805 356 2878 pretium
380 2802 518 2864 fortasse
542 2805 604 2865 erit
628 2819 818 2879 memorare,
843 2797 950 2865 locum
973 2806 1003 2864 P.
1020 2804 1092 2878 135,
1116 2804 1171 2864 ubi
1190 2805 1362 2864 occurrunt
1381 2800 1489 2882 ἄνδρες

216 2903 375 2983 ἐπακτῆρες
410 2905 579 2966 offensioni
611 2906 712 2965 fuisse
741 2906 915 2980 Zenodoro,
947 2905 1001 2979 qui
1037 2920 1112 2964 cum
1144 2905 1283 2965 editione
1315 2903 1394 2964 Chia
1422 2919 1488 2965 ver·

215 3022 272 3066 sus
308 3008 479 3068 134-136
521 3007 653 3081 omittit,
697 3008 789 3067 cuius
832 3011 942 3068 tamen
985 3008 1178 3081 argumenta
1220 3006 1336 3066 merito
1369 3005 1489 3067 refelllt

218 3108 425 3169 Aristarchus
456 3106 731 3178 (cf.Ludwich1.
756 3110 840 3179 418),
864 3109 897 3169 Si
923 3123 998 3169 vero
1022 3108 1167 3169 vocabuli
1195 3109 1306 3169 sedem
1328 3108 1362 3168 in
1391 3124 1488 3169 versu

217 3210 350 3284 respicis
383 3210 491 3284 potius
533 3209 705 3283 suspiceris
740 3212 900 3284 cogitasse
935 3213 1083 3272 nostrum
1118 3210 1157 3271 de
1192 3209 1356 3283 Odysseae
1391 3225 1488 3271 versu

217 3333 242 3372 ι.
268 3312 349 3386 435;
373 3326 455 3384 quae
478 3312 548 3370 tota
571 3325 646 3384 pars
670 3310 844 3387 Odysseae,
868 3312 1020 3386 quidquid
1038 3314 1186 3373 nostrum
1208 3313 1246 3372 de
1266 3311 1337 3371 eius
1356 3313 1488 3373 authen·

218 3414 265 3473 tia
285 3413 377 3473 bodie
398 3415 449 3473 est
467 3413 633 3488 iudicium,
655 3415 741 3474 certe
762 3414 957 3475 callimacho
975 3414 1136 3475 Zenodoto
1155 3413 1341 3474 Aristarcho
1357 3415 1490 3474 omnino

217 3516 368 3588 suspecta
391 3528 454 3573 non
478 3507 549 3575 fuit.

262 3615 312 3675 Ad
347 3613 525 3692 Χιιώνης
560 3611 783 3692 Ἀρτέμιδος
822 3631 940 3676 nomen
973 3616 1200 3690 explicandum
1234 3616 1376 3677 breviter
1408 3617 1491 3677 mibi

220 3717 380 3790 agendum
401 3718 452 3777 est
471 3716 511 3776 de
530 3716 766 3790 mythologicis.
789 3717 918 3778 Etenim
939 3718 989 3779 vel
1009 3719 1061 3779 hic
1077 3718 1169 3779 locus
1181 3716 1349 3778 sufficitut
1361 3717 1491 3779 demon·

220 3821 341 3878 stretur
365 3818 598 3879 callimachum
622 3834 684 3879 non
708 3818 817 3881 lavere
838 3835 948 3880 eorum
969 3820 1109 3894 opinioni
1132 3820 1187 3893 qui
1210 3818 1336 3897 χιιώνην
1356 3819 1439 3890 (siue
1459 3816 1492 3879 tv

219 3923 327 3996 χιιῶνι)
351 3920 471 3979 dictam
495 3918 596 3979 luisse
615 3920 803 3994 perhibeant
824 3918 880 3997 τὴν
902 3920 1062 4000 λοχείαν
1078 3917 1223 3998 Ἄρτεμιν,
1241 3921 1317 3994 quia
1335 3919 1493 3982 mulieres

220 4018 364 4099 ἀριίιαναι
384 4020 512 4094 cingula
533 4020 724 4094 tunicasque
744 4022 865 4083 Dianae
886 4038 1003 4085 vovere
1023 4022 1173 4083 solerent.
1196 4021 1399 4082 Consuetudo
1419 4037 1490 4083 con·

220 4123 296 4196 stat,
329 4124 554 4195 testanturque
589 4137 663 4182 eam
695 4122 939 4197 elegantissima
962 4126 1198 4201 epigrammata
1221 4123 1318 4184 Anth.
1343 4122 1409 4184 Pal.
1436 4123 1491 4185 Vl.

221 4225 273 4297 59,
299 4224 360 4283 201
387 4239 456 4297 sqq.
486 4224 655 4298 271-73;
685 4240 763 4285 num
789 4241 864 4287 vero
897 4242 970 4286 cum
1003 4227 1105 4287 Diana
1136 4226 1284 4287 chitonia
1312 4225 1493 4299 quidquam

220 4340 392 4385 commune
409 4325 527 4385 habeat
548 4340 703 4399 perquam
723 4327 867 4388 dubium.
889 4328 1071 4390 chitoniam
1091 4328 1182 4389 illam
1197 4328 1288 4388 cuius
1300 4327 1493 4401 religionem

219 4429 348 4486 enarrat
370 4426 546 4487 scholiasta
569 4428 610 4488 ad
633 4431 781 4489 nostrum
802 4430 920 4505 locum,
944 4432 1167 4504 memoratque
1191 4429 1409 4492 Callimachus
1432 4430 1492 4492 ΙΙΙ.

140 4609 145 4619 ⁸
220 4528 294 4602 225,
315 4542 378 4587 non
402 4527 442 4587 ab
471 4523 632 4604 ἀρτιτόιοις
656 4529 779 4590 cultam
801 4546 884 4605 esse,
905 4531 937 4592 id
957 4532 1098 4606 profecto
1115 4531 1272 4592 discimus
1292 4546 1334 4591 ex
1354 4531 1494 4594 historia

219 4643 318 4701 quam
342 4628 380 4688 de
404 4627 508 4688 Pieria
533 4629 654 4704 virgine
675 4631 867 4693 Plutarchus
891 4634 1022 4709 exponit
1042 4635 1074 4694 in
1094 4632 1174 4693 libro
1194 4633 1231 4694 de
1250 4631 1419 4692 Mulierum
1430 4634 1492 4694 vir·
