3090 5294
686 457 734 529 13,

357 638 378 700 t
401 637 434 702 δὲ
456 639 686 722 φοινικόνροκον
709 641 807 714 ζώναν
828 639 1062 720 καταθηκαμένα

356 742 487 803 autimi&
508 737 530 803 τ’
557 739 706 823 ἀργυρέαν
728 742 837 822 λόχμας
858 743 919 804 ὕπο
941 740 1070 815 κυανέας

358 842 433 904 τίκτε
456 842 613 924 θεόφρονα
635 852 757 923 κοῦρον.

65 962 167 1021 quem
194 948 355 1021 hymnum
377 948 489 1008 tamen
520 948 596 1008 ante
627 947 736 1008 oculos
759 946 861 1009 luisse
885 944 1083 1013 Callimacho
1105 947 1203 1009 hosce
1227 963 1341 1009 versus

66 1051 233 1127 scribenti,
257 1051 342 1111 haud
364 1048 574 1124 improbabile
602 1051 675 1109 tum
697 1051 826 1124 propter
849 1065 897 1110 vs.
919 1050 969 1110 11.
990 1050 1024 1109 et
1043 1064 1092 1110 vs.
1106 1051 1159 1125 21,
1172 1053 1244 1111 tum
1267 1051 1343 1123 quia
1361 1036 1362 1040 ¹

66 1155 135 1215 lam
158 1152 345 1214 imitantem
369 1166 444 1212 eum
465 1150 655 1213 videbamus
675 1151 821 1212 eiusdem
841 1151 955 1225 hymni
974 1167 1023 1212 vs.
1044 1152 1084 1212 31
1109 1168 1207 1227 supra
1226 1169 1275 1214 va.
1291 1154 1341 1214 15.

112 1254 218 1315 Versu
245 1255 284 1314 19
307 1250 481 1333 ἄβροχον
503 1268 580 1315 cum
603 1252 681 1314 dicit
703 1253 876 1314 Arcadiam
896 1252 1124 1330 Callimachus,
1144 1255 1341 1329 tragicorum

67 1356 174 1418 denuo
216 1355 334 1416 scrinia
375 1355 506 1430 expilat.
541 1355 632 1416 Nunc
666 1355 850 1430 Euripidem
885 1356 1031 1429 sequitur
1064 1356 1120 1429 qui
1150 1356 1222 1417 Hel.
1257 1357 1342 1417 1485

68 1458 190 1532 Libyae
223 1456 371 1518 sitientes
406 1472 538 1533 campos
568 1453 681 1537 ἄβροχα
713 1455 800 1517 πεδία
831 1458 975 1533 dixerat;
1009 1458 1109 1519 simul
1140 1460 1252 1520 autem
1279 1460 1343 1535 opl-

67 1575 127 1621 nor
150 1558 291 1619 variavit
312 1558 522 1620 Homericum
545 1558 737 1636 πολυδίψιον,
759 1559 799 1619 ad
823 1560 907 1632 quod
926 1559 1075 1633 ‘apertius
1095 1561 1222 1634 spectat
1246 1577 1343 1622 versu

69 1662 112 1722 27
136 1659 192 1721 ubi
215 1656 356 1735 διψαλέος
377 1661 507 1735 ponitur
528 1660 567 1722 de
590 1661 696 1736 pedite
718 1662 774 1735 qui
796 1661 892 1723 siccis
916 1661 1050 1736 pedibus
1073 1661 1175 1722 bituri
1197 1662 1343 1723 fluminis

68 1763 202 1824 alveum
228 1761 384 1836 pervadit.
409 1761 498 1837 Quod
520 1762 591 1823 ideo
614 1764 745 1823 tantum
768 1777 894 1838 moneo,
918 1763 956 1822 ut
977 1762 1051 1823 inde
1076 1764 1231 1838 appareat
1252 1762 1342 1824 Calli·

69 1866 227 1927 mochum
256 1863 376 1924 saltem
405 1877 470 1923 non
500 1862 667 1924 dubitasse
691 1864 730 1925 de
757 1863 992 1938 significatione
1018 1863 1175 1926 homerici
1198 1864 1344 1926 vocabuli

67 1964 263 2042 πολυδίψιον,
296 1979 436 2037 eumque
469 1978 573 2037 neque
604 1964 720 2026 iecisse
747 1980 823 2027 cum
845 1965 887 2025 iis
917 1966 973 2038 qul
1003 1963 1218 2042 πολυπόθητον
1248 1966 1342 2027 inter·

69 2069 275 2144 pretarentur
313 2066 364 2137 (ci.
389 2065 503 2127 Strabo
526 2081 556 2141 p.
582 2068 656 2137 370)
688 2081 791 2140 neque
830 2068 868 2127 ut
899 2069 1014 2142 postea
1043 2066 1232 2141 Apollonius
1254 2067 1343 2138 (Lex.

70 2173 124 2233 59.
152 2169 203 2241 18)
238 2166 342 2243 δίψιοι
365 2165 398 2227 τὸ
420 2165 567 2247 βλαβερὸν
598 2169 788 2245 explicasse,
812 2168 864 2230 cui
895 2169 1093 2242 suffragatur
1114 2168 1215 2230 schol.
1239 2168 1342 2244 Apoll.

69 2273 173 2334 Rhod.
196 2270 250 2331 IV.
281 2271 331 2331 14.
364 2269 483 2345 Quodsi
506 2271 635 2345 propter
657 2270 713 2332 illa
732 2271 892 2346 Apollonii
911 2269 1124 2331 Grammaticl
1147 2271 1245 2333 verba
1271 2286 1344 2333 eam

71 2375 174 2434 tuisse
198 2372 381 2446 opinionem
405 2371 698 2433 Alexandrinorum
719 2373 899 2448 putandum
915 2374 976 2448 est,
996 2371 1122 2434 absolvi
1139 2373 1346 2435 hoccrimine

71 2474 309 2536 Callimachum
349 2474 483 2547 oportet.
519 2472 681 2551 (laterum,
727 2475 828 2536 etiam
869 2476 998 2550 propter
1037 2474 1207 2547 sequentia
1249 2474 1346 2536 verba

75 2574 198 2654 ,μίλλεν
222 2571 255 2635 δὲ
272 2568 335 2652 μάλ’
361 2571 487 2653 εὔυδρος
510 2572 668 2635 καλέεσθαι
687 2569 708 2648 ¹)
732 2576 878 2652 suspicor
900 2576 1061 2649 cogitasse
1083 2577 1214 2650 poetam
1235 2576 1273 2637 do
1293 2592 1347 2637 an·

69 2680 164 2753 tique
187 2692 283 2740 versu
306 2676 361 2749 qul
384 2675 526 2737 Hesiodo
547 2677 749 2739 tribuebatur

310 2774 417 2856 ’Ἀρμος
439 2772 572 2857 ἄνυδρον
596 2775 646 2838 liv
669 2776 790 2850 Δαναὸς
813 2777 938 2856 ποίησεν
961 2774 1098 2856 εὔυδρον.

68 2879 131 2951 (cl.
155 2880 303 2941 Eustath.
327 2878 368 2939 ad
390 2877 427 2939 11.
451 2880 528 2941 461.
553 2880 573 2939 2
597 2883 630 2940 et
653 2880 731 2942 Hes.
756 2880 794 2941 u.
819 2879 867 2942 ed.
891 2879 1009 2940 Kinlrel
1032 2879 1070 2941 h.
1094 2881 1159 2951 47).

117 2982 174 3042 Vs.
189 2983 230 3041 20
263 2969 390 3051 αὖτις.
414 2980 533 3041 Parum
554 2981 745 3043 distinxisse
764 2980 1000 3043 Callimachum
1020 2982 1106 3042 inter
1124 2971 1207 3053 οὗτος
1226 2971 1348 3042 ο1αὗδι

68 3086 148 3161 post
180 3082 393 3145 Ammonium
427 3087 467 3157 (p.
493 3084 545 3145 27.
580 3083 703 3155 Valok.)
734 3084 801 3146 iam
831 3084 929 3145 multi
951 3085 1157 3146 monuerunt.
1181 3083 1227 3144 Ut
1248 3099 1347 3144 usum

69 3185 322 3247 callimacheum
354 3198 588 3258 cognoscamus
621 3201 737 3260 operae
763 3186 904 3260 pretium
928 3186 981 3246 est
1010 3185 1119 3246 varios
1142 3186 1229 3246 locos
1251 3185 1348 3260 inspl-

69 3301 156 3350 cere.
188 3276 300 3356 αὖτις
331 3288 419 3355 (narn
442 3286 497 3346 ubi
520 3308 535 3358 ς
558 3287 656 3348 adicit
678 3288 865 3348 constanter
887 3287 1032 3348 Ionicam
1052 3286 1194 3348 sormam
1216 3287 1348 3348 adhibet

69 3403 177 3462 neque
200 3402 344 3461 unquam
367 3386 430 3447 nisi
460 3386 582 3448 librarii
605 3389 684 3449 vitio
707 3389 846 3451 occurrit
867 3378 970 3464 αὖθις,
993 3403 1093 3462 quam
1113 3388 1255 3449 formam
1278 3387 1346 3448 an·-

68 3490 203 3551 staroho
235 3488 397 3563 placuisse
432 3488 548 3550 iniuria
581 3490 714 3564 quidam
750 3506 792 3552 ex
821 3489 921 3551 schol.
945 3491 974 3549 A
1005 3489 1045 3550 ad
1075 3492 1113 3551 X.
1137 3491 1202 3550 475
1226 3489 1346 3565 opinati

69 3593 171 3665 sunt),
195 3580 278 3661 αὖτις
301 3589 405 3650 semel
428 3591 568 3667 tantum,
592 3593 752 3665 quantum
775 3592 991 3666 nesscimus,
1019 3606 1100 3651 usus
1126 3593 1178 3653 est
1199 3590 1346 3653 Callima·

68 3695 154 3755 chus
182 3694 219 3753 ut
247 3690 372 3767 posthoc
396 3691 558 3754 >indicaret
579 3693 675 3767 idque
698 3695 808 3754 nostro
831 3693 911 3771 loco,
935 3694 989 3754 ubi
1012 3693 1182 3768 opponitur
1204 3691 1348 3770 τηυίσδε;

68 3793 159 3868 quod
181 3792 259 3854 iecit
280 3793 383 3854 hctus
405 3793 485 3856 locis
508 3794 681 3857 homericis
703 3796 817 3869 quales
839 3796 918 3856 sunt
941 3797 979 3855 Α.
1006 3795 1079 3855 140.

294 3886 353 3953 ἀλλ’
377 3883 398 3971 ἦ
421 3915 465 3954 τοι
488 3891 542 3972 μὲν
564 3903 657 3955 ταῦτα
679 3895 950 3976 μεταφρασόμεσθα
971 3890 1023 3954 καὶ
1041 3885 1125 3967 αὖτις

68 3997 126 4058 vel
151 3998 176 4057 Ι.
200 3996 331 4057 440...
355 3999 456 4054 κεῖνον
479 3989 509 4056 d’
536 3986 619 4068 αὖτις
642 3993 707 4076 ἐγώ.

118 4099 254 4173 Saepius
276 4112 352 4158 vero
376 4087 460 4169 αὖτις
482 4098 553 4160 sive
574 4114 690 4161 rursus
713 4100 783 4161 aive
806 4103 890 4161 retro
911 4098 1042 4159 indicat.

117 4199 170 4260 Sic
200 4199 254 4260 IV.
285 4199 328 4258 99
354 4195 446 4276 Λητὼ
478 4194 510 4258 di
540 4199 719 4279 μετάτροπος
750 4191 833 4272 αὖτις
864 4197 973 4279 ἐχώρει,
1002 4200 1057 4260 ubi
1086 4214 1162 4259 cum
1185 4198 1348 4260 homerico

66 4317 135 4364 usu
170 4302 243 4375 apte
273 4301 434 4377 convenit,
467 4316 545 4362 nam
571 4300 749 4382 μετάτροπος
781 4303 888 4374 (Hom.
912 4298 1081 4380 ὑπότροπος
1106 4303 1139 4359 Ζ.
1164 4303 1227 4362 367
1255 4299 1349 4377 ,1πό-

64 4422 181 4483 τροπος
203 4400 302 4478 ἵξομαι
325 4392 440 4474 αὖτις”)
464 4403 601 4465 eandem
625 4405 691 4466 vim
721 4405 819 4467 babet
841 4419 940 4479 quarn
962 4403 1062 4481 πάλιν,
1087 4403 1190 4464 veluti
1215 4406 1243 4462 Ρ.
1269 4406 1343 4466 533.

102 4634 123 4705 ¹)
140 4638 181 4685 De
198 4636 271 4684 verbi
287 4636 376 4694 μέλλειν
391 4649 441 4684 usu
459 4638 625 4688 callimacheo
643 4641 710 4687 inira
726 4641 827 4689 dicetur
843 4641 876 4688 ad
892 4641 926 4688 11.
947 4641 986 4687 14.
