3104 5296
835 474 875 532 74
1228 474 1284 534 ΙΙΙ.
1313 476 1484 535 102-103

214 662 352 724 Easdem
386 677 500 725 cervas
530 660 730 740 μάσσονας
756 658 777 741 ἢ
799 664 928 741 σαύρους
951 662 1060 724 dicens
1093 677 1167 738 non,
1191 663 1312 740 opinor,
1342 663 1484 725 confudit

213 767 324 826 noster
353 763 459 843 μείζων
483 765 516 825 et
546 761 675 841 μάσσων,
698 779 780 838 quae
804 765 866 825 fuit
890 763 999 826 Coheti
1023 765 1139 842 opinio,
1164 780 1277 826 verum
1297 765 1411 827 docere
1435 781 1483 826 vo

213 867 274 928 luit
293 866 406 929 eodem
428 880 528 927 sensu
550 868 724 940 utrumque
744 866 940 927 adiectivum
964 866 1003 927 ab
1026 866 1169 928 Homero
1188 868 1382 942 usurpatum
1402 882 1482 928 esse.

212 970 335 1031 Memor
366 969 454 1030 enim
477 967 618 1044 proiecto
636 968 708 1044 fuit,
732 967 819 1029 nullo
842 967 1028 1029 discrimine
1051 968 1113 1029 dici
1137 968 1159 1041 ζ.
1185 969 1249 1031 230
1272 963 1480 1046 μελζονυλέ

212 1067 346 1133 εἰσιδέειν
379 1067 429 1131 καὶ
461 1068 597 1130 πάσσονα
628 1072 660 1131 et
690 1074 724 1131 θ.
749 1071 791 1131 20
823 1069 875 1129 καί
904 1091 955 1147 μιν
986 1067 1238 1150 μακρότερον
1268 1067 1319 1130 καὶ
1349 1069 1484 1130 πάσσονα

212 1178 308 1252 θῆκεν
341 1168 468 1233 ἰδέσθαι.
508 1172 574 1232 Nec
616 1171 726 1233 minus
759 1173 847 1234 recte
881 1172 995 1233 eodem
1029 1186 1124 1232 versu
1163 1167 1333 1233 cervarum
1366 1188 1484 1234 cornua

213 1290 399 1339 memorans
432 1279 521 1347 (nam
555 1276 707 1335 cornutas
742 1269 856 1336 cervas
887 1273 980 1351 dixit,
1009 1275 1140 1336 Pindari
1163 1269 1350 1353 χρυσοκέραν
1373 1271 1482 1352 ἔλαφον

212 1377 338 1457 θήλειαν
374 1376 418 1439 Ολ.
453 1376 510 1437 ΙΙΙ.
547 1377 599 1453 29,
631 1375 854 1452 Euripidisqus
880 1375 1105 1457 χρυσοκάρανον
1139 1376 1231 1457 δόρπα
1256 1376 1396 1439 fortasse
1421 1393 1481 1438 me·

213 1479 317 1540 moria
353 1480 479 1548 tenens)
516 1478 647 1552 passive
681 1478 780 1540 dixit:
820 1477 953 1557 ,κεράων
989 1472 1020 1538 δ’
1053 1475 1308 1556 ἀπελάμπετο
1343 1477 1481 1559 χρυσός”.

213 1581 258 1642 De
281 1595 321 1642 ea
350 1581 438 1641 enim
461 1595 495 1640 re
518 1595 601 1654 quae
624 1580 828 1655 splendorem
852 1581 988 1642 effundit
1015 1582 1201 1642 constanter
1223 1580 1389 1645 Homerus
1411 1577 1484 1641 ἀπο-

211 1683 337 1762 λάμπειν
371 1683 421 1756 (cf.
455 1686 489 1744 Z.
516 1684 579 1745 295
606 1679 697 1762 σἰσσὴρ
722 1677 749 1743 i‘
778 1680 818 1756 ὣς
841 1680 1021 1761 &attensem
1045 1699 1120 1746 cum
1144 1686 1254 1746 nostro
1277 1685 1392 1745 autem
1414 1684 1482 1746 loeo

212 1784 424 1847 conferendus
447 1786 498 1846 est
522 1781 553 1849 Ξ.
580 1785 641 1846 183
664 1783 747 1865 χάρις
771 1780 799 1845 δ’
826 1782 1010 1863 ἀπελάμπετο
1033 1785 1135 1865 πολλή.

256 1885 378 1948 Verum
408 1901 484 1948 cum
514 1886 688 1948 homericis
718 1887 835 1949 miscet
865 1888 1054 1949 recentiora.
1077 1884 1259 1966 προμολὴ
1284 1887 1375 1949 enim
1402 1889 1483 1962 quod

211 1987 379 2065 Apollonio
409 1991 482 2064 post
505 1987 740 2050 Callimachum
759 1989 793 2049 in
816 1988 940 2052 deliciis
965 1991 1026 2066 est,
1055 1989 1198 2063 antiquis
1226 1990 1296 2050 erat
1316 1989 1483 2064 ignotum

214 2087 399 2169 ένουρος,
432 2091 515 2165 quod
546 2106 664 2152 nomen
687 2091 852 2167 proprium
876 2093 956 2168 erat,
988 2091 1027 2152 de
1050 2091 1166 2165 quovis
1187 2091 1322 2152 flumine
1345 2091 1484 2152 Alexan·

212 2193 295 2254 drini
321 2193 455 2253 demum
485 2191 635 2254 adhibere
667 2192 871 2270 adamarunt,
902 2194 1077 2268 praeeunte
1103 2192 1137 2253 ni
1160 2192 1253 2253 fallor
1275 2192 1486 2267 Lycophrona

214 2295 373 2356 vs.1424

479 2394 557 2469 ἅπας
581 2390 609 2457 δ’
636 2393 777 2477 σἰναύρων
801 2395 913 2476 coopto
937 2394 1142 2474 αὖανθήσεται
1160 2389 1181 2467 1)

257 2498 401 2561 Tandem
424 2514 499 2561 cum
522 2499 698 2561 admodum
722 2499 920 2573 ineleganter
943 2515 985 2560 ex
1013 2514 1075 2559 nau
1099 2498 1230 2573 vulgato
1257 2513 1374 2560 cervas
1397 2516 1484 2576 prae·

213 2601 354 2663 dicasset
376 2596 471 2681 μέγα
495 2623 529 2661 ιι
551 2598 675 2683 χρέος,
707 2601 829 2664 frustra
851 2601 1012 2664 sermonis
1035 2600 1265 2676 vulgaritatem
1289 2601 1486 2665 abscondere

212 2704 347 2766 conatus
377 2705 429 2764 est
459 2719 515 2779 pro
551 2703 646 2766 solito
680 2711 777 2784 χρῆμα
813 2704 925 2775 (veluti
957 2702 1134 2779 Xenophon
1169 2700 1240 2780 Cpr.
1271 2703 1296 2764 Ι.
1321 2705 1352 2765 4.
1379 2704 1400 2765 8
1424 2721 1486 2767 cer·

212 2821 291 2867 vum
314 2806 441 2867 dixerat
463 2803 554 2865 καλόν
578 2826 604 2864 π
627 2811 723 2885 χρῆμα
746 2802 796 2865 καλ
816 2801 899 2886 μέγα)
921 2802 1003 2885 χρέος
1022 2820 1180 2881 reponens
1199 2806 1282 2879 quod
1302 2807 1415 2868 tamen
1429 2807 1486 2867 tali

211 2923 310 2970 sensu
333 2908 372 2969 ab
397 2908 561 2984 epicorum
585 2923 734 2970 sermone
758 2923 891 2984 prorsus
915 2910 983 2969 eret
1007 2907 1160 2969 alienum.

256 3135 310 3196 Vs·
338 3136 410 3198 103.
435 3132 575 3214 ἐξαπίνης
598 3129 627 3195 δ’
654 3132 759 3212 ἔταφές
782 3158 812 3197 τε
837 3134 887 3197 κοιλ
911 3131 947 3197 ὃν
969 3133 1035 3197 ποσὶ
1059 3133 1162 3213 θυμὸν
1184 3132 1286 3207 ἔειπες·

437 3236 541 3315 ,τοῦτό
564 3259 616 3298 κεν
640 3236 804 3317 Ἀρτέμιδος
826 3238 1013 3320 πρωσσίγριον
1036 3235 1121 3311 ἄξιον
1144 3236 1222 3315 εἴη’.

336 3341 399 3401 105
433 3333 510 3400 πεντ’
536 3338 608 3401 ἔσαν
631 3341 665 3401 αἱ
685 3349 785 3401 πᾶσαι·
809 3339 937 3420 πίσυρας
960 3335 991 3401 δ’
1018 3337 1078 3412 ἕλες
1102 3329 1164 3400 ὦκα
1187 3334 1302 3398 θέουσα

434 3440 526 3518 vorot
548 3442 759 3523 ιιννοδρομίης,
781 3442 832 3503 ἵνα
854 3464 900 3502 τοι
923 3440 1001 3502 θοὸν
1025 3440 1104 3521 ἅρμα
1127 3436 1246 3519 φέρωσι.

435 3543 490 3623 τὴν
514 3541 545 3605 δὲ
568 3545 640 3623 μίαν
664 3544 850 3618 Κελάδοντος
872 3539 947 3624 ὑπὲρ
969 3546 1114 3621 ποταμοῖο
1138 3548 1297 3621 φυγοῦσαν

426 3642 523 3725 Ἥρης
547 3644 723 3731 ἐννεσίῃσιν,
745 3645 868 3708 ἀέθλιον
886 3641 1033 3726 Ἡρακλῆϊ

433 3747 559 3809 ὕστατον
583 3746 663 3830 ὄφρα
687 3747 811 3830 γένοιτο,
834 3747 929 3829 πάγος
954 3746 1115 3827 Κερύνειος
1138 3743 1245 3806 ἔδεκτο.

259 3850 361 3910 Versu
394 3850 455 3911 103
487 3847 681 3929 ἐξαπίνης
706 3845 735 3910 δ’
760 3849 903 3927 έιαφες
930 3850 1120 3911 adverbium
1144 3848 1233 3910 addit
1255 3850 1352 3911 verbo
1371 3864 1488 3925 pamm

214 3954 327 4026 aptum
365 3951 415 4013 vel
445 3953 553 4028 potius
577 3968 870 4030 supervacaneum:
896 3968 961 4014 non
985 3953 1072 4014 enim
1095 3950 1239 4013 solemus
1261 3951 1325 4012 nisi
1347 3947 1489 4030 ἐξαπίνης

214 4049 384 4129 τεθηκέναι.
419 4052 560 4115 Causam
582 4055 734 4117 indocta
760 4055 942 4116 imitatione
970 4055 999 4114 si
1023 4054 1221 4129 quaerimus,
1248 4052 1399 4114 videmus
1427 4053 1488 4112 lio·

214 4170 342 4216 merum
372 4156 458 4217 naue
488 4156 591 4217 semel
623 4157 746 4218 uixisse
778 4140 919 4234 εςαπινης
945 4149 975 4216 ι’
1001 4153 1147 4235 ἀνόρουσε
1170 4159 1206 4226 (κ.
1231 4156 1306 4225 σοι)
1333 4157 1367 4215 et
1391 4155 1487 4228 tane

215 4258 340 4318 variare
365 4260 477 4318 autem
501 4258 643 4320 voluisse
668 4257 902 4320 Callimachum
926 4258 1099 4321 dictionem
1123 4272 1185 4318 usu
1212 4255 1343 4318 rarioris
1365 4254 1488 4317 formae

213 4355 310 4433 έιοφυ.
335 4358 394 4419 Est
418 4361 530 4421 autem
552 4359 746 4422 indicativus
770 4361 824 4423 ille
847 4362 959 4423 tantae
987 4361 1071 4437 apud
1090 4360 1263 4435 scriptores
1281 4358 1487 4435 raritatis,-

216 4535 459 4543 ..-.----

251 4651 271 4718 ¹)
288 4655 326 4703 De
345 4653 472 4703 adieetivo
488 4657 641 4718 μιλαμψιξφις
658 4654 685 4702 oi
700 4655 733 4703 td
749 4655 791 4703 lv.
809 4653 849 4706 id.
