3090 5294
63 479 87 540 1.
116 479 249 540 14—15
685 483 723 542 11

64 664 233 738 regionem
256 681 340 740 aqua
363 669 528 729 carentem
549 668 743 746 designaret,
763 685 846 743 quas
865 669 948 730 lanii
968 672 1019 730 est
1029 669 1135 745 opinio
1148 669 1179 740 (l.
1193 669 1213 730 l.
1228 669 1280 731 80.
1297 672 1335 740 1.)

64 766 278 829 vehementer
300 769 420 832 dubito.
442 769 660 834 Callimachus
680 772 714 832 ni
740 772 833 834 fallor
854 775 891 832 ut
906 772 1096 847 Apollonius
1113 771 1167 832 IV.
1182 773 1245 833 263
1258 775 1336 830 Ἀνω-

64 868 182 947 δανῆας
203 885 260 932 eos
278 872 360 933 dixit
382 869 442 932 ἀπὸ
455 869 578 945 Ἄπιδος
590 881 642 934 τοῦ
658 871 833 952 Φορωνέως,
848 875 1193 948 quam‘derivationsm
1216 874 1336 935 diserto

62 970 255 1034 testimonio
278 971 388 1035 firmat
410 974 556 1037 Rhianus
587 976 671 1051 apud
694 975 894 1052 stephanum
917 976 994 1050 Byr.
1017 976 1052 1036 ia
1078 992 1146 1037 ocae
1168 973 1261 1036 Ἀπία.

108 1173 167 1236 Vs,
196 1176 246 1238 lo.
293 1173 369 1235 ἔνθα
393 1171 417 1236 σ’
443 1176 505 1238 ἐπεί
528 1177 623 1258 μήτηρ
646 1178 780 1259 μεγάλων
803 1175 976 1256 ἀπεθήκατο
1006 1176 1135 1256 κόλπων,

290 1275 396 1339 αὐτίκα
420 1279 517 1358 δίζητο
541 1279 612 1360 ῥόον
634 1280 745 1352 ὕδατος
768 1274 791 1364 ᾧ
815 1301 847 1339 κε
868 1278 965 1340 τόκοιο

290 1379 404 1458 λύματα
427 1381 614 1460 χυτλώσαιτο,
634 1380 701 1442 τεὸν
725 1376 756 1442 δ’
783 1379 827 1441 tvl
849 1389 944 1461 χρῶτα
966 1379 1092 1441 λοέσσαι.

290 1481 403 1542 Λάδων
426 1478 485 1542 ἀλλ’
509 1481 594 1544 οὔπω
617 1481 707 1564 μέγας
730 1481 828 1563 ἔρρεεν
851 1476 919 1543 οὐδ’
943 1476 1146 1561 Ἐρύμανθος,

289 1582 460 1657 λευκότατος
483 1594 634 1662 ποταμῶν,
656 1584 697 1646 ἔτι
721 1580 751 1646 δ’
779 1581 905 1665 όίβροχος
929 1574 982 1663 ήεν
1006 1583 1108 1645 ἅπασα

291 1685 437 1764 Ἀρκαδίη·
461 1684 563 1764 μέλλεν
588 1683 620 1747 δὲ
642 1681 705 1763 μάλ’
732 1683 858 1765 εὔυδρος
880 1683 1039 1748 καλέεσθαι

291 1777 389 1861 αὖτις·
413 1786 475 1849 luel
497 1787 634 1867 τημόσδε,
650 1782 713 1868 Ῥέη
738 1782 775 1849 ὅτ’
801 1786 923 1849 ἐλύσατο
946 1785 1062 1866 μίτρην,

289 1878 309 1966 ή
332 1887 441 1962 πολλὰς
464 1887 617 1969 ἐφύπερθε
641 1888 808 1969 σαροονίδας
830 1886 921 1968 θηρός
939 1883 1028 1949 Ἰοίοιν

289 1987 396 2070 ήειρεν,
418 1989 528 2065 πολλδις
551 1987 583 2052 δὲ
606 1989 711 2064 Μέλας
734 1988 864 2071 όόκχησεν
888 1986 1011 2069 ἁμάξας,

289 2089 383 2152 πολλὰ
406 2088 438 2153 δὲ
461 2093 637 2174 Καρνίωνος
659 2090 723 2154 όνοι
746 2092 847 2172 διεροῦ
870 2112 925 2172 περ
948 2090 1047 2164 ἐόντος
1093 2153 1097 2175 ,

191 2195 233 2255 25
291 2193 393 2267 ἶλυοὺς
417 2193 557 2275 ἐβόλοντο
581 2195 738 2273 κινώπετα,
759 2194 873 2255 νίσσετο
898 2188 925 2254 δ’
952 2191 1029 2273 ἀνὴρ

289 2294 375 2370 πεζὸς
398 2293 473 2378 ὑπὲρ
496 2296 619 2378 Κρᾶθίν
641 2319 671 2358 τε
694 2295 855 2357 πολύστιόν
877 2318 907 2356 τε
931 2294 1086 2374 Μετώπην

292 2396 441 2475 διψαλέος·
464 2398 497 2460 τὸ
520 2395 553 2460 δὲ
575 2398 685 2461 πολλόν
708 2399 790 2479 ὕδωρ
813 2397 874 2459 ὑπὸ
896 2395 1003 2459 ποσσλν
1026 2396 1126 2458 ἔκειτο.

110 2499 168 2559 Vs.
185 2500 235 2560 15.
248 2499 310 2561 Hic
322 2516 401 2563 sane
412 2503 558 2577 peccavit
570 2504 682 2564 contra
693 2502 876 2563 solemnem
886 2501 1069 2563 homericae
1081 2498 1230 2561 dictionis
1242 2513 1340 2559 usum

63 2615 166 2674 quem
189 2601 300 2662 sedulo
324 2604 358 2663 et
386 2604 565 2666 innumeris
588 2604 668 2665 loeis
690 2603 818 2665 notavit
840 2603 1059 2679 Aristarchus,
1083 2615 1219 2662 monens
1249 2615 1340 2661 num·

63 2717 167 2776 quam
197 2718 218 2765 a
247 2703 347 2765 Poeta
376 2704 488 2766 κόλπον
515 2706 658 2768 adhiberi
689 2705 752 2766 nisi
783 2707 822 2767 ut
843 2705 1000 2767 indicaret
1021 2701 1054 2764 τὸ
1076 2700 1151 2763 κατὰ
1173 2699 1205 2761 τὸ
1229 2705 1341 2779 στῆθος

63 2802 210 2881 κόλπωμα
250 2813 303 2865 του
337 2802 451 2867 πέπλον
480 2800 511 2878 ¹).
547 2808 593 2869 Ut
622 2808 674 2869 hic
705 2807 822 2883 plurali
853 2821 989 2867 numero
1020 2806 1067 2866 ita
1100 2803 1256 2879 singulari
1285 2800 1340 2880 τήν

63 2901 193 2984 γαστέρα
223 2907 344 2969 indicat
366 2908 419 2968 IV.
445 2910 509 2970 214
533 2910 587 2970 uhi
610 2923 790 2984 praegnans
814 2909 938 2970 Latona
959 2908 1009 2969 lta
1032 2906 1214 2981 adloquitur
1236 2903 1341 2967 filium

316 3009 428 3090 ,γείνεο
450 3010 545 3091 γείνεο
569 3019 667 3090 κοῦρε,
689 3008 739 3070 καί
762 3007 851 3089 ήπιος
873 3007 951 3084 ίξιθι
973 3008 1116 3069 κόλπου.”

64 3108 199 3183 Hymno
229 3114 340 3173 autem
372 3114 468 3174 tertio
499 3114 579 3175 item
603 3114 734 3175 uterum
757 3128 816 3175 suo
839 3113 971 3174 nomine
992 3112 1133 3173 indicare
1157 3110 1241 3172 vitat
1263 3110 1342 3171 dum

64 3210 205 3275 Dianam
229 3214 268 3275 de
291 3217 396 3276 matre
421 3214 581 3277 dicentem
605 3215 683 3277 facit
706 3220 766 3287 (vs.
793 3216 845 3286 25)

426 3313 570 3396 ,ἀμογητὶ
593 3316 689 3393 φίλων
712 3312 885 3394 ἀπεθήκατο
908 3315 1031 3395 γυίων.”

64 3414 110 3475 ut
128 3415 188 3475 hoc
211 3415 279 3477 loco
303 3416 451 3494 habebat,
476 3433 538 3491 quo
561 3418 705 3494 referret,
727 3434 860 3479 versum
882 3418 1019 3494 epicum,
1040 3431 1116 3478 cum
1136 3417 1175 3478 de
1188 3414 1342 3476 Mercurio

64 3531 195 3590 quoque
229 3518 371 3592 hymnus
402 3520 595 3581 Homericus
626 3521 764 3582 dixisset
787 3536 835 3582 vs.
862 3522 904 3580 20
941 3516 1069 3598 ,μητρὸς
1099 3512 1147 3578 ἀπ’
1181 3515 1343 3577 ἀθανάτων

63 3616 142 3696 θόρε
171 3618 286 3697 γυίων”
323 3622 362 3683 cf.
397 3621 430 3680 Ω
458 3624 523 3682 514
547 3623 609 3694 (καί
637 3622 669 3682 οί
694 3619 754 3682 όιπὸ
783 3621 942 3702 πραπίδων
973 3612 1041 3699 ἦλθ’
1075 3619 1173 3699 ἵμερος
1200 3613 1248 3698 ήδ’
1283 3616 1342 3678 ἀπό

64 3718 172 3800 γυίων)
193 3736 290 3794 quem
314 3738 446 3784 versum
471 3724 680 3786 Aristarchus
703 3726 850 3800 spurium
870 3724 984 3784 habuit
1004 3723 1074 3798 ipso
1095 3738 1132 3783 eo
1152 3724 1342 3796 argumento

64 3822 185 3882 ductus
208 3824 292 3895 quod
324 3838 441 3885 manus
460 3826 592 3887 tantum
612 3827 771 3902 pedesque
792 3826 955 3887 Homerus
974 3826 1035 3886 hac
1055 3839 1132 3885 voce
1150 3823 1341 3897 indicasset;

64 3925 102 3984 at
122 3924 232 3985 nostro
255 3941 349 3986 versu
370 3927 497 3989 Pindari
518 3930 647 3989 tantum
668 3930 726 3989 aut
745 3929 944 4003 tragicorum
964 3925 1114 4001 exemplo
1127 3925 1343 3987 Callimachus

64 4025 158 4086 vocis
177 4041 276 4087 usum
295 4029 395 4089 tutari
415 4032 551 4105 poterat,
573 4032 607 4091 et
620 4032 674 4091 vix
686 4031 820 4092 dubium
841 4031 892 4091 est
913 4029 991 4103 quin
1003 4027 1104 4089 talem
1116 4027 1224 4088 locum
1236 4042 1342 4088 exem·

63 4127 122 4204 plo
144 4127 302 4206 habuerit,
333 4131 439 4204 qualis
467 4134 518 4192 est
548 4133 637 4194 Pind.
666 4132 709 4193 ol.
734 4132 787 4193 vl.
812 4134 852 4193 31
877 4124 1031 4210 apaturii
1058 4127 1227 4207 παρθενίαν
1251 4123 1344 4188 ὠδῖνα

62 4226 199 4305 κόλποις,
223 4231 404 4308 (01.111111μ.
428 4233 497 4296 Hel.
524 4235 608 4295 1159
634 4235 741 4304 (1144)
766 4231 876 4303 πτανδς
898 4229 954 4311 γὰρ
982 4228 1014 4290 ίν
1037 4227 1158 4301 κόλποις
1181 4246 1213 4288 σε
1237 4228 1344 4306 Λήδας

63 4325 208 4389 ἐτέκνωσε
244 4332 361 4411 πατήρ).
403 4335 524 4396 Eadem
563 4333 798 4409 significatione
842 4334 895 4394 IV.
929 4333 970 4394 87
1006 4331 1120 4407 Apollo
1161 4332 1194 4392 in
1228 4332 1345 4391 matris

64 4432 162 4491 utero
182 4434 378 4496 vaticinatus
397 4438 515 4498 dicitur
539 4436 772 4517 ,όποκόλπιος”,
792 4437 832 4499 cf.
853 4451 979 4510 quoque
998 4435 1097 4495 Anth.
1117 4435 1185 4496 Pal.
1198 4434 1255 4496 IX.
1271 4436 1344 4495 111·

99 4666 121 4732 ι)
139 4669 205 4719 rme
220 4668 287 4716 rnna
303 4667 337 4716 ια
354 4668 396 4717 rr.
416 4668 472 4717 aso.
