3104 5286
791 505 853 566 148

188 695 251 768 tur,
283 692 435 766 quamvis
466 691 610 752 solutam
641 691 681 752 ab
712 692 836 753 arboris
867 694 993 771 stipite,
1026 693 1226 773 liberamque
1254 701 1288 761 et
1310 702 1373 763 sibi
1397 719 1468 779 pro·

187 797 293 871 priam
313 795 416 855 vitam
439 793 604 869 nymphae
627 793 778 855 habeant.
798 795 862 872 Ita,
885 794 1079 858 adveniente
1099 797 1237 877 Latona,
1259 818 1335 863 cum
1352 820 1467 867 concn-

187 897 313 958 tiuntur
333 897 464 957 arbores
490 911 531 956 ex
555 895 651 956 celeri
674 897 775 971 Asopi
797 896 874 972 biga
893 898 990 959 timet
1010 899 1141 972 quidem
1162 901 1258 964 Melia
1277 902 1379 982 ἥλικος
1399 907 1467 981 περὶ

187 997 292 1076 δρυὸς,
322 997 380 1059 sed
410 997 538 1072 aufugit
568 1000 698 1072 tamen;
727 998 921 1073 quibuscum
945 1002 1145 1063 conveniunt
1168 1019 1250 1077 quae
1273 1007 1397 1082 hymno
1421 1010 1466 1070 vi

186 1103 226 1163 de
248 1100 497 1176 Erysichthonis
520 1099 690 1175 impietate
713 1100 873 1161 habemus
896 1116 945 1162 vs.
970 1102 1013 1163 38

409 1191 448 1279 ἦν
472 1196 505 1260 oi
527 1221 570 1272 τις
594 1199 738 1280 αδμειρος,
760 1197 835 1280 μέγα
859 1198 1001 1282 δένδρεον
1024 1201 1126 1285 αδθέρι
1149 1215 1258 1286 κῦρον,

409 1311 448 1386 τῷ
471 1298 520 1361 ἔπι
542 1299 590 1362 ναὶ
611 1289 729 1380 νδμφαι
751 1299 818 1362 ποτὶ
842 1300 970 1364 τῶνδιον
992 1301 1154 1385 ἑψιόωντο,

408 1400 428 1462 ἃ
449 1402 547 1482 ιιράτα
569 1404 713 1482 πλαγεῖσα
734 1400 829 1463 ιιαιιδν
852 1400 938 1482 μέλος
961 1402 1044 1483 ἴαχεν
1066 1403 1177 1481 ἄλλαις.

408 1503 530 1565 αἴσθοιο
553 1503 697 1584 Δαμάνηρ
721 1503 765 1565 ὅτι
788 1502 821 1565 οἱ
840 1504 930 1578 ξύλον
953 1504 1034 1587 ἱερὸν
1057 1501 1138 1589 ἄλγει

407 1602 469 1668 εἶπε
493 1602 526 1666 δὲ
548 1602 712 1684 χωσαμένα·
739 1605 802 1684 ,rig
825 1628 876 1683 μοι
897 1605 974 1667 καλὰ
998 1604 1122 1691 δένδρεα
1145 1612 1246 1674 κόπτει
1255 1617 1285 1687 ;”
1309 1611 1330 1688 ¹)

185 1708 247 1773 His
276 1714 388 1773 autem
418 1709 568 1770 versibus
599 1723 697 1784 quam
728 1705 867 1769 fideliter
902 1708 942 1769 ad
971 1713 1189 1787 antiquiorem
1221 1717 1463 1797 mythologiam

184 1829 220 1874 se
254 1812 467 1889 applicaverit
496 1812 609 1886 pocta,
640 1805 821 1870 luculenter
851 1810 1088 1875 demonstrabit
1114 1817 1331 1879 recentiorum
1354 1826 1462 1897 poeta·

185 1929 259 1975 rum
292 1913 492 1989 comparatio
520 1911 623 1971 veluti
657 1909 805 1985 Vergilii,
835 1911 927 1971 cuius
953 1912 1082 1975 Aeneas
1113 1932 1188 1978 cum
1208 1919 1331 1982 inscius
1353 1939 1467 1988 sacras

185 2016 316 2077 arbores
339 2015 424 2075 ferro
448 2013 626 2073 invasisset
650 2011 737 2082 (Aca.
759 2011 816 2071 III.
838 2012 879 2072 25
892 2018 988 2090 sqq),

541 2128 623 2188 quae
646 2114 752 2189 prima
774 2113 844 2173 solo
867 2115 971 2190 ruptis
995 2117 1157 2181 radicibus
1180 2123 1275 2184 arbos

407 2215 548 2292 vellitur,
573 2216 648 2276 huic
671 2217 741 2276 atro
765 2215 933 2289 liquuntur
955 2219 1114 2293 sangulne
1136 2227 1249 2297 guttae

408 2320 442 2380 et
464 2319 587 2383 terram
610 2317 686 2378 tabo
710 2317 886 2377 maculant.

221 2577 240 2640 ¹)
257 2578 371 2627 Eandem
389 2578 422 2626 de
439 2577 610 2638 nympharum
628 2579 720 2623 nature
738 2577 891 2624 sententiam
910 2578 1005 2636 promit
1022 2580 1174 2639 Apolloniae
1190 2583 1305 2631 Rhodius
1322 2585 1369 2632 eed
1387 2585 1461 2637 lucc·

185 2659 280 2706 lentius
301 2659 379 2705 etiam
400 2671 454 2706 rem
472 2657 577 2717 exponit
594 2655 628 2702 11.
647 2655 708 2703 eii:
731 2655 849 2702 Peraebii
870 2659 943 2715 peter
967 2657 1029 2705 olim
1051 2661 1201 2723 ἁμαδρυάδος
1218 2666 1307 2724 νύμφης
1324 2666 1462 2716 cniusdam

184 2751 275 2798 preces
297 2737 361 2784 nihil
383 2749 476 2784 curans
499 2749 565 2796 quae
583 2735 711 2799 δδνρομίνη
728 2735 799 2797 ἀδινῷ
815 2739 946 2793 μειλίσσοιο
962 2739 1035 2800 μδδμ
1047 2740 1081 2798 μὴ
1098 2741 1190 2799 ταμίαν
1207 2744 1309 2806 πρέμνον
1326 2745 1397 2808 δρυδς
1416 2750 1429 2807 il
1452 2776 1462 2787 .

185 2837 236 2879 νος,
254 2812 267 2879 ᾖ
284 2819 322 2864 im
335 2819 424 2865 πουλὺν
441 2819 513 2864 aiem
530 2820 637 2880 νριμισνι
655 2815 767 2875 devexis,
782 2828 881 2862 uorem
897 2815 1016 2864 arborem
1032 2819 1111 2880 impie
1124 2834 1202 2868 menn
1212 2822 1367 2871 succiderat
1384 2825 1463 2874 Dolet

184 2896 297 2958 nympha
322 2900 349 2944 et
369 2896 527 2956 indignetur,
548 2899 575 2942 at
596 2896 675 2942 vitem
693 2894 798 2941 minime
815 2906 873 2940 cum
895 2894 986 2942 arbore
1004 2898 1081 2946 simul
1099 2899 1212 2960 deponit
1231 2900 1330 2949 Infesta
1348 2905 1463 2954 eoeieeto

184 2977 281 3042 νηνιρδη
297 2980 368 3041 πόριν
385 2971 447 3024 οἶνον
465 2978 555 3024 dnicae
573 2976 654 3024 donec
671 2973 776 3022 undem
794 2974 897 3035 placete
915 2977 957 3021 eet
973 2988 1017 3023 are
1036 2979 1086 3026 eibi
1104 2978 1204 3027 devota
