3104 5286
844 431 907 499 130

233 622 284 687 est
317 620 448 687 honore.
483 619 605 687 Verum
639 624 720 686 haec
750 628 890 687 mortuis
921 629 1051 688 tantum
1084 614 1323 704 oblata'vivo,
1348 626 1379 689 si
1402 625 1513 690 solnm

233 729 437 803 Lysandrum
468 728 609 803 omittis,
642 743 661 787 a
692 727 820 787 Samiis.
836 723 856 798 ¹)
881 763 923 772 -
947 729 1084 790 minime
1109 729 1282 804 plaudente
1307 730 1445 792 Graecia
1470 767 1511 776 —

231 830 351 890 divinis
372 829 549 890 honoribus
571 829 710 905 cultum,
737 829 898 890 nullidum
921 831 998 891 talis
1021 832 1123 891 honor
1148 831 1324 892 obvenerat
1348 848 1424 893 cum
1449 835 1509 908 pri·

231 947 319 1008 mus,
341 934 500 1005 quantum
520 932 686 1008 novimus,
697 933 792 992 vivus
805 933 874 1008 ipse
886 932 949 993 sibi
960 934 1139 1009 postulavit
1153 933 1337 994 Alexander
1351 927 1384 1005 ²).
1406 934 1510 1009 Quem

229 1050 304 1094 oum
327 1033 394 1094 tale
417 1048 537 1093 munus
560 1032 600 1093 ab
623 1034 786 1095 Ammone
809 1036 975 1109 petentem
1000 1036 1163 1110 videmus,
1185 1051 1250 1096 non
1270 1036 1406 1096 deorum
1428 1038 1508 1098 deri·

228 1151 350 1212 sorem,
372 1151 475 1210 neque
494 1135 651 1196 stolidum
672 1135 839 1195 hominem
858 1135 1010 1210 superbia
1029 1151 1188 1196 vesanum
1210 1136 1294 1196 inter
1307 1137 1385 1197 deos
1397 1137 1509 1199 locum

228 1238 448 1298 vindicantem
473 1236 692 1311 conspicimus
715 1236 772 1296 sed
795 1237 988 1312 principem,
1013 1237 1133 1297 litteris
1161 1237 1349 1311 artibusque
1374 1238 1509 1300 Graecis

228 1339 404 1414 eruditum,
431 1339 536 1398 virum
559 1340 630 1398 tam
654 1337 772 1398 ceteris
794 1338 917 1411 ingenii
944 1337 1074 1398 dotibus
1099 1353 1199 1412 quam
1225 1339 1347 1413 pietate
1371 1340 1405 1399 in
1429 1341 1509 1402 deos

227 1440 365 1515 clarum,
387 1440 441 1513 qui
460 1455 517 1515 per
538 1441 644 1499 totum
665 1439 726 1498 1161
739 1438 772 1497 111
785 1439 903 1499 Ρ61666
922 1439 1047 1499 factum
1067 1439 1145 1499 deos
1157 1454 1235 1500 suos
1255 1440 1363 1500 debito
1382 1441 1509 1503 honore

227 1556 407 1614 numquam
437 1540 614 1616 fraudavit,
644 1554 701 1600 eos
734 1541 846 1600 autem
881 1555 958 1614 prae
993 1541 1111 1601 ceteris
1141 1541 1219 1601 deos
1247 1540 1364 1615 selegit
1387 1543 1508 1614 quibus

225 1658 342 1718 genero
366 1642 575 1702 coniunctum
598 1656 634 1701 se
657 1640 791 1701 sciebat.
817 1640 896 1701 Dolo
923 1641 1012 1702 malo
1033 1656 1108 1702 eum
1129 1641 1249 1717 egisse,
1270 1657 1375 1715 neque
1394 1643 1507 1717 ipsum

225 1742 324 1805 fldem
347 1743 510 1817 quandam
534 1742 688 1802 habuisse
711 1741 841 1801 divinae
866 1744 1002 1802 naturas
1025 1757 1105 1802 suae
1128 1742 1187 1800 vix
1209 1742 1304 1802 hodie
1327 1743 1505 1805 credimus.

226 1845 288 1905 Sed
316 1860 513 1919 quamquam
546 1844 732 1918 aequalium
769 1844 912 1904 adulatio
943 1847 1114 1918 tamquam
1145 1844 1227 1904 lucis
1257 1844 1342 1904 nube
1372 1845 1507 1907 divinae

224 1946 391 2007 miraculis
422 1960 460 2006 ao
494 1946 648 2021 prodigiis
682 1960 794 2020 regem
829 1946 1065 2019 circumdabat;
1098 1945 1235 2005 minime
1268 1947 1381 2006 tamen
1417 1961 1505 2006 com·

225 2049 316 2124 muni
347 2049 494 2108 omnium
519 2062 680 2108 consensu
703 2046 757 2107 ille
781 2047 912 2120 quidem
936 2048 1015 2107 deus
1039 2047 1202 2107 salutatus
1226 2048 1285 2108 est.
1313 2047 1398 2107 Nam
1422 2063 1506 2109 sane

223 2150 354 2223 quidem
388 2150 450 2210 iter
483 2149 523 2209 ad
554 2149 768 2208 Ammonium
800 2149 849 2208 dis
880 2148 1067 2224 auspicibus
1097 2148 1221 2208 lactum
1252 2163 1324 2208 osse
1358 2150 1507 2209 testatur

223 2250 431 2311 Ptolemaeus
468 2251 502 2311 in
542 2249 802 2326 commentariis,
842 2251 878 2310 at
908 2252 1051 2310 testatur
1088 2264 1147 2309 rex
1189 2249 1243 2324 qui
1281 2251 1314 2309 in
1351 2252 1504 2311 nummis

223 2352 290 2412 divi
323 2352 502 2412 Alexandri
544 2354 641 2426 caput
675 2351 848 2411 Ammonis
887 2350 1039 2412 cornibus
1073 2351 1181 2411 ornari
1215 2351 1321 2411 iussit.
1357 2351 1503 2413 Exterae

222 2453 372 2512 nationes
402 2455 572 2526 tamquam
589 2454 701 2513 'deum
730 2453 834 2513 sacris
860 2452 1078 2526 legationibus
1101 2452 1326 2512 Alexandrum
1349 2453 1500 2531 obibant,

223 2568 337 2615 verum
368 2556 429 2615 hoc
460 2553 673 2615 conveniebat
703 2553 848 2614 moribus
879 2553 1024 2613 orientis.
1056 2551 1171 2614 Graeci
1201 2554 1315 2629 etiam,
1344 2556 1502 2628 quamvis

220 2657 433 2731 reluctantes,
464 2671 529 2716 non
559 2654 686 2729 legatos
712 2654 915 2729 simpliciter,
940 2655 998 2714 sed
1017 2652 1153 2733 θεωροὺς
1177 2655 1217 2715 ad
1241 2655 1389 2715 divinum
1413 2657 1500 2731 prin-

220 2760 325 2833 cipem
345 2757 537 2843 mittebaut;
559 2758 706 2817 attamen
730 2756 817 2831 regis
840 2755 921 2816 socii
943 2757 1104 2828 quantum
1124 2757 1209 2817 111161
1220 2756 1384 2817 sincerum
1399 2758 1500 2820 deum

220 2862 252 2920 et
271 2861 358 2920 huno
377 2875 488 2933 regom
508 2858 655 2918 divinum
675 2857 834 2918 interesse
855 2857 1034 2916 iudicarent
1053 2872 1151 2931 saepe
1163 2857 1389 2934 ostenderunt,
1404 2875 1499 2920 num·

218 2977 318 3035 quam
347 2961 488 3021 16116666
515 2959 669 3020 disertius
692 2974 791 3032 quam
814 2960 887 3018 tum
919 2973 994 3018 cum
1022 2958 1193 3019 adulantes
1223 2959 1374 3020 Herculis
1398 2963 1499 3035 atque

117 3041 122 3050 ’
217 3062 447 3123 Dioscurorum
477 3060 573 3121 iactis
603 3059 782 3122 Alexandri
811 3059 957 3119 facinora
987 3061 1237 3136 praeponentes,
1267 3060 1299 3120 id
1321 3062 1438 3121 tamen
1461 3077 1499 3123 se

218 3164 326 3224 dolere
350 3163 515 3222 dixerunt:
543 3158 613 3237 ,cdv
637 3159 758 3235 φθόνον
782 3156 921 3236 ἐμποδὼν
945 3157 1084 3218 ἵστασθαι
1103 3165 1164 3232 τοῖς
1185 3162 1254 3232 ζῶσι
1274 3157 1307 3220 τὸ
1326 3158 1367 3238 μὴ
1386 3161 1425 3222 οὐ
1445 3161 1500 3236 τὰς

219 3263 336 3335 δικαίας
362 3259 447 3339 τιμὰς
478 3259 579 3333 αὐτοῖς
603 3258 635 3320 ἐν
659 3269 717 3319 τῶν
737 3258 889 3332 ξυνόντων
908 3259 1087 3338 γίγνεσθαι”
1109 3254 1141 3331 ⁸).
1165 3261 1217 3320 An
1237 3262 1299 3336 ipsi
1319 3264 1499 3324 Ammonis

217 3365 284 3426 filio
307 3365 470 3440 persuasit
492 3362 716 3423 Democriteus
740 3361 794 3421 ille
818 3361 1047 3436 Anaxarchus,
1073 3361 1296 3423 Alexandrum
1319 3363 1499 3437 1166101111

218 3481 332 3528 necem
373 3464 491 3527 merito
529 3465 638 3539 ipsum
672 3462 734 3523 sibi
768 3462 926 3522 infestum
961 3463 1149 3523 consolatus
1163 3535 1167 3547 ι
1182 3461 1245 3539 ,liu
1275 3460 1323 3523 lul
1355 3465 1433 3548 τῷδε
1468 3467 1503 3527 οἱ

217 3567 310 3628 wollar
339 3564 430 3644 σοφοὶ
458 3550 567 3644 ’ἄνδρες
597 3562 652 3642 τὴν
684 3563 781 3642 Δίκην
811 3561 962 3642 πάρεδρον
992 3573 1031 3647 τῷ
1064 3560 1114 3623 Ari
1145 3562 1302 3642 ἐποίησαν,
1323 3561 1363 3638 ὡς
1388 3565 1434 3627 ὅτι
1456 3565 1499 3627 ἂν

217 3667 291 3750 πρὸς
319 3677 372 3730 τοῦ
404 3665 476 3739 Διὸς
506 3671 633 3750 κυρωθῇ
657 3673 743 3726 τοῦτο
770 3664 825 3738 ξὺν
850 3664 918 3748 δίκῃ
941 3662 1197 3745 πεπραγμένον”1
1218 3659 1241 3737 ⁴)
1266 3667 1390 3730 Verum
1414 3669 1498 3732 haec

250 3964 268 4027 ¹)
288 3967 415 4015 Plutarch.
441 3965 497 4029 Byr.
522 3979 544 4012 6.
573 3965 645 4012 161.
671 3972 763 4030 πρῶτον
786 3967 830 4022 priv
854 3966 912 4029 γὰρ,
939 3967 969 4019 ὡς
992 3968 1080 4028 ἱσνορνϊ
1104 3967 1202 4028 Δοῦρις,
1220 3963 1334 4022 Ἑλλήνων
1356 3967 1437 4028 dualem
1454 3968 1494 4013 661

214 4049 308 4108 βωμοὺς
331 4050 356 4093 αἱ
377 4048 454 4100 nederc
475 4044 605 4104 ανίσσησαν
628 4046 657 4097 ὡς
681 4049 730 4106 θοῷ
756 4045 794 4090 καὶ
817 4047 905 4097 θυσίας
926 4046 1031 4100 Ιθνσαν,
1054 4045 1086 4097 εἰς
1107 4044 1133 4090 dl
1150 4051 1242 4109 πρῶτον
1259 4049 1356 4098 παιᾶνας
1374 4042 1493 4107 ᾔσθησαν,

215 4123 246 4171 ὧν
276 4125 326 4180 ledo
349 4124 426 4189 ἀρχὴν
451 4125 668 4183 ἀπομνημονεύουσι
694 4124 792 4171 romvla-
819 4123 894 4181 ,rte
915 4123 1055 4179 ‘atilios
1079 4124 1217 4182 θγαθίας
1242 4125 1419 4188 στραταγὸν
1444 4126 1489 4173 ἀπ’

215 4207 390 4269 εὐρυχόρου
415 4206 559 4268 Σπάρτας
582 4204 763 4261 bardesan,
788 4198 819 4255 ὦ,
845 4201 873 4260 ἰὴ
900 4200 1025 4249 nsaw.
1042 4205 1126 4260 Σάμιοι
1146 4201 1172 4248 at
1190 4202 1220 4247 616
1236 4202 1291 4265 παρ’
1310 4203 1491 4270 αὑνσῐςἮραια

215 4283 352 4348 λασάνδρια
370 4286 446 4330 udalr
463 4285 616 4343 δψηφίσανσσ.

248 4360 404 4417 ’lProxime
427 4363 513 4408 16111611
536 4361 588 4407 16111
608 4363 753 4407 6666666161
769 4359 920 4422 Philippus,
937 4360 1073 4420 Philippeo
1090 4359 1224 4420 Olympias
1243 4362 1384 4409 6661111616.
1403 4361 1485 4421 (Pana

215 4441 243 4487 V.
262 4441 352 4489 1616.
369 4465 402 4475 -
420 4441 459 4488 01.
476 4452 579 4500 quoqne
598 4452 677 4500 snpra
694 4453 753 4500 pag.
772 4441 808 4500 l).

246 4516 267 4578 ³)
284 4521 382 4568 Atrion.
401 4520 443 4571 1v.
461 4521 484 4567 8.
495 4521 519 4567 8.

245 4596 381 4660 41Δ111611.
399 4599 442 4647 Π.
460 4600 483 4646 9.
494 4599 521 4654 '13
537 4598 571 4645 61.
587 4598 656 4646 Plut.
674 4596 745 4645 Alea.
765 4597 805 4645 52.
