3068 5294
788 475 852 535 206

249 762 305 824 Vs.
329 764 382 824 47.
431 762 546 840 Φοῖβον
569 757 619 820 καλ
641 757 760 837 Νόμιον
781 759 975 838 κικλήσκομεν
999 757 1070 832 έξέιι
1092 759 1193 820 κείνου

432 856 500 935 έξόι’
527 856 569 922 έιι’
595 866 769 946 Ἀμφρυσσῷ
793 861 954 942 ζευγέτιδας
978 859 1097 940 ἔτρεφεν
1121 860 1231 934 ἵππους

430 961 538 1042 ήιθέον
562 958 609 1024 bd
636 962 719 1041 έρωιι
743 962 923 1041 κεκαυμένος
947 962 1106 1041 Ἀδμήτοιο.

332 1069 373 1128 50
430 1066 494 1146 ῥεῖά
517 1087 549 1125 κε
571 1064 734 1144 βουβόσιον
756 1062 870 1127 τελέθοι
892 1061 992 1141 πλέον,
1014 1061 1086 1125 οὐδέ
1107 1085 1159 1123 κεν
1181 1057 1261 1144 αἶγες

430 1168 564 1228 decoloro
587 1165 722 1247 βρεφέοιν
744 1165 927 1246 ένιμήλάδες,
950 1160 1018 1250 ήσιν
1042 1165 1188 1227 Ἀπόλλων

430 1266 613 1352 βοσκομένής
637 1265 798 1347 ὀφθαλμὸν
821 1267 975 1349 ἐσήγαγεν·
1001 1263 1069 1329 οὐδ’
1096 1265 1255 1349 ἆγολλακιες

431 1371 501 1442 οἴιες
525 1364 592 1431 οὐδ’
619 1366 741 1447 blandos,
762 1379 855 1429 πᾶσαι
880 1368 912 1430 δέ
934 1392 985 1430 κεν
1008 1363 1066 1430 εἷεν
1089 1369 1229 1448 bandvon,

429 1468 448 1550 ή
473 1469 505 1532 δέ
527 1494 559 1532 κε
581 1470 763 1548 μουνοιόκος
786 1470 983 1550 ὃιδομήτόιιος
1006 1465 1083 1547 αἶψα
1107 1469 1229 1551 γένοιτο.

231 1576 291 1636 Per
324 1577 384 1636 hos
415 1589 528 1634 versus
559 1574 637 1634 dum
668 1573 812 1634 nonnihil
844 1574 999 1635 immutat
1030 1575 1062 1634 in
1086 1575 1220 1648 antiqua
1243 1573 1458 1648 mythologie,
1490 1593 1522 1611 Α

186 1677 317 1738 dictioni
340 1691 466 1751 quoque
489 1677 597 1750 spicae
620 1691 704 1736 nova
731 1677 890 1750 quaedam
913 1677 1039 1737 adiecit.
1060 1677 1100 1736 Et
1120 1677 1261 1752 primum
1281 1675 1449 1737 dicendum

185 1781 237 1839 est
271 1779 309 1839 de
344 1778 476 1838 vocibus
507 1773 607 1849 έξέτι
638 1781 784 1837 κεῖνον.
816 1777 911 1839 Valet
942 1779 1029 1838 enim
1053 1776 1092 1837 de
1115 1777 1270 1838 vocabulo
1294 1774 1365 1849 έξέτι
1388 1777 1451 1838 tale

185 1881 338 1953 quiddam
370 1895 408 1941 ao
437 1880 476 1940 de
508 1894 584 1940 voce
615 1875 710 1956 εἰσέτι,
742 1879 782 1939 ad
813 1878 902 1941 illius
926 1878 1071 1939 vocabuli
1094 1878 1281 1952 exemplum
1305 1879 1339 1938 ni
1362 1879 1452 1939 fallor

185 1981 335 2057 formata,
370 1981 409 2041 de
444 1995 507 2054 qua
540 1980 722 2040 rectissime
755 1981 940 2041 observavit
975 1981 1188 2041 Schneiderus
1220 1981 1260 2042 ad
1290 1980 1345 2041 IV.
1380 1981 1451 2056 189,

190 2097 305 2160 ,saepe
334 2082 570 2142 Alexandrinos
600 2083 712 2156 poetas
743 2082 790 2141 ita
821 2097 898 2142 usos
927 2097 999 2142 esse
1022 2082 1083 2142 hac
1108 2097 1185 2143 voce
1211 2084 1249 2141 ut
1271 2096 1291 2141 a
1313 2082 1452 2156 simplici

187 2183 227 2244 έιι
261 2185 341 2246 nihil
375 2185 469 2260 plane
504 2184 663 2244 differat''.
699 2184 840 2244 Interest
873 2185 983 2244 autem
1018 2183 1138 2257 aliquid
1168 2184 1252 2244 inter
1282 2186 1453 2257 utramque

189 2302 313 2347 vocem.
337 2287 421 2346 Nam
445 2287 626 2347 formarunt
649 2286 710 2346 sibi
723 2286 819 2345 huius
838 2286 957 2346 aetatis
977 2285 1149 2360 scriptores
1168 2283 1200 2344 τὸ
1220 2281 1320 2361 εἰσέτι;
1343 2289 1453 2347 eontra

190 2385 261 2460 έξέτι
292 2389 452 2464 exstabat,
477 2390 535 2448 aut
557 2387 674 2447 saltem
700 2386 868 2447 videbatur
889 2388 930 2446 iis
953 2388 1083 2462 extare;
1111 2387 1206 2447 modo
1229 2387 1354 2448 sensim
1376 2389 1453 2463 prio·

187 2505 258 2550 rem
294 2491 359 2550 vim
394 2504 470 2564 pars
506 2489 637 2549 voculae
667 2503 799 2563 prorsus
829 2489 987 2562 deposuit,
1019 2489 1052 2548 et
1083 2490 1120 2548 ut
1149 2490 1282 2549 evanuit
1311 2489 1345 2549 in
1378 2505 1455 2550 voce

186 2588 271 2651 εἰσέτι
302 2592 353 2652 vis
375 2591 631 2666 praepositionis,
656 2591 703 2650 sic
727 2590 869 2650 adverbii
892 2590 924 2650 in
950 2589 1104 2650 vocabulo
1127 2586 1221 2650 εἰσέτι.
1243 2590 1371 2650 Sensim
1396 2591 1455 2652 hoc

186 2694 308 2754 lactum
344 2697 405 2770 est,
438 2708 543 2767 neque
572 2692 689 2765 ubique
720 2691 804 2766 apud
836 2693 984 2751 nostrum
1014 2691 1046 2751 id
1076 2692 1173 2752 valet.
1197 2692 1340 2752 Noverat
1363 2691 1450 2752 Galli·

185 2782 321 2857 machus
345 2810 459 2857 versus
485 2795 666 2856 homericos
690 2795 714 2854 I.
743 2793 805 2852 104
828 2809 893 2867 sqq.

428 2894 465 2956 οὐ
488 2895 544 2974 γάρ
567 2917 609 2966 τις
632 2892 705 2954 νόον
728 2890 814 2965 ἄλλος
838 2890 981 2972 ἀμείνονα
1003 2892 1091 2954 τοῦδε
1112 2892 1225 2972 νοήσει,

429 2990 494 3057 οἷον
517 2994 572 3076 έγὼ
597 2993 680 3073 νοέω,
702 2990 777 3073 ήμέν
797 2993 887 3055 πάλαι
910 2988 960 3073 ἧδ’
987 2993 1028 3054 ἔτι
1050 2991 1100 3054 καλ
1122 3002 1181 3053 νῦν

430 3097 459 3172 ἐξ
483 3097 523 3158 έιι
546 3105 609 3174 τοῦ,
632 3096 677 3157 ὅτε
699 3119 725 3156 ιι.
750 3118 773 3156 τ.
796 3101 821 3156 λ,

184 3219 247 3277 quo
276 3202 345 3262 loco
375 3202 473 3262 habet
502 3201 563 3261 sibi
593 3215 689 3260 suam
716 3199 877 3274 propriam
901 3214 939 3259 ac
961 3198 1179 3259 necessariam
1205 3198 1272 3259 vim
1296 3196 1347 3275 ἔτι,
1369 3202 1451 3275 quod

184 3305 271 3364 recte
295 3303 398 3365 reddit
421 3302 613 3363 scholiastae
636 3300 858 3375 interpretatio
886 3292 951 3374 ,ἀπ’
979 3297 1093 3359 ἐκείνου
1117 3307 1170 3359 τοῦ
1194 3297 1303 3378 χρόνον
1327 3297 1382 3373 ἕως
1400 3308 1451 3361 τοο

184 3407 262 3465 νῦν”
298 3407 348 3476 (cf.
379 3410 411 3464 θ.
435 3405 520 3474 245).
552 3403 662 3477 Neque
694 3403 811 3463 desunt
842 3401 904 3462 loci
927 3401 981 3461 ubi
1005 3403 1089 3462 hunc
1110 3417 1208 3461 usum
1231 3402 1451 3478 Alexandrini,

184 3511 239 3581 qui
269 3507 369 3567 etiam
399 3507 432 3565 in
461 3505 603 3565 Homero
633 3500 704 3576 έξέτι
735 3503 884 3563 videntur
915 3502 1032 3576 legisse
1063 3495 1113 3578 ὑφ’
1143 3502 1190 3580 tv,
1223 3504 1451 3579 observarunt;

184 3609 231 3670 ita
251 3608 438 3683 Apollonius
458 3607 602 3667 Rhodius
614 3605 668 3666 IV.
682 3605 757 3666 430.
780 3605 841 3665 Sed
863 3604 946 3679 apud
967 3606 1116 3664 nostrum
1136 3606 1266 3666 etiamsi
1282 3622 1346 3667 non
1359 3608 1451 3668 offen·

184 3709 304 3770 datiis
326 3709 406 3770 locis
430 3709 484 3768 ubi
506 3708 696 3768 occurrit—
719 3708 796 3768 sunt
826 3710 938 3767 autem
961 3707 1029 3766 tres
1052 3707 1123 3783 loci,
1147 3707 1200 3768 IV.
1227 3709 1308 3784 275;
1333 3709 1375 3770 11.
1400 3710 1450 3784 47,

188 3812 250 3871 104
260 3845 299 3854 —
310 3811 357 3871 ita
369 3813 481 3870 tamen
493 3810 630 3869 moleste
643 3808 785 3869 abundat
795 3806 827 3867 τὸ
837 3805 876 3866 έτι
888 3809 926 3868 ut
938 3823 975 3867 eo
987 3807 1146 3868 debilitari
1155 3824 1289 3869 sensum
1302 3811 1450 3886 fatearis;

185 3928 273 3989 narn,
301 3913 364 3973 nisi
387 3912 526 3985 accipias
553 3913 663 3971 nostro
686 3910 755 3970 loco
779 3907 819 3968 έτι
843 3911 1014 3983 tamquam
1036 3910 1131 3984 plane
1153 3913 1241 3971 omni
1266 3912 1298 3972 vi
1321 3913 1451 3973 destitu-

184 4019 266 4091 tum,
298 4015 465 4075 fatendum
496 4013 567 4089 erit,
599 4016 729 4088 poetam
760 4013 815 4086 qui
843 4013 929 4072 dicat
956 4012 1091 4090 ,Φοῖβον
1118 4011 1237 4089 Νόμιον
1259 4013 1452 4091 κικλήσκομεν

184 4114 271 4189 έξέιι
293 4114 415 4175 κείνοο”
440 4115 499 4175 hoc
524 4116 666 4190 innuere,
692 4114 863 4187 aliquando
888 4114 1026 4174 fortasse
1045 4115 1176 4189 tempus
1197 4116 1371 4176 venturum
1391 4130 1451 4189 quo

184 4234 248 4279 non
278 4218 419 4292 amplius
450 4232 486 4277 eo
516 4217 646 4276 nomine
671 4216 850 4275 celebretur
872 4214 995 4289 Apollo.
1021 4214 1172 4275 Ceterum
1196 4218 1232 4276 ut
1256 4217 1449 4278 demonstre-

185 4335 260 4380 mus
280 4335 314 4379 re
333 4334 412 4378 vera
430 4319 495 4378 iam
517 4318 600 4392 apud
620 4317 856 4378 Alexandrinos
880 4314 952 4389 έξέτι
974 4318 1021 4378 lta
1044 4318 1144 4392 accipi
1166 4321 1204 4377 ut
1223 4332 1355 4391 prorsus
1375 4318 1450 4379 nihil

185 4422 292 4482 valeat
315 4421 378 4480 nisi
403 4417 442 4495 ἐξ,
474 4421 528 4479 vix
559 4420 661 4495 aptior
691 4420 783 4480 extat
814 4419 903 4479 locus
935 4434 1033 4492 quam
1056 4419 1216 4493 Apollonii
1239 4420 1355 4480 Rhodii
1375 4420 1449 4494 Arp.

183 4525 237 4584 IV.
271 4524 344 4597 791,
376 4537 439 4595 quo
469 4537 565 4582 versu
600 4523 680 4582 luno
710 4521 890 4596 Thetidem,
922 4521 988 4581 iam
1012 4522 1123 4595 opinor
1150 4521 1307 4598 adultam,
1332 4523 1378 4583 sic
1401 4523 1448 4582 ad·

185 4625 343 4699 loquitur:
721 4645 723 4649 ¹
