3104 5296
829 455 868 512 76
1229 455 1285 514 ΙΙΙ.
1314 455 1477 514 108-111

216 647 331 708 eodem
364 659 464 705 sensu
495 643 665 705 adhibetur
698 643 751 704 IV.
789 643 850 723 187
886 645 919 704 et
953 643 991 704 ir.
1031 643 1104 705 187.
1139 642 1177 703 In
1212 642 1344 704 vocibus
1375 638 1479 703 ἄεθλον

217 750 330 809 contra
362 749 395 808 ot
424 743 534 817 ἄεθλος
563 745 706 806 nondum
737 745 923 806 observavit
947 748 1057 806 noster
1080 745 1113 806 id
1136 744 1259 806 factum
1282 759 1356 806 esse
1380 745 1479 806 discri·

219 864 294 910 men
317 849 356 909 ab
380 848 523 921 antiquis
546 847 655 924 epicis,
679 848 717 907 ut
739 838 834 918 ἆθλος
857 847 966 923 ipsum
986 848 1162 923 certamen,
1188 838 1285 906 ἆθλον
1305 848 1480 923 praemium

217 951 383 1027 indicaret,
408 950 447 1011 de
470 964 534 1023 quo
556 949 741 1009 discrimine
773 949 957 1023 disputasse
981 949 1209 1009 Aristarchum
1232 949 1373 1009 testatur
1397 949 1480 1024 Apol·

218 1053 325 1115 ionius
358 1052 509 1128 sophista
542 1053 583 1113 11.
619 1053 639 1112 9
672 1050 792 1122 (Ludw.
824 1051 969 1112 Aristi.
1002 1051 1087 1120 491).
1116 1050 1233 1111 Noster
1255 1050 1344 1110 enim
1368 1050 1422 1110 VI.
1446 1052 1480 1111 it

219 1155 297 1216 dicit
331 1153 510 1232 ,Ἀθαναίας
541 1147 581 1213 iri
617 1150 733 1213 ἅεθλο”
766 1153 822 1214 ubi
845 1149 947 1232 ἀγῶνα
970 1153 1100 1227 indicat,
1124 1154 1159 1213 at
1182 1152 1363 1213 masculina
1387 1153 1483 1214 forma

219 1256 322 1318 utitur
355 1256 469 1318 eadem
499 1254 733 1329 significatione
764 1253 818 1316 IV.
846 1254 1007 1330 171;111.
1041 1254 1114 1314 139.
1139 1253 1220 1315 Cum
1243 1269 1319 1315 vero
1342 1254 1401 1315 ΙΙΙ.
1428 1255 1482 1314 145

218 1357 301 1417 dixit
335 1365 411 1433 ,νῦν
441 1352 473 1416 δ’
508 1353 605 1418 οὐκέτι
637 1364 743 1416 τοῦτον
767 1352 879 1416 ἄεθλον
905 1356 1017 1435 Φοῖβος
1041 1353 1117 1433 ἔχει”
1144 1354 1332 1430 exemplum
1357 1355 1483 1418 Homeri

151 1507 152 1510 ,
218 1458 356 1519 fortasse
390 1459 482 1533 sequi
516 1459 577 1519 sibi
616 1458 794 1533 videbatur,
824 1459 878 1532 qui
903 1458 1022 1518 labores
1044 1473 1081 1518 eo
1107 1456 1351 1518 substantivum
1375 1457 1482 1519 indica·

219 1561 311 1620 verat
341 1559 366 1620 ri.
404 1563 466 1623 170
498 1563 532 1623 ot
562 1560 648 1636 alibi,
679 1575 879 1634 quamquam
902 1560 1034 1634 gravius
1056 1558 1200 1634 profecto
1224 1561 1274 1620 est
1296 1560 1482 1622 vocabulum

218 1676 317 1734 quam
341 1663 379 1723 ut
404 1662 455 1724 dei
478 1661 636 1738 Apollinis
660 1677 781 1722 munus
805 1662 884 1723 illud
908 1661 1038 1723 indicet.

263 1763 314 1824 Ad
348 1762 496 1825 altiorem
528 1778 713 1824 sermonem
744 1765 840 1838 poeta
871 1763 1024 1839 escendit,
1060 1778 1135 1824 cum
1167 1752 1333 1837 expositis
1347 1779 1430 1838 quae
1450 1763 1483 1824 ic

220 1865 324 1926 cervis
348 1865 513 1940 Geryneiis
534 1866 645 1926 minus
667 1865 834 1940 divulgata
856 1880 1006 1927 enarrare
1027 1864 1156 1926 volebat
1175 1865 1354 1939 ingreditur
1372 1880 1482 1927 novam

220 1968 334 2043 hymni
372 1970 500 2043 partem
534 1969 595 2028 hac
636 1967 850 2044 invocatione,
890 1982 973 2041 quae
1007 1983 1027 2028 a
1058 1967 1230 2028 venatrice
1264 1982 1383 2029 exorsa
1415 1981 1483 2028 mor

221 2069 345 2131 maiora
368 2072 446 2132 deae
470 2084 606 2131 munera
634 2070 814 2130 memorat:

288 2274 343 2336 Va.
370 2275 443 2336 110.
482 2270 599 2354 Ἄρτεμι
622 2272 773 2354 παρθενίη
800 2270 984 2351 Τιτυοκτόνε,
1007 2271 1115 2352 χρύσεα
1139 2266 1260 2349 μέντοι

489 2373 572 2436 ἔντεα
594 2372 645 2434 καλ
668 2374 756 2454 ζώνη,
778 2374 902 2455 χρύσεον
926 2369 953 2434 δ’
981 2371 1099 2448 ἐζεύξαο
1124 2372 1244 2453 δίφρον,

489 2473 521 2536 ἔν
544 2470 573 2536 δ’
600 2473 704 2555 ἔβάλευ
727 2475 847 2555 χρύσεια
870 2472 928 2554 θεὴ
951 2475 1107 2554 κεμάδεσσι
1130 2472 1242 2553 χαλινά.

487 2586 548 2640 ποῦ
571 2575 604 2640 δέ
627 2594 658 2640 σε
680 2577 713 2639 τὸ
737 2587 855 2658 πρῶτον
877 2577 988 2657 κερόιις
1012 2574 1079 2656 ὄχος
1102 2570 1200 2656 ἤρξατ’
1225 2572 1352 2656 ἀείρειν;

490 2679 577 2766 Αἴμηο
602 2679 651 2741 ἔπι
676 2680 791 2760 Θρήικι,
813 2679 904 2742 τόθεν
927 2676 1034 2761 βορέαο
1058 2677 1160 2751 κατάιξ

372 2784 434 2845 115
489 2780 601 2863 ἔρχεται
622 2780 787 2863 άχλαίνοισι
810 2780 921 2844 δυσαέα
943 2780 1059 2863 κρυμὸν
1082 2777 1205 2862 άγουσα.

489 2892 549 2945 ποῦ
573 2879 601 2945 θ’
627 2883 728 2963 ἔταμες
751 2884 876 2963 πεύκην,
898 2881 958 2945 ἀπὸ
982 2879 1015 2944 δὲ
1039 2880 1149 2962 φλογὸς
1172 2880 1256 2960 ἥψαο
1278 2881 1384 2962 ποίης;

490 2987 591 3070 Mvop
615 2983 647 3046 ἔν
672 2984 835 3072 Οὐλύμπῳ,
857 2984 950 3064 φάεος
975 2978 1003 3055 δ’
1028 2981 1151 3062 ἔνέηκας
1173 2978 1290 3061 άυτμὴν

490 3084 644 3167 ἀσβέστου,
666 3087 698 3149 τό
722 3087 759 3169 ῥα
783 3086 894 3167 πατρὸς
917 3085 1116 3159 άποστάζουσι
1138 3084 1288 3164 κεραυνοί.

269 3191 504 3254 Alexandrinae
527 3193 607 3253 artis
630 3192 882 3266 eruditionisque
911 3191 1070 3266 exemplis
1098 3191 1132 3251 hl
1160 3204 1274 3251 versus
1298 3188 1493 3261 redundant,

225 3294 295 3354 eius
329 3294 410 3354 artis
442 3294 512 3357 dico
540 3310 623 3368 quae
650 3310 831 3368 numquam
861 3309 925 3356 non
952 3296 1122 3370 poetarum
1146 3293 1355 3367 antiquorum
1379 3305 1495 3353 memo·

225 3396 308 3455 riam
330 3396 491 3472 deponens
513 3411 598 3458 nunc
623 3397 708 3458 lecta
731 3397 857 3472 repetit,
881 3412 967 3457 nunc
987 3397 1121 3470 antiqua
1140 3395 1234 3456 novis
1255 3393 1382 3471 miscet,
1405 3393 1496 3455 modo

225 3499 333 3558 mutat
355 3500 524 3572 poetarum
546 3498 633 3560 dicta
653 3499 749 3560 modo
769 3499 910 3576 corrigit,
930 3499 1054 3574 tragica
1074 3497 1257 3572 homericis,
1280 3495 1371 3570 epica
1391 3494 1499 3570 lyricis

224 3599 401 3661 illustrans.
436 3600 592 3676 Exemplo
626 3602 670 3662 sit
703 3598 825 3660 ἔντεα.
868 3601 902 3662 si
933 3601 1022 3662 enim
1051 3600 1249 3675 accipiamus
1279 3611 1353 3659 eam
1383 3612 1496 3658 vocem

225 3702 403 3763 secundum
427 3717 524 3762 usum
543 3703 745 3764 homericum
768 3702 807 3763 de
830 3705 1033 3774 τιεποστικοῖς
1057 3701 1168 3778 armis,
1192 3700 1249 3760 vix
1268 3698 1498 3772 intellegamus

226 3818 386 3876 quaenam
408 3803 590 3866 venatricis
616 3820 708 3866 arma
728 3807 824 3881 poeta
848 3805 988 3866 indicare
1012 3803 1101 3865 velit.
1127 3802 1250 3864 Verum
1280 3800 1498 3862 Callimachus

227 3904 282 3978 qui
304 3905 344 3966 11.
372 3906 411 3967 19
442 3920 568 3981 quoque
599 3906 758 3968 citharam
787 3908 884 3981 atque
908 3921 1021 3967 arcum
1048 3899 1227 3984 ,Λοοοορέος
1250 3901 1333 3963 ἔντεα
1359 3902 1497 3982 Φοίβοο”

227 4005 376 4083 appellat,
399 4006 513 4069 latiore
536 4023 635 4069 sensu
658 4008 773 4083 accipit
796 4007 828 4068 id
848 4007 1092 4068 substantivum
1103 4024 1111 4082 ;
1132 4021 1210 4066 nam
1229 4005 1356 4081 spectat
1374 4020 1500 4082 arcum,

225 4108 475 4184 pharetramque
508 4109 640 4171 Dianae.
675 4108 733 4170 Cui
767 4109 842 4170 usui
875 4108 984 4169 lavere
1019 4108 1050 4170 oi
1085 4107 1276 4168 videbantur
1306 4106 1374 4167 iam
1397 4106 1502 4182 ipsius

228 4210 362 4271 Homeri
385 4225 499 4272 versus
522 4211 559 4269 K.
588 4212 630 4271 75

782 4308 864 4392 παρὰ
887 4304 916 4370 δ’
942 4309 1026 4371 ἔντεα
1048 4302 1152 4370 ποικίλ’
1179 4306 1269 4369 ἔκειτο

492 4408 581 4485 ἀσπλς
603 4409 654 4472 καλ
677 4411 733 4474 δύο
758 4412 847 4494 δοῦρε
872 4411 982 4493 φαεινή
1004 4434 1033 4473 τε
1057 4410 1229 4492 τρυφάλεια,

225 4515 335 4589 Neque
369 4514 469 4588 igitur
503 4513 720 4577 callimachus
756 4515 995 4590 suffragabatur
1026 4515 1055 4576 ei
1087 4513 1226 4591 opinioni
1254 4526 1354 4586 quam
1386 4517 1504 4588 postea

227 4617 436 4680 Aristarchus
470 4617 598 4677 tutatus
633 4618 684 4677 est
718 4613 801 4676 ἔντεα
833 4632 905 4678 esse
937 4613 997 4677 άπὸ
1029 4623 1082 4676 τοῦ
1113 4611 1193 4686 ἔντὸς
1224 4610 1300 4693 ἔχειν
1330 4611 1383 4673 τὸν
1405 4610 1507 4698 ἄνδρα
