3104 5296
822 455 883 514 142
1230 453 1284 515 IV.
1313 456 1480 516 134-136

215 643 461 718 antiquissimos
494 641 749 716 Alexandrinos;
786 658 862 703 nam
891 657 955 703 non
986 642 1091 703 solum
1119 642 1213 718 plane
1237 643 1389 703 convenit
1410 658 1481 703 cnm

215 749 326 807 nostro
360 746 429 806 loco
461 748 494 805 et
529 742 606 805 Gall.
640 743 677 804 ir.
711 744 785 819 249,
818 745 874 805 aed
906 745 991 805 idem
1021 746 1124 805 sensit
1146 760 1272 818 quoque
1296 745 1483 805 Theocritus

216 849 331 919 (XXII.
360 849 433 917 174)
457 848 652 920 secutusque
676 848 727 906 est
750 847 908 912 Nicander
932 846 1032 917 (Ther.
1061 848 1144 916 117).

259 950 472 1024 interpretem
508 949 626 1009 iterum
659 949 727 1022 agit
761 947 979 1009 callimachus
1009 963 1106 1008 versu
1133 950 1291 1022 sequenti.
1315 948 1399 1008 Nam
1424 946 1483 1008 bel·

215 1052 284 1113 lum
309 1067 384 1113 cum
404 1052 493 1111 esset
512 1051 598 1111 iuter
615 1051 848 1125 grammaticos
867 1051 906 1110 de
925 1051 1089 1111 homerica
1106 1067 1183 1111 voce
1203 1046 1483 1126 προθέλυμνος

214 1156 325 1228 aperte
348 1153 457 1214 docuit
480 1152 556 1225 qnid
580 1153 727 1212 censeret
745 1152 785 1213 de
805 1153 875 1213 eius
902 1152 1052 1213 adiectivi
1072 1169 1134 1213 usu
1155 1155 1179 1212 l.
1194 1153 1255 1211 541
1280 1150 1385 1215 (illum
1399 1150 1484 1210 enim

215 1270 347 1317 versum
379 1255 430 1315 hic
462 1255 598 1328 spectat)
633 1250 745 1329 „stolii
776 1247 807 1312 δ’
843 1251 860 1312 ὅ
882 1274 915 1333 γε
937 1251 1132 1331 προθέλυμνα
1155 1250 1246 1332 χαμαὶ
1267 1252 1338 1330 βάλε
1363 1248 1484 1327 δένδρεα

215 1357 350 1435 μοκρά”.
374 1356 508 1430 Accepit
530 1356 628 1431 enim,
650 1355 682 1416 id
705 1355 788 1433 quod
814 1371 927 1416 versus
949 1358 1068 1431 noster,
1094 1372 1135 1416 ex
1165 1355 1347 1415 imitatione
1371 1354 1484 1427 hymni

214 1460 249 1519 ia
273 1457 372 1534 Apoll.
394 1473 442 1517 ve.
463 1459 527 1517 383
551 1459 660 1533 natue,
684 1458 799 1532 arguit,
824 1472 862 1518 ea
887 1459 919 1517 vi
950 1473 1047 1532 quam
1076 1455 1358 1536 οοοοοπρόρριζος,
1382 1471 1484 1528 neque

215 1561 308 1621 stetit
341 1561 382 1621 ab
417 1575 455 1620 ea
486 1559 576 1633 parte
605 1559 656 1619 cui
689 1561 802 1633 postea
830 1560 911 1619 iavit
938 1560 1144 1621 Aristarchus
1168 1560 1222 1632 qui
1250 1554 1341 1631 „iiiia
1366 1553 1409 1616 ἐπ’
1436 1555 1484 1615 dl-

213 1662 296 1733 λοις”
321 1660 496 1735 explicavit
523 1652 554 1729 ¹).

258 1760 389 1837 ὑψόθε
411 1763 534 1822 omisso
557 1784 574 1819 v
599 1754 797 1836 quamquam
822 1764 854 1823 in
877 1764 1051 1824 homericis
1083 1778 1147 1824 non
1171 1762 1310 1823 occurrit
1333 1776 1393 1821 suo
1417 1761 1485 1821 iure

213 1864 359 1926 adhibuit
382 1863 609 1925 Callimachus,
633 1864 743 1938 Neque
766 1866 887 1926 nimiae
911 1865 1115 1926 accusabitur
1139 1864 1290 1925 licentiae
1319 1863 1396 1936 quia
1419 1877 1484 1922 ver·

215 1967 293 2027 bum
317 1969 536 2044 σμορογεῖο
561 1965 645 2039 qued
667 1965 706 2026 de
730 1967 876 2040 personis
895 1968 1075 2040 antiquitus
1091 1981 1155 2026 non
1174 1964 1340 2026 dicebatur
1365 1999 1406 2008 -
1428 1965 1485 2024 Eu·

215 2068 357 2129 stathiue
375 2069 504 2143 propter
524 2070 557 2127 Β.
572 2069 646 2143 210,
669 2070 732 2129 463
753 2069 861 2129 docuit
881 2070 988 2139 (1230.
1003 2071 1056 2137 56)
1082 2064 1132 2144 ητὸ
1151 2063 1241 2126 πλέον
1261 2063 1309 2126 ἐπὶ
1332 2065 1485 2126 ὑδάτων

214 2168 289 2248 ἦχον
319 2166 477 2248 λέγεσθαι”
504 2202 544 2211 -
569 2185 654 2229 nunc
686 2169 725 2230 de
758 2169 859 2231 Marte
882 2171 974 2230 dixit.
999 2170 1087 2246 Quod
1110 2172 1148 2228 ut
1177 2167 1297 2230 laceret
1328 2168 1434 2228 suasit
1457 2167 1485 2226 ei

218 2287 334 2331 versus
359 2273 396 2331 Φ.
424 2271 486 2331 198

435 2369 511 2431 ἀλλὰ
532 2369 583 2431 καὶ
604 2366 637 2444 ὃς
661 2372 786 2433 δείδοικε
810 2370 882 2444 Διὸς
906 2373 1043 2458 μεγάλοιο
1066 2368 1214 2450 κεραυνὸν

440 2473 543 2552 δεινήν
566 2495 594 2534 τε
618 2473 758 2553 βροντὴν,
781 2468 818 2534 ὅτ’
845 2467 892 2533 ἀπ’
919 2471 1089 2553 οὐρανόθεν
1113 2471 1296 2555 σμαραγήσῃ,

260 2576 306 2638 Ut
328 2577 416 2638 enim
441 2579 499 2639 hoc
520 2577 588 2638 loco
609 2592 710 2651 aeque
733 2579 821 2638 recte
842 2577 976 2637 verbum
993 2579 1154 2654 opapoystv
1174 2576 1213 2636 ad
1233 2573 1292 2633 Δία
1316 2574 1486 2652 βροντῶντα

215 2679 325 2739 referri
350 2679 518 2740 videbatur
541 2682 638 2753 atque
662 2679 702 2740 ad
725 2676 865 2757 βροντὴν,
883 2680 930 2739 ita
952 2678 1169 2740 Callimachus
1187 2678 1283 2738 licere
1295 2677 1357 2737 eibi
1369 2677 1485 2738 iudica·

215 2782 272 2858 uit,
307 2783 345 2841 ut
378 2781 498 2842 diceret
535 2778 638 2859 »Ἄρος
673 2777 888 2860 ἕσμαράγηοε”,
921 2781 1130 2854 sequentibus
1161 2779 1345 2841 accuratius
1368 2794 1485 2840 sonum

213 2882 359 2943 indicens
393 2879 460 2957 „soi
491 2878 603 2940 ἀσπίδα
626 2881 720 2956 τύψεν
743 2879 845 2965 ἀκωκῇ
874 2881 1050 2959 δούρατος”.
1075 2881 1116 2941 Et
1139 2883 1198 2942 hoc
1222 2883 1353 2955 quidem
1378 2882 1486 2941 minus

212 2982 359 3044 feliciter.
394 2983 477 3043 Nam
509 2983 567 3042 le
596 2984 778 3058 putaverim
803 2985 867 3044 octe
891 2984 1005 3043 hastae
1029 2983 1169 3057 clipeum
1194 2998 1214 3042 a
1236 2982 1295 3044 deo
1318 2982 1484 3056 pulsatum

213 3100 296 3145 esee.
328 3083 450 3144 Verum
480 3085 630 3146 imitandi
658 3085 764 3146 studio
796 3086 913 3146 ductus
941 3087 1035 3160 poeta
1059 3085 1091 3143 in
1117 3100 1213 3144 usum
1234 3099 1332 3144 suum
1358 3100 1484 3144 conver·

213 3186 294 3245 tisse
325 3185 452 3245 videtur
479 3186 643 3246 homerica
670 3188 768 3246 verba
795 3202 877 3260 qnae
906 3202 973 3246 rem
996 3187 1090 3261 plane
1111 3186 1272 3246 diversam
1299 3186 1485 3246 describunt

215 3289 262 3357 (Y.
289 3288 364 3355 259)

249 3502 267 3562 ¹)
285 3507 377 3553 Paucis
402 3507 465 3554 haec
492 3507 604 3568 absolvo,
622 3509 742 3567 quoniam
765 3513 884 3557 accurate
902 3509 934 3555 ds
955 3509 1004 3555 hac
1022 3523 1049 3555 re
1067 3510 1118 3555 iam
1136 3508 1201 3554 dixit
1218 3507 1250 3554 de
1267 3507 1321 3553 Ian.
1339 3521 1364 3568 p.
1383 3508 1425 3566 81,
1441 3507 1485 3566 iqui

213 3585 264 3632 huc
282 3585 390 3632 eontulit
407 3599 496 3633 versus
513 3599 545 3633 ex
562 3587 657 3646 hymno
674 3588 742 3635 hom.
760 3590 785 3636 in
804 3586 885 3650 Apoll.
903 3590 951 3635 383
968 3601 1020 3649 sqq.

549 3664 560 3727 ἦ
579 3670 616 3714 καὶ
635 3671 671 3714 bri
689 3671 739 3729 ῥίον
757 3666 815 3715 ὦσιν
831 3667 889 3721 ἄναξ
906 3670 1014 3731 ἑιάοργος
1032 3670 1149 3714 Ἀπόλλων

546 3751 649 3810 πρώτῃσι
666 3751 803 3810 προχόῃσιν,
821 3747 958 3811 &stirpenses
976 3748 1001 3792 ii
1017 3746 1111 3810 ῥέοθρο.

248 3825 353 3871 Minime
379 3838 439 3870 vero
463 3825 527 3872 mihi
549 3828 677 3886 persuasit
703 3829 741 3873 vir
767 3827 858 3873 doctus
881 3840 940 3872 cnm
958 3839 989 3872 es
1008 3829 1094 3872 nostro
1110 3838 1187 3871 versu
1207 3826 1310 3873 efficere
1327 3826 1419 3881 voluit,
1436 3825 1483 3871 iam

215 3904 399 3951 Callimachum
425 3904 450 3950 iu
476 3905 557 3952 altero
574 3918 651 3953 versu
668 3906 763 3964 legisse
789 3906 899 3969 ν,πέτρῃσι
917 3902 1066 3970 προχυτῇοι”
1084 3900 1164 3966 (quod
1181 3905 1218 3951 ibi
1235 3904 1337 3952 codices
1354 3901 1485 3967 exhibent)

215 3982 302 4044 „idque
327 3981 508 4044 interpretatum
533 3988 634 4032 montem
661 3999 709 4030 una
731 3999 784 4030 eune
808 3982 983 4045 promunturiis
1015 3987 1039 4029 ei
1068 3981 1192 4029 radicibus
1216 3983 1350 4045 Apollinem
1368 3983 1487 4030 demisisse

213 4080 257 4111 οπο
282 4079 351 4111 versu
377 4063 509 4112 reddidisse
528 4080 575 4128 per
597 4068 713 4128 προοέλ
727 4067 829 4122 ομνο”.
853 4066 900 4111 Vix
926 4065 994 4111 enim
1020 4064 1079 4110 talis
1097 4064 1275 4124 interpretatio
1293 4064 1413 4110 convenit
1429 4077 1485 4110 oum

214 4144 318 4190 rivocie
336 4144 503 4207 προοίλομνος,
520 4159 597 4204 quam
614 4144 681 4190 idem
699 4145 784 4191 valera
803 4158 832 4190 ac
850 4146 972 4208 πρόρριζος
988 4145 1044 4203 ipse
1062 4143 1150 4189 lanius
1168 4147 1376 4202 quoqueeenset.
1394 4144 1485 4191 Contra

213 4236 304 4270 sersus
330 4224 479 4270 Callimachi
505 4223 666 4269 coniecturae
691 4223 891 4269 Ruhnkenianae
911 4227 1029 4286 „npdepor
1048 4220 1181 4284 προχόῃοι”
1200 4223 1285 4269 favere
1305 4224 1370 4270 mihi
1387 4223 1486 4270 videtur

214 4299 273 4367 (hae
300 4304 366 4349 enim
393 4306 495 4367 προχόοι
519 4303 661 4349 redduntur
678 4316 724 4363 per
746 4302 948 4350 Oallimachoum
967 4301 1061 4364 δίνῃσι).
1079 4302 1184 4348 Frustra
1200 4302 1331 4361 vulgatam
1350 4302 1485 4349 lectionem

214 4384 302 4432 tuetur
327 4383 469 4429 Gemollius
494 4384 606 4442 priorem
632 4396 734 4429 versum
761 4382 899 4439 corrigens.
925 4382 951 4427 Is
975 4381 1077 4428 scribit:
1102 4382 1176 4437 „Man
1201 4381 1254 4427 lese
1278 4381 1333 4441 ῥόον
1355 4384 1411 4441 (pro
1429 4376 1485 4442 pios)

213 4460 265 4507 rand
287 4458 355 4507 Allee
379 4459 410 4506 ist
438 4459 474 4506 iis*
491 4458 629 4521 Ordnunq'2
651 4461 696 4508 sed
723 4475 774 4521 quo
797 4460 873 4506 modo
890 4473 978 4506 versus
995 4462 1032 4507 ita
1050 4459 1202 4507 emendatus
1220 4459 1431 4518 interpretandus
1447 4460 1486 4511 sit,

215 4553 344 4600 exponere
360 4539 463 4587 omittit

248 4621 286 4692 lle
304 4620 374 4666 verbi
391 4621 480 4678 μὸλλτιν
497 4633 546 4666 usu
563 4620 729 4666 callimacheo
747 4620 847 4666 dicetur
865 4621 932 4666 inira
950 4619 981 4665 ad
1001 4620 1035 4666 II.
1056 4622 1093 4665 14.
