3104 5296
43 459 94 518 lv.
126 459 256 517 29-31
656 458 717 516 119

41 647 239 720 comparatio
271 645 386 720 hymni
417 660 491 705 oum
513 658 630 705 corona
653 645 791 705 sertisve
812 646 894 706 satis
913 646 1001 722 trita,
1023 646 1213 721 praesertim
1234 645 1317 718 apud

41 747 217 807 Pindarum
237 747 330 807 cuius
351 747 448 807 verba
468 750 565 820 atque
585 747 746 820 imagines
765 747 903 809 libenter
923 750 1068 809 sectatur
1087 747 1315 808 Callimachus

40 849 97 911 Ille
117 864 215 925 saepe
235 850 375 923 hymnos
398 865 475 910 suos
494 847 660 925 στεφάνους
679 851 784 926 vocat,
806 850 916 925 veluti,
937 865 978 911 ne
996 850 1089 925 plura
1108 849 1254 924 afferam,
1272 847 1315 908 ot.

41 951 94 1014 VI.
122 953 188 1014 86:
216 948 379 1029 ,ἀνδράσιν
404 949 571 1028 αἰχματαῖσι
593 946 743 1010 πλέκων
766 950 900 1011 ποικίλον
922 950 1050 1028 ίίμνον”.

84 1053 130 1115 De
166 1053 324 1115 adiectivo
359 1050 546 1130 θνμήρνχς
583 1052 724 1113 vidimus
759 1068 856 1127 supra
886 1069 958 1128 pag.
992 1054 1044 1114 90.
1071 1086 1111 1096 —
1144 1051 1248 1111 Versu
1274 1052 1317 1111 30

40 1155 118 1217 dicit
145 1150 283 1232 „clipea
306 1151 455 1214 θείνων
483 1151 575 1232 ἄορι
598 1153 863 1233 νριγλώχινι”.
896 1154 976 1215 Vide
999 1156 1159 1229 quantum
1181 1151 1318 1226 singulis

40 1256 159 1333 verbis,
191 1257 342 1330 quamvis
374 1257 557 1331 homericis,
590 1256 631 1316 ab
662 1256 733 1330 ipsa
761 1255 895 1317 Homeri
918 1257 1057 1317 dictione
1081 1255 1234 1316 discedat.
1258 1254 1317 1314 No·

43 1361 134 1419 verat
163 1359 275 1433 opinor
306 1357 524 1418 Callimachus
555 1353 624 1434 ἄορ
658 1373 837 1431 numquam
870 1374 933 1419 non
965 1359 1048 1433 apud
1083 1358 1215 1418 Poetam
1239 1356 1316 1417 indi·

41 1475 114 1520 care
146 1475 258 1536 rosera,
291 1475 354 1520 uno
384 1462 496 1520 tamen
520 1459 589 1520 loco
615 1460 732 1520 certari
755 1461 794 1521 de
819 1459 1063 1534 significatione.
1088 1459 1172 1520 Nam
1197 1454 1228 1522 Ξ.
1253 1458 1317 1518 385

40 1563 145 1636 praeit
168 1561 301 1623 Achivis
324 1562 493 1636 Neptunus
516 1562 584 1637 ipse

287 1662 386 1723 δεινὸν
409 1660 464 1742 dep
487 1663 631 1740 τανύηκες
655 1660 730 1741 ἔχων
753 1660 785 1722 ἐν
808 1660 880 1741 χειρὶ
904 1662 1018 1747 τταχείχγ.

42 1765 110 1827 Non
135 1766 307 1827 defuerunt
328 1766 382 1839 qui
406 1767 445 1827 de
466 1767 605 1827 tridente
628 1766 680 1827 hic
707 1766 868 1840 cogitasse
889 1766 1068 1826 iudicarent
1085 1765 1225 1840 poetam,
1239 1778 1314 1823 cum

42 1868 206 1942 epitheton
225 1866 369 1944 τανύηκες
386 1869 495 1928 minus
514 1871 601 1929 recte
621 1867 857 1944 intellegerent,
870 1868 901 1928 id
915 1868 1002 1936 enim
1015 1868 1178 1928 testantur
1193 1865 1315 1926 scholia

42 1969 70 2026 V
91 1969 132 2029 ad
163 1969 288 2030 locum:
323 1963 417 2044 „ervis
448 1966 502 2045 τὴν
534 1968 669 2047 τρίαιναν
698 1965 760 2028 ἐπεὶ
791 1965 841 2027 καί
873 1967 1007 2045 Ἀρκάδες
1030 1965 1080 2027 καί
1105 1964 1232 2027 Αἰτωλοί
1254 1975 1315 2025 τιᾶν

43 2068 133 2129 ὅπλον
154 2065 209 2147 r’r‘op
232 2073 374 2130 καλοῦσιν
388 2066 472 2129 ....ὁ
497 2066 529 2130 δὲ
549 2068 674 2149 ποιητὴς
693 2069 788 2147 μόνον
811 2071 843 2129 τὸ
865 2069 950 2145 ξίφος
970 2067 1051 2148 παρὰ
1063 2067 1095 2130 τὸ
1108 2067 1314 2147 αιίαρεῖσθαι.”

44 2171 123 2233 (lum
152 2172 218 2233 iliis
241 2173 357 2234 fecisse
381 2172 615 2244 callimachum
641 2175 790 2249 apparet;
819 2175 856 2234 ut
880 2187 956 2233 vero
980 2171 1123 2248 apertius
1147 2185 1217 2231 rem
1239 2170 1315 2230 indi·

45 2276 143 2349 caret,
182 2274 300 2335 adiecit
338 2276 532 2337 attributum
562 2256 783 2356 τριγλῶχιν,
820 2274 945 2337 dicendi
975 2289 1091 2348 genere
1124 2287 1203 2332 usus
1232 2273 1316 2345 quod

45 2375 197 2436 docuerat
217 2376 333 2437 talium
355 2376 588 2452 elegantiarum
609 2378 759 2438 inventor
783 2379 816 2437 et
839 2377 951 2437 auctor
970 2375 1145 2451 Lycophro,
1170 2375 1225 2449 qui
1248 2376 1316 2449 ipse

44 2477 103 2537 sibi
126 2476 249 2551 placuit
273 2479 311 2539 de
336 2479 434 2540 Aiace
458 2494 506 2540 rs.
532 2480 596 2540 392
621 2479 668 2539 ita
691 2479 818 2540 dicens:

292 2576 434 2656 „titubate
459 2573 509 2640 ἀπ’
534 2577 636 2658 ὄχθων
659 2589 698 2663 τῷ
721 2580 924 2663 ιριωνύχφ
949 2577 1064 2656 δορί”.

44 2679 146 2741 Simul
177 2680 245 2755 ipse
279 2696 359 2742 usus
394 2683 482 2742 vocis
513 2678 568 2761 ἄορ
599 2681 723 2742 inducit
755 2681 990 2742 Callimachum
1022 2682 1059 2741 ut
1081 2680 1205 2757 θείνειν,
1230 2681 1313 2755 quod

43 2782 124 2856 apud
155 2781 335 2843 Homerum
367 2798 430 2844 non
460 2784 523 2843 nisi
554 2784 592 2844 de
623 2784 779 2858 pulsando
802 2783 940 2843 homines
963 2783 1033 2843 sive
1057 2783 1165 2843 berder
1188 2782 1313 2844 adhibe·

44 2885 102 2950 tur.
135 2882 249 2944 latiore
279 2900 378 2945 sensu
409 2885 504 2960 dicat,
537 2885 691 2958 quoniam
715 2886 805 2945 tenet
827 2884 987 2945 memoria
1010 2884 1211 2944 homericum
1235 2883 1314 2944 illud

47 2981 131 3061 ,ἄορι
154 2981 360 3062 θεινομένων”
386 2988 433 3057 (Κ.
458 2987 540 3061 434;
565 2988 601 3044 Φ.
628 2988 691 3056 21).

85 3087 130 3146 At
161 3087 308 3148 consulte
339 3087 536 3148 adiectivum
567 3087 771 3149 homericum
805 3086 1015 3166 τριγλώχιν
1046 3087 1176 3148 adhibet
1201 3086 1314 3147 latiore

44 3202 141 3261 quam
173 3203 255 3261 qnae
285 3189 369 3264 apud
400 3188 580 3250 Homerum
605 3189 743 3251 occurrit
768 3188 1013 3263 significatione.
1040 3188 1182 3249 Noverat
1205 3190 1315 3248 noster

44 3290 203 3362 quantum
232 3290 271 3351 de
295 3290 500 3351 substantivo
531 3288 638 3369 γλωχλν
663 3276 878 3367 interpretum
902 3291 1020 3351 iudicia
1043 3291 1210 3352 distarent.
1235 3289 1315 3365 Quid

46 3391 112 3466 ipse
132 3391 305 3453 statuisset
323 3393 393 3452 tam
412 3392 464 3452 hic
485 3407 585 3465 quam
608 3408 656 3454 rs,
684 3394 747 3453 235
772 3394 806 3453 et
824 3392 862 3453 ir.
880 3394 944 3454 382
964 3392 1145 3454 luculenter
1163 3391 1314 3453 ostendit.

44 3491 79 3551 ln
102 3491 276 3552 notissimo
299 3491 369 3553 loco
392 3492 432 3551 a.
458 3494 522 3553 274

800 3592 894 3675 αὐτὰρ
918 3592 1016 3654 ἔπειτα

287 3690 380 3771 ἑξείης
402 3692 578 3774 κατέδησαν,
600 3694 660 3756 ὑπὸ
684 3700 811 3777 γλωχῖνα
836 3691 865 3757 δ’
894 3694 1043 3775 ἔκαμψαν,

42 3797 89 3864 (de
113 3811 177 3870 quo
199 3796 268 3856 loco
292 3797 429 3859 conferri
451 3800 569 3873 poterit
587 3800 714 3861 Hnnsre
733 3800 827 3861 Hom.
859 3794 933 3876 Ep!
956 3815 985 3874 p.
1014 3800 1086 3869 125)
1111 3797 1242 3858 fuerunt
1262 3795 1316 3870 qui

40 3897 285 3959 substantivum
315 3896 422 3978 γλαχίν
452 3901 741 3977 interpretarentur
775 3898 853 3978 „ind
889 3899 943 3978 τὴν
978 3898 1127 3980 γωνίαν
1158 3896 1212 3975 τὴν
1235 3918 1317 3977 γεγο-

42 4004 130 4060 νυῖαν
154 3997 187 4059 ἐκ
208 4007 262 4059 τοῦ
286 3998 383 4080 ῥυμοῦ
405 3999 456 4060 καί
479 4010 532 4062 τοῦ
555 4004 677 4082 ζυγοῦ”.
704 4003 823 4064 Horum
847 4001 1105 4077 interpretationi
1124 3998 1316 4074 adstipulari

44 4102 172 4163 videtur
203 4101 420 4165 Callimachus
450 4120 526 4165 cum
549 4104 602 4166 1v.
629 4107 691 4165 235
717 4104 868 4166 describit
892 4104 958 4165 Irin
984 4100 1069 4179 „nori
1092 4105 1220 4181 γλωχῖνα
1243 4097 1317 4176 θρό-

42 4205 128 4264 ναιο”
154 4202 186 4263 id
212 4204 264 4264 est
285 4204 329 4264 od
351 4205 506 4281 copulem
528 4206 596 4267 colii
619 4203 683 4283 (τὴν
706 4204 818 4285 γωνίαν
841 4212 894 4264 τοῦ
919 4201 1036 4282 θρόνον
1060 4205 1097 4263 ut
1121 4205 1208 4263 recte
1228 4201 1315 4261 scho·

42 4305 140 4368 liasta
171 4306 276 4367 reddit
298 4308 507 4378 sententiam)
542 4309 639 4383 caput
670 4307 883 4369 reclinantem
909 4300 940 4377 ¹).
970 4305 1135 4380 Angelum
1159 4304 1248 4365 enim
1272 4303 1316 4363 in·

43 4409 150 4472 dicare
185 4408 328 4469 voluisse
362 4411 502 4486 poetam,
533 4426 596 4470 non
629 4409 780 4485 fulcrum,
814 4408 906 4469 docet
933 4408 971 4469 ir.
997 4408 1060 4468 382
1089 4404 1318 4486 »τριγλώχιν

74 4642 94 4707 ¹)
113 4642 294 4692 conferendus
311 4645 351 4691 eat
368 4644 471 4702 Dionys.
490 4641 582 4705 Perieq.
603 4644 650 4690 184
669 4646 793 4702 ,πυμάτην
809 4644 846 4689 dni
864 4643 989 4702 γλωχῖνα.”
