3104 5296
824 439 886 497 120
1272 432 1327 493 IV.
1353 434 1476 494 31-36

212 618 287 704 ὀλοῷ
317 629 408 699 νῆσος
440 615 482 681 ἐπ’
511 616 710 706 ’Equetddo't
741 638 804 696 quo
835 624 965 684 nomino
996 623 1025 683 si
1050 637 1113 696 qua
1136 621 1216 682 lldes
1238 624 1291 682 est
1312 621 1478 682 Eustathio

212 724 252 784 ad
284 723 412 799 ὒίονρσ.
444 722 561 799 Ρσνίερ.
593 726 668 799 467,
701 724 768 784 iam
797 725 954 785 Pindarus
984 739 1110 798 quoque
1140 723 1340 789 Trinacriam
1367 722 1480 783 indica·

214 828 313 885 verat.
345 825 451 885 Facile
484 828 595 886 autem
628 826 836 901 intellegitur,
867 842 980 887 secum
1003 842 1066 887 non
1089 840 1230 900 pugnare
1253 827 1384 899 poetam
1408 840 1480 885 curn

213 927 386 988 tridentem
410 927 496 988 dicat
519 925 692 1006 αριγλώχινα
715 942 819 1000 neque
841 930 953 988 tamen
977 942 1188 989 assensurum
1211 926 1312 986 fuisse
1336 925 1481 1000 Sophocli

211 1029 318 1104 ipsum
343 1028 502 1103 spiculum
528 1028 574 1088 ita
598 1027 781 1101 designanti
807 1028 916 1089 Tracta
943 1029 1025 1090 678:
1057 1025 1247 1106 ,Κένταυρος
1269 1035 1372 1087 πονῶν
1397 1031 1482 1087 αλσο-

212 1128 268 1209 ρὰν
290 1139 382 1212 πειρᾷ
404 1130 552 1208 γίωχῖνι.”

257 1231 344 1308 Quae
376 1231 499 1303 reliqua
529 1231 607 1290 sunt
636 1231 669 1290 iu
701 1231 753 1291 his
785 1232 933 1293 versibus
957 1232 1097 1293 breviter
1120 1230 1225 1292 notari
1248 1231 1411 1306 poterunt,
1435 1247 1484 1293 ue

212 1333 273 1394 luti
304 1333 504 1394 imitationes
537 1333 738 1393 homericae:
763 1348 811 1394 vs.
832 1335 874 1393 60
899 1333 938 1395 ci.
964 1331 995 1398 Ξ.
1023 1335 1085 1394 166
1108 1331 1247 1409 θάλαμον
1269 1330 1322 1392 τόν
1345 1330 1377 1391 ot
1398 1331 1484 1408 φίλος

212 1433 278 1506 υἱὸς
312 1432 443 1506 &zeutem
477 1449 525 1494 ua.
559 1435 600 1494 32
635 1430 725 1511 νέρθε
760 1429 792 1493 δὲ
822 1433 919 1506 πάσας
951 1436 990 1496 cf.
1023 1437 1062 1493 H.
1087 1436 1162 1511 212,
1194 1435 1234 1493 Ν.
1260 1434 1301 1496 78
1329 1430 1423 1512 νέρθε
1453 1431 1485 1494 tt

212 1535 303 1595 αοσσί
334 1538 378 1606 (et
409 1536 460 1596 hic
491 1534 621 1609 quidem
655 1550 809 1596 sonorum
841 1537 1020 1596 similitudo
1050 1537 1162 1596 contra
1192 1536 1439 1597 emendationes
1464 1531 1484 1606 ¹)

211 1639 310 1699 tutari
339 1652 472 1698 versum
498 1637 653 1710 videtur);
682 1641 753 1698 tum
778 1639 913 1699 verbum
936 1638 1042 1698 rarius
1065 1637 1150 1712 apud
1173 1636 1353 1698 Homerum
1378 1653 1484 1698 occur·

210 1756 285 1801 rens
309 1737 487 1818 ὥχλισσε,
510 1739 594 1799 unde
618 1738 740 1800 efficias
765 1739 998 1801 Callimachum
1023 1742 1068 1799 M.
1093 1740 1157 1800 448
1182 1741 1215 1800 et
1237 1739 1277 1797 a.
1302 1741 1366 1801 567
1392 1735 1483 1817 ὀχλίσ-

211 1858 294 1901 σειαν
325 1845 399 1911 (non
431 1835 595 1916 ὄχλὴσειαν)
628 1842 661 1900 at
691 1840 882 1920 μετοχλίσσειε
909 1841 1044 1917 legiss03
1077 1839 1225 1900 νεάταν
1248 1842 1332 1914 quod
1355 1856 1484 1916 perraro

211 1958 268 2018 pro
295 1941 420 2001 νειοίσων
450 1941 595 2002 adhibuit
615 1941 787 2018 Homerus,
808 1942 855 2002 ita
874 1945 911 2002 ut
930 1942 1035 2003 fraudi
1055 1941 1152 2002 luerit
1172 1942 1360 2003 Aristarcho
1380 1942 1485 2003 forma

211 2041 312 2103 νέαται
348 2045 371 2102 l.
398 2044 477 2118 1533
514 2040 694 2113 εἰναλίας
729 2045 812 2117 quod
847 2044 911 2104 nisi
945 2045 978 2105 in
1010 2044 1141 2117 hymnis
1166 2058 1230 2104 non
1252 2044 1381 2120 legitur,
1414 2043 1483 2104 είσ

211 2144 370 2204 εαύλισε
398 2146 490 2204 cuius
522 2144 611 2204 verbi
640 2144 781 2204 acrisius
804 2146 888 2219 apud
912 2145 1091 2207 Homerum
1115 2160 1179 2206 non
1202 2146 1350 2206 occurrit.
1376 2145 1484 2207 Obiter

212 2260 338 2319 quoque
370 2249 566 2307 monendum
597 2247 723 2307 videtur
745 2247 778 2307 in
801 2247 952 2309 adverbio
975 2244 1225 2325 addecimare
1250 2245 1482 2308 Callimachum

214 2347 337 2408 formae
362 2346 537 2420 bisyllabae
561 2364 659 2422 quam
688 2351 726 2407 Ψ.
752 2351 793 2409 57
817 2349 1026 2410 Aristarchus
1046 2363 1171 2422 quoque
1191 2349 1354 2425 praetulit,
1375 2365 1482 2423 quam·

216 2464 278 2522 que
303 2450 376 2524 post
399 2464 568 2509 caesuram
592 2449 771 2510 bucolicum
795 2452 980 2511 constanter
1005 2450 1118 2511 habuit
1141 2448 1313 2510 Homerus.

260 2550 363 2609 Versu
395 2551 437 2610 35
471 2550 554 2623 quod
586 2553 696 2611 noster
726 2551 809 2611 dixit
838 2549 1073 2630 πρυμνόθεν
1100 2548 1285 2629 ἐρρίζωσε
1307 2551 1348 2611 de
1372 2552 1482 2612 eodem

215 2651 363 2727 Neptuno
387 2652 515 2713 dixerat
537 2653 700 2714 Homerus
723 2675 749 2711 v.
773 2655 852 2715 163:
876 2650 1048 2731 „ioottooev
1068 2650 1224 2732 ἔνερθεν”,
1244 2653 1482 2725 vocequamvis

215 2768 279 2814 non
302 2754 438 2814 obscura
461 2754 580 2814 rariore
603 2756 732 2830 tamen;
763 2758 798 2815 at
820 2755 849 2815 si
872 2752 1043 2830 ἕθλιψεν
1068 2770 1109 2815 ex
1132 2753 1278 2827 Odyssea
1300 2768 1378 2814 eum
1402 2769 1483 2815 sunr-

216 2856 299 2915 sisse
326 2857 451 2915 certum
475 2857 573 2930 esset,
605 2857 700 2928 (quod
727 2857 863 2916 minime
887 2857 1015 2916 constat
1037 2855 1190 2929 quoniam
1215 2870 1253 2915 ea
1277 2870 1353 2930 vox,
1378 2856 1411 2916 iu
1436 2857 1482 2916 ho

215 2956 345 3017 mericis
375 2956 553 3032 rarissima,
585 2958 670 3017 haud
693 2957 880 3030 infrequens
904 2962 954 3018 est
978 2958 1010 3018 in
1034 2957 1144 3017 Attica
1166 2956 1314 3033 dialecto,
1339 2957 1379 3018 ci.
1405 2973 1435 3018 v.
1458 2972 1482 3018 c.

217 3059 379 3132 aristoph.
422 3057 504 3132 Veep.
543 3058 649 3132 1289),
684 3057 875 3135 efficeretur,
911 3081 935 3136 ρ.
972 3060 1034 3119 221
1069 3059 1278 3119 zenodoteam
1313 3057 1483 3120 lectionem

216 3160 524 3235 placuissequoque
547 3163 657 3220 nostro
682 3161 732 3230 (ci.
753 3161 863 3221 Ludw.
888 3160 984 3222 Ariat
1008 3162 1033 3221 Ι.
1059 3162 1144 3231 619).

262 3259 412 3321 Ceterum
442 3260 494 3321 hic
524 3275 649 3334 quoque
680 3262 858 3322 recentiora
881 3263 1014 3335 antiquo
1040 3261 1128 3336 spico
1152 3261 1294 3321 sermoni
1318 3261 1482 3322 admiscet.

218 3362 263 3423 Ut
285 3359 463 3441 ἄβυσσον
494 3361 534 3431 (si
556 3362 686 3434 quidem
710 3366 796 3424 recte
821 3363 953 3434 conieci)
985 3378 1041 3438 pro
1072 3359 1234 3442 „doatoova
1255 3360 1389 3422 αόνεον”
1413 3376 1484 3424 cum

218 3463 379 3524 Herodoto
403 3463 494 3538 dixit,
526 3463 722 3535 tragicorum
749 3479 935 3525 sermonem
959 3464 1102 3537 loquitur
1124 3479 1202 3525 mox
1224 3463 1368 3524 insulam
1391 3464 1484 3524 libere

219 3569 392 3640 vagantem
426 3561 576 3640 „dorion”
601 3565 776 3641 appellans,
797 3566 1074 3638 quemadmodum
1094 3566 1171 3627 olim
1191 3567 1226 3626 Io
1257 3566 1431 3639 aeschylea
1452 3580 1484 3625 se

217 3667 365 3728 confessa
388 3669 458 3727 erat
481 3667 644 3739 (Promoti.
670 3670 745 3738 666)

462 3765 572 3845 ἄφετον
595 3766 726 3828 ἀλᾶσθαι
750 3776 803 3849 γῆς
828 3762 870 3828 ἐπ’
899 3766 1029 3847 ἐσχάτοις
1052 3766 1142 3848 ὅροις,

217 3871 413 3944 tragicorum
448 3885 573 3944 quoqne
607 3870 756 3930 imitatur
789 3870 1061 3932 consuetudinem
1093 3886 1168 3931 curn
1199 3870 1306 3931 verbis
1336 3870 1485 3932 movendi

217 3973 441 4034 accusativum
472 3974 534 4035 loci
572 3972 768 4045 coniungens
799 3974 836 4033 ut
867 3972 918 4033 hic
953 3970 1048 4049 ἥλαο
1087 3971 1248 4050 τάφρον,
1283 3972 1322 4032 de
1356 3987 1422 4046 qua
1455 3987 1486 4032 re

217 4076 341 4135 dictum
375 4077 426 4135 est
459 4091 530 4150 pag.
563 4078 622 4151 95;
659 4077 692 4135 et
725 4074 802 4135 licet
836 4072 1077 4153 πελάγεσσιν
1111 4074 1216 4134 forma
1249 4088 1313 4134 non
1348 4075 1487 4136 offendat

217 4175 367 4246 (occurrit
395 4178 498 4237 semel
531 4179 564 4238 in
596 4176 755 4236 Homero:
792 4195 813 4233 ε.
845 4176 921 4245 335)
954 4175 1102 4235 dativum
1132 4190 1208 4235 cum
1239 4171 1376 4235 ίαναλώα
1408 4172 1487 4253 toto-

215 4297 303 4354 χομαι
325 4272 490 4355 ίααλάομαι
512 4295 550 4340 eo
573 4293 671 4340 sensu
696 4277 890 4350 coniungere
915 4293 978 4338 non
1003 4277 1167 4339 Homerus
1189 4293 1266 4339 eum
1286 4278 1440 4358 docuerat
1456 4269 1485 4346 ’λ

250 4521 269 4586 ¹)
287 4528 385 4578 ίλάσσας
402 4527 447 4571 ant
462 4522 548 4584 πλήξας
565 4524 692 4581 Mainake,
710 4526 798 4586 ίαάρας
816 4522 934 4570 Schneid.

247 4600 270 4668 2)
287 4605 354 4651 Item
371 4604 413 4650 1v.
431 4605 478 4651 213
505 4607 652 4650 λαιαλολονσο
678 4607 794 4664 θαλάσσῃ.
818 4602 977 4661 suspicarer
996 4605 1107 4662 utroque
1122 4601 1179 4650 loco
1196 4615 1242 4663 pro
1260 4605 1308 4651 rm·
1327 4604 1488 4653 scribendum
