3308 5436
913 537 955 605 82

776 730 897 811 ,μεσταὶ
920 730 952 792 δὲ
977 731 1049 805 Διὸς
1071 741 1165 792 στᾶσαι
1187 728 1242 810 μὲν
1265 731 1366 814 ἆγοιαὶ

522 845 616 895 πᾶσαι
638 829 666 894 δ’
693 831 865 913 ἀνθρώπων
887 831 1007 914 ἀγοραὶ,
1029 832 1119 912 μεστὴ
1142 831 1174 894 δὲ
1197 833 1335 895 θάλασσα

521 933 572 997 καὶ
594 934 717 1013 λιμένες·
739 936 837 1014 πάντη
860 932 893 996 δὲ
916 935 989 1008 Διὸς
1011 935 1181 1014 κεχρήμεθα
1203 935 1342 1008 πάντες”.

343 1040 447 1102 Auxit
468 1039 666 1115 gravitatem
689 1042 786 1112 atque
806 1038 1035 1100 auctoritatem
1063 1046 1122 1096 τῶν
1142 1036 1402 1117 Αἰγυττιαζόντων
1424 1071 1464 1082 -
1486 1039 1574 1099 inter

297 1157 379 1217 quos
401 1142 593 1218 plerumque
623 1141 859 1202 assentientem
882 1140 1112 1201 Manethonem
1136 1140 1250 1201 habuit
1272 1140 1458 1200 Hecataeus
1484 1134 1505 1210 ¹)
1535 1175 1573 1183 —

298 1244 382 1320 quod
405 1245 554 1318 systema
584 1243 805 1318 proponebant
832 1244 902 1302 tam
933 1241 1111 1317 perfectum
1144 1243 1241 1317 atque
1264 1240 1460 1302 absolutum.
1485 1242 1574 1302 Nam

298 1347 384 1407 sicut
400 1347 506 1406 totam
525 1345 671 1405 universi
690 1346 843 1405 naturam
864 1343 917 1404 Sol
934 1357 972 1403 ac
988 1342 1079 1403 Luna
1091 1343 1290 1404 coniunctim
1302 1343 1575 1404 administrarent

298 1445 350 1508 τὸν
380 1446 538 1524 σύμπαντα
569 1442 682 1522 κόσμον
713 1443 895 1515 διοικοῦντες
923 1440 1080 1523 τρὲφοντές
1102 1464 1131 1503 τε
1154 1441 1205 1503 καὶ
1228 1441 1367 1517 αὔξοντες
1390 1443 1487 1503 πάντα
1512 1467 1575 1522 τρι-

297 1545 415 1631 μερέσιν
450 1545 541 1626 ὥραις
575 1542 691 1627 ἀοράτῳ
714 1544 829 1622 κινήσει
851 1542 906 1622 τὴν
933 1543 1074 1622 περίοδον
1097 1541 1342 1623 ἀπαρτιζούσαις,
1364 1546 1412 1606 ita
1433 1545 1502 1605 Isin
1534 1579 1572 1589 —

296 1667 395 1728 quam
418 1650 528 1711 Lunae
552 1647 702 1709 cornibus
725 1649 876 1708 ornatam
898 1646 1053 1708 videbant
1080 1647 1114 1707 in
1137 1647 1389 1721 imaginihus-
1403 1661 1478 1707 curn
1501 1647 1574 1706 Osi-

296 1754 365 1815 ride
395 1767 465 1813 rem
496 1750 675 1826 gubernare
706 1747 855 1823 docebat,
894 1752 965 1809 tum
1000 1749 1182 1810 aetherium
1206 1750 1357 1824 spiritum
1381 1748 1483 1808 Iovem
1508 1749 1573 1809 dic·

296 1854 495 1929 tumuisse,
510 1851 645 1912 Terram
665 1849 816 1910 Denaris
835 1851 998 1926 accepisse
1018 1866 1150 1925 nomen,
1166 1865 1275 1911 aerem
1288 1853 1399 1911 autem
1415 1851 1573 1925 quoniam

296 1973 338 2018 ex
365 1955 497 2016 aethere
516 1955 705 2014 nasceretur
728 1952 883 2012 Albanam
906 1967 978 2013 esse
1001 1952 1089 2013 Iovis
1120 1950 1232 2013 liliam.
1264 1953 1305 2014 Ht
1334 1953 1415 2013 haec
1437 1953 1574 2026 quidem

296 2061 458 2133 extrema,
484 2069 661 2131 quaecum
684 2054 888 2129 physiologia
910 2055 1092 2115 Stoicorum
1117 2054 1221 2115 multo
1242 2055 1349 2129 magis
1370 2069 1467 2128 quam
1492 2069 1572 2114 cum

296 2161 430 2220 deorum
458 2156 548 2218 cultu
578 2154 807 2232 cohaerebant,
838 2155 943 2220 doctis
973 2156 1120 2231 impense
1143 2155 1328 2232 placebant,
1353 2157 1387 2215 at
1410 2169 1571 2229 magnum

231 2295 235 2303 ·
295 2259 473 2336 periculum
500 2258 574 2318 inde
605 2257 801 2318 Graecorum
825 2257 960 2317 deorum
990 2256 1138 2331 religioni
1169 2257 1226 2317 vix
1249 2256 1396 2317 timuerit
1418 2254 1571 2317 Callima·

296 2362 376 2422 chus
405 2353 437 2430 2ι.
468 2358 607 2419 Gravius
637 2359 708 2418 erat
738 2357 822 2433 quod
845 2357 1052 2432 praedicabat
1074 2357 1259 2418 Hecataeus
1282 2357 1366 2432 apud
1388 2357 1572 2431 Aegyptios

296 2462 439 2522 aetatem
459 2459 549 2519 illam
572 2458 721 2518 floruisse
748 2475 811 2532 qua
834 2474 909 2519 cum
932 2458 1125 2518 mortalibus
1149 2457 1335 2519 hominibus
1358 2457 1391 2517 di
1414 2457 1571 2518 familiari

296 2561 528 2624 consuetudine
559 2559 735 2636 viaissent,
761 2559 794 2618 in
826 2559 974 2635 Aegypto
1004 2559 1137 2620 doctum
1168 2575 1187 2620 a
1213 2559 1436 2620 sacerdotibus
1459 2560 1570 2634 ipsum

297 2665 477 2725 Homerum
501 2663 644 2739 primum
668 2660 810 2721 audiisse
835 2660 874 2720 de
898 2675 935 2720 eo
958 2660 1175 2735 saeculoque

652 2759 721 2822 dect
744 2761 883 2835 ξείνοισιν
906 2758 1031 2834 ἐοικότες
1055 2758 1248 2822 ἀλλοδαποῖσι

330 3047 348 3110 ¹)
364 3050 402 3097 cl.
419 3045 569 3095 Manethon.
587 3046 618 3092 ir.
638 3046 677 3093 lt.
696 3045 727 3092 it
745 3044 840 3092 hlfiller
857 3042 885 3091 F.
904 3043 938 3091 H.
957 3043 985 3091 G.
1004 3043 1039 3091 11.
1058 3046 1129 3092 613.-

326 3125 348 3192 Ι)
366 3128 439 3177 Unde
453 3126 641 3187 physiologiam
655 3137 728 3172 suam
744 3125 885 3184 snmpasrit
897 3124 1042 3172 Hecataeus
1047 3161 1054 3185 ,
1070 3127 1189 3171 accurate
1203 3123 1346 3184 disquirere
1363 3135 1414 3171 uon
1430 3128 1471 3172 est
1485 3125 1567 3172 huius

293 3209 350 3256 loci.
369 3206 443 3264 Quod
460 3209 547 3253 autem
561 3205 709 3265 systematis
723 3203 876 3250 necessitate
891 3203 986 3258 ductus
999 3203 1096 3251 Ianuari
1111 3203 1174 3250 deae
1189 3216 1248 3250 enm
1264 3201 1477 3251 conceditlocnm
1489 3216 1569 3264 quern

293 3288 318 3333 in
342 3287 499 3335 Graecorum
522 3283 686 3343 cosmologiis
709 3283 779 3331 Gaea
796 3283 913 3331 obtinere
931 3282 1007 3329 solita
1024 3286 1105 3344 esset,
1124 3282 1245 3330 favebant
1262 3284 1286 3330 ei
1304 3283 1419 3343 opinioni
1437 3285 1570 3331 nonnulla

293 3365 415 3413 viderant
431 3364 500 3426 apud
517 3363 628 3425 populos
645 3363 749 3410 orientis
766 3364 874 3410 comites
892 3363 1029 3410 Alexandri
1047 3376 1125 3423 saepe
1142 3363 1208 3410 dnos
1225 3363 1302 3410 simul
1320 3362 1384 3410 deos
1400 3375 1458 3410 esas
1476 3363 1571 3424 cultos,

294 3457 352 3491 cnm
379 3444 428 3492 deo
453 3444 518 3491 coeli
545 3443 593 3491 dea
619 3443 713 3508 ismina
735 3443 916 3502 adponsrstur‚
943 3454 1021 3502 quam
1046 3442 1141 3490 idcirco
1164 3443 1248 3490 lnnari
1277 3445 1369 3489 natura
1397 3441 1478 3490 inisse
1498 3443 1572 3490 haud

293 3523 405 3572 absurde
429 3522 590 3582 indicabant,
615 3522 669 3568 sire
692 3522 795 3568 Astarte
815 3521 949 3568 dicebatur
973 3523 1028 3568 sive
1045 3522 1150 3568 Accitis.
1169 3523 1203 3569 At
1219 3523 1246 3568 in
1264 3521 1421 3570 Graecorum
1440 3523 1572 3580 poematis

293 3601 354 3648 licet
369 3602 453 3648 rarius
469 3603 561 3650 Helene
578 3601 611 3648 ad
628 3603 726 3648 tantm
740 3604 830 3660 surgat
843 3603 1012 3662 potestatem,
1029 3598 1109 3649 veluti
1122 3603 1147 3648 ln
1162 3602 1306 3649 Homericis
1323 3601 1426 3660 hymnis
1443 3601 1525 3648 xm
1544 3606 1572 3649 et

294 3679 400 3742 xxxn,
418 3683 504 3728 umen
520 3678 611 3728 ecdem
628 3680 705 3727 modo
722 3682 799 3738 atqns
813 3679 841 3726 in
854 3680 976 3728 Hecataei
993 3680 1232 3741 philosophumenis
1246 3681 1297 3728 iam
1306 3679 1460 3728 Aristoteles
1469 3679 1572 3727 dixerat

292 3756 333 3817 (da
345 3774 400 3822 ςικ.
417 3759 490 3807 anim.
508 3760 550 3806 iv.
570 3755 613 3822 10)
638 3759 726 3806 lunam
751 3758 896 3806 conducere
921 3759 955 3806 ad
978 3772 1068 3807 omnes
1092 3761 1272 3820 generationes
1295 3759 1343 3818 (διὸ
1362 3762 1520 3822 συμβάλλεται
1539 3764 1573 3812 ci.-

250 3893 251 3896 ,
292 3841 370 3892 adnue
386 3839 428 3892 τὰς
445 3839 544 3896 γενέσεις
560 3839 598 3885 ναὶ
615 3837 759 3896 τελειώσεις),
777 3837 859 3884 multo
874 3839 961 3885 antem
974 3838 1082 3899 propius
1096 3850 1254 3898 quamquam
1268 3839 1364 3886 omisso
1378 3838 1572 3886 lunasnomine

293 3918 444 3965 Xenocratis
466 3917 591 3984 doctrina
608 3919 764 3977 accesserat,
782 3915 858 3963 modo
876 3915 965 3963 demas
981 3917 1022 3976 τὴν
1038 3918 1142 3976 μονάδος
1166 3917 1235 3965 Stob.
1254 3917 1307 3964 Hel.
1326 3915 1347 3965 1.
1360 3918 1392 3965 tt
1409 3912 1508 3981 (Heer.)
1528 3919 1572 3976 τὴν

292 3997 385 4053 μονάδα
404 3998 443 4043 καί
460 3997 500 4055 τὴν
517 3996 593 4043 δυάδα
612 3997 695 4050 θοοὺς,
718 3995 759 4053 τὴν
780 3997 824 4052 peta
840 3997 870 4049 ὡς
889 3995 975 4057 ἄρρενα
992 3996 1081 4060 πατρὸς
1097 3997 1200 4056 δχουσαν
1217 3994 1294 4051 τάξιν,
1312 3999 1336 4044 δν
1353 3999 1445 4060 οὐρανῷ
1460 4002 1571 4059 βασιλεύ-

292 4091 366 4122 ουσαν
389 4077 466 4134 iiam
488 4077 654 4138 προσαγορεύει
677 4075 715 4121 καὶ
738 4079 805 4133 Ζῆνα
827 4076 865 4121 acl
883 4075 992 4139 περιττὸν
1011 4077 1050 4122 καὶ
1066 4081 1134 4130 νοῦν,
1156 4077 1219 4130 ὅστις
1236 4077 1299 4122 toria
1315 4077 1378 4138 αύτῷ
1395 4083 1485 4139 πρῶτος
1501 4081 1573 4131 θεός·

291 4153 332 4213 τὴν
358 4155 383 4201 dt
409 4156 439 4208 ὡς
464 4158 561 4214 θήλειαν
580 4153 667 4218 μητρὸς
690 4159 753 4200 θεῶν
776 4153 849 4213 δίκην,
873 4159 912 4212 τῆς
937 4154 981 4200 ὑπὸ
1005 4154 1045 4201 τδν
1066 4155 1165 4217 οδρανδν
1181 4153 1264 4214 λήξεως
1282 4155 1422 4215 ἡγουμένην,
1441 4157 1487 4214 ἣτις
1503 4157 1571 4204 texis

292 4236 355 4295 αὐτῷ
373 4233 442 4293 ψυχὴ
459 4240 501 4280 τεο
517 4234 609 4286 κοντός.
626 4227 671 4296 (ci.
690 4232 722 4278 de
740 4231 884 4279 Xenocrate
901 4232 1031 4279 Plutarch.
1049 4231 1079 4279 de
1089 4232 1145 4297 fac.
1160 4231 1211 4280 tua.
1228 4246 1250 4280 c.
1269 4231 1319 4294 tt.)
1345 4233 1435 4294 usqne
1451 4233 1568 4282 multum

292 4327 307 4358 a
324 4312 452 4374 primariis
471 4312 539 4360 Solis
555 4325 585 4360 ac
601 4312 690 4359 Lnnae
708 4311 842 4358 elementis
860 4311 983 4358 differunt
1007 4311 1151 4360 Stoicorum
1178 4312 1204 4359 st
1223 4319 1307 4360 κειασν
1327 4315 1354 4360 st
1370 4314 1397 4360 τὸ
1415 4316 1519 4373 πάσχει.
1537 4341 1569 4350 -
1645 4343 1646 4354 .

291 4395 384 4440 Postea
392 4394 469 4453 plane
487 4396 565 4452 atque
581 4393 701 4439 accurate
719 4392 840 4439 Hecataei
856 4391 999 4439 doctrinam
1013 4391 1121 4439 relatam
1136 4391 1255 4438 ridemus
1270 4390 1571 4452 aVettloPraetextatc,
1645 4381 1646 4430 3

291 4472 460 4533 hierophanta
484 4472 633 4519 doctissimo
659 4469 728 4531 apud
753 4471 911 4518 Macrobium
934 4470 955 4518 1.
980 4471 1018 4518 1'1.
1029 4472 1060 4519 58
1083 4471 1116 4518 de
1139 4471 1217 4518 lnnae
1239 4473 1331 4518 natura
1354 4472 1391 4519 ita
1408 4472 1569 4520 dimerente:

290 4551 362 4599 εοὶονι
385 4551 488 4599 mutam
509 4549 534 4598 σι’
556 4549 646 4597 caloris
666 4549 693 4596 ia
711 4552 941 4612 supernatamus,
960 4549 1040 4598 Ιιικετκι
1058 4565 1113 4598 aero
1130 4549 1248 4598 umidiore
1263 4552 1287 4597 et
1304 4548 1371 4598 velat
1380 4550 1489 4614 sessiaco
1506 4565 1570 4599 aen

291 4630 402 4678 mturala'
411 4629 510 4693 qaedam
520 4643 629 4692 pressam
644 4631 724 4690 tepora
736 4627 856 4692 a'asm'ora
866 4627 995 4677 uaaiaul'
1010 4627 1084 4677 Idem
1094 4631 1181 4678 autem
1189 4630 1370 4677 Praetextatus
1379 4630 1433 4677 isin
1441 4627 1569 4694 (htacmb.

291 4711 311 4758 Ι.
331 4713 370 4758 20.
382 4710 425 4772 ts)
442 4709 507 4756 dixit
525 4711 615 4756 terram
631 4708 672 4756 rel
690 4710 803 4755 natarent
819 4723 898 4756 ντνννκ
915 4707 1073 4756 ενδιάοονίοκι
1091 4707 1151 4757 Sola'.
