3320 5432
88 563 126 627 Π.
150 568 234 630 2-7
689 565 750 626 193

88 753 222 826 tragicos
251 755 362 830 opinor
392 755 534 831 secutus,
563 753 617 827 qui
641 751 732 830 δόμος
755 749 883 832 μέγαρον
907 748 1059 833 μέλαθρον
1082 754 1129 816 ita
1152 755 1191 816 de
1214 755 1348 817 deorum

89 855 213 929 templis
243 858 280 916 ut
309 856 348 918 de
378 857 476 931 regiis
502 855 635 917 aedibus
658 855 763 916 dicere
787 854 944 916 solebant.
969 855 1035 917 Res
1059 859 1250 930 argumento
1276 873 1348 918 esse

87 957 208 1035 poterit,
241 956 436 1020 Callimacho
467 973 532 1020 non
561 957 722 1032 placuisse
749 957 984 1017 derivationem
1012 958 1217 1019 notissimam
1250 973 1349 1032 quam

86 1056 179 1118 referi
212 1058 319 1134 Etym.
354 1075 463 1134 magn.
496 1061 570 1121 576.
606 1060 662 1120 15:
702 1055 781 1135 ,tet
812 1065 865 1118 τοῦ
898 1058 1090 1136 μελαίνεσθαι
1117 1057 1178 1120 ὑπὸ
1204 1068 1256 1120 τοῦ
1276 1080 1351 1120 καπ-

87 1162 169 1221 νοῦ”.
207 1194 247 1204 -
272 1161 456 1224 Secundum
479 1164 531 1223 est
553 1161 749 1222 adiectivum
774 1157 946 1239 ἀλιτρὸς,
969 1161 1128 1235 adquam
1154 1177 1265 1222 vocem
1288 1162 1356 1222 iam

86 1259 137 1320 diu
170 1261 362 1338 interpretes
397 1263 610 1338 vergilianam
653 1263 732 1323 illud
767 1261 893 1338 ,procui
923 1278 940 1323 o
968 1263 1081 1338 procul
1114 1267 1171 1325 este
1198 1263 1349 1339 proland’

85 1361 330 1438 adscripserunt.
354 1366 460 1439 Atque
483 1365 515 1426 id
538 1365 668 1439 quidem
699 1365 779 1426 inre.
803 1363 924 1438 Verum
947 1366 1125 1426 notandum
1150 1379 1276 1439 quoque
1300 1367 1351 1425 est

85 1464 224 1526 adhiberi
252 1468 459 1543 adiectivum,
494 1467 578 1540 qnod
613 1467 690 1527 olim
726 1466 829 1527 multo
864 1466 1046 1540 graviorem
1081 1467 1238 1527 habuerat
1271 1466 1350 1527 vim.

83 1565 240 1642 Expectes
262 1569 350 1630 enim
373 1569 478 1642 (idque
502 1569 558 1628 vix
582 1567 715 1629 dubium
739 1569 791 1629 est
813 1568 890 1641 quin
916 1567 1057 1629 indicare
1081 1568 1219 1629 voluerit
1245 1570 1351 1643 poeta)

83 1682 143 1728 non
164 1664 301 1731 scelestos
323 1672 453 1731 tantum
476 1670 633 1731 desistere
655 1669 767 1746 iuberi,
788 1669 845 1730 sed
863 1685 977 1730 omnes
997 1669 1188 1747 quicunque,
1209 1669 1353 1745 qualibet

83 1769 120 1830 de
142 1786 251 1847 ceusa,
275 1772 394 1846 impuri
418 1772 484 1832 sint
507 1773 564 1832 aut
583 1771 716 1847 profani.
737 1771 802 1832 Res
823 1771 906 1832 mira
926 1773 987 1847 est,
1007 1786 1083 1832 nam
1101 1776 1237 1834 noverat
1256 1773 1352 1847 poeta

83 1873 241 1946 propriam
265 1871 535 1947 significationem
558 1880 611 1933 τοῦ
634 1869 796 1951 ἀλιτηρίου,
818 1873 852 1934 et
874 1875 961 1934 recte
985 1873 1164 1935 secundum
1196 1889 1268 1935 eam
1301 1872 1351 1933 ad·

82 1971 197 2035 iectivo
238 1971 386 2053 ἀλιτήμων
421 1979 628 2050 (quamquam
660 1974 801 2050 passive)
838 1975 886 2035 111
928 1974 989 2036 123
1025 1977 1058 2036 et
1096 1976 1216 2037 aoristo
1255 1971 1351 2053 ἤλιτεν

82 2075 136 2136 ΙΠ.
162 2077 226 2138 255
250 2092 331 2138 usus
353 2079 434 2139 erat.

124 2178 231 2239 Attice
265 2193 368 2252 neque
401 2178 563 2240 homerico
597 2177 739 2252 loquitur
773 2180 868 2253 poeta
904 2177 959 2251 qui
990 2177 1067 2239 dicit
1096 2178 1261 2239 Phoebum
1289 2175 1351 2255 ,τά

81 2278 254 2359 θύρετρα
284 2282 382 2364 καλῷ
416 2276 510 2339 nodi
537 2275 749 2361 ἀράσσειν·
774 2283 833 2351 (vs.
858 2281 899 2350 3).
921 2279 1099 2340 suaserunt
1119 2296 1199 2342 sane
1218 2281 1351 2342 Homeri

80 2378 153 2439 ααλά
185 2381 316 2462 θύρετρα
347 2385 389 2458 (φ.
421 2383 474 2452 49)
499 2379 695 2443 Callimacho
719 2383 757 2442 ut
777 2381 825 2442 ita
850 2381 965 2456 templi
990 2380 1075 2442 fores
1098 2384 1237 2458 vocaret,
1261 2385 1296 2443 at
1318 2383 1352 2443 in

79 2485 194 2544 ceteris
226 2484 319 2545 illum
350 2499 414 2544 non
444 2484 592 2560 respicit;
621 2499 698 2545 nam
721 2483 797 2545 licet
820 2498 916 2559 saepe
944 2484 1027 2560 apud
1051 2483 1231 2545 Homerum
1255 2486 1352 2558 ceput

78 2583 177 2646 iacies
209 2585 294 2646 oculi
324 2585 429 2646 crines
457 2585 681 2660 praedicentur
708 2581 783 2644 ιαλολ
818 2583 903 2662 (καλὴ
935 2581 1060 2661 κεφαλὴ,
1089 2582 1164 2644 καλά
1197 2582 1352 2672 αρύσοατα,

78 2681 193 2763 ὄμματα
223 2685 320 2764 καλά),
350 2689 462 2748 tamen
492 2688 621 2748 constat
654 2687 765 2762 opinor
797 2702 884 2748 nunc
918 2687 1047 2760 quidem
1079 2702 1142 2748 non
1172 2687 1349 2747 Homerum

76 2787 227 2863 exemplo
257 2788 359 2848 fuisse
391 2790 519 2864 nostr0;
545 2788 629 2850 solet
651 2788 749 2866 enim,
774 2804 849 2849 cum
873 2788 1051 2850 Homerum
1084 2788 1242 2862 imitatur,
1267 2801 1286 2846 5
1309 2803 1351 2848 ex

76 2903 165 2951 more
189 2890 321 2964 antiquo
344 2904 475 2950 servare
498 2891 641 2967 longum,
667 2889 768 2951 veluti
793 2907 841 2952 vs.
855 2893 885 2967 5,
911 2891 963 2951 ubi
987 2888 1096 2966 ,καλὸν
1116 2885 1246 2948 άείύειν”
1267 2889 1351 2950 dixit

76 2990 124 3059 (cf.
148 2993 186 3048 Σ.
211 2993 275 3053 570
296 2989 381 3050 λίνον
416 2984 446 3050 δ’
480 2988 539 3050 ὑπὸ
570 2989 661 3050 καλὸν
692 2988 792 3066 ἀείδει,
828 2991 981 3062 51511111).
1014 2992 1196 3053 Atticorum
1224 2994 1351 3066 spectat

75 3090 259 3168 dictionem,
290 3092 344 3166 qui
372 3106 471 3165 quam
493 3092 587 3154 facile
606 3093 715 3168 fausta
744 3089 859 3168 „ruth”
882 3092 1033 3166 dixerint,
1058 3094 1191 3154 monent
1218 3090 1350 3172 ,σφάγια

74 3191 180 3252 καλά’.
210 3194 322 3255 115555
352 3195 463 3254 autem
495 3196 575 3255 haec
607 3196 658 3256 est
688 3197 801 3270 poetae
825 3195 1006 3256 sententia:
1031 3195 1196 3255 Phoebum
1220 3195 1348 3269 pulsare

75 3293 160 3356 fores
180 3296 259 3372 peda
277 3295 405 3370 fausto?
427 3327 466 3338 -
489 3294 639 3356 Ceterum
662 3296 793 3357 eosdem
821 3296 948 3357 Atticos
971 3297 1126 3372 sequitur,
1153 3312 1228 3356 cum
1251 3297 1292 3357 ad
1316 3298 1347 3358 id

74 3395 322 3470 significandum
354 3397 450 3459 verbo
481 3399 583 3459 utitur
613 3394 805 3477 ἀράσσειν
836 3397 886 3469 (cf.
919 3397 991 3458 itur.
1031 3397 1099 3473 Iph.
1135 3397 1230 3458 Τοιιν.
1263 3399 1346 3459 1308

80 3498 195 3572 ,πύλας
218 3495 371 3579 &pegam

119 3600 219 3663 Vs.6
254 3606 449 3677 κατοχῆας
485 3602 579 3661 vocat
612 3616 693 3674 quos
727 3599 889 3661 Homerus
919 3595 1017 3678 ὀχῆας.
1049 3599 1152 3660 Simul
1183 3614 1221 3661 eo
1243 3616 1347 3662 uersu

75 3703 203 3764 ridetur
233 3703 365 3763 secutus
394 3716 468 3762 esse
498 3701 631 3763 Homeri
662 3702 825 3775 quandam
857 3701 1031 3764 dictionem
1062 3701 1158 3776 paulo
1182 3702 1348 3775 neglegen-

74 3803 202 3864 tiorem.
233 3803 317 3864 Nam
347 3811 492 3882 κατοχῆας
518 3803 633 3864 iubens
656 3801 953 3863 άνανιλίνεσθαι
976 3803 1115 3878 adplicat
1138 3803 1178 3864 ad
1201 3803 1349 3878 pessulos

75 3905 221 3982 verbum,
253 3907 337 3980 quod
367 3907 408 3968 ad
431 3908 519 3981 ipsas
543 3905 628 3967 iores
650 3907 807 3981 pertinet:
833 3905 926 3984 θύραι
951 3905 1039 3965 55115
1063 3900 1271 3963 ἀνανλίνονται
1296 3905 1348 3976 (ci,

77 4006 110 4065 Θ.
142 4008 206 4068 395
238 4030 262 4086 χ.
297 4010 370 4079 156)
400 4023 464 4069 555
495 4006 604 4085 μοχλοί.
637 4007 698 4068 Sed
728 4007 888 4081 praeierat
923 4007 991 4081 ipse
1025 4005 1198 4082 Homerus,
1234 4007 1347 4067 eadem

74 4107 199 4170 dicendi
242 4109 373 4170 licentia
406 4124 486 4169 usus
521 4124 596 4170 cum
635 4108 674 4167 St.
706 4109 770 4168 455
805 4107 926 4169 diceret
963 4110 1056 4186 ,τρεῖς
1092 4100 1120 4166 d’
1153 4104 1348 4187 ἀναοίγεσκον

75 4207 204 4287 μεγάλην
227 4209 333 4288 κληῖδα
355 4209 512 4290 θοράον”.
541 4210 644 4271 Verbo
668 4210 790 4284 aptiore
814 4209 901 4271 idem
924 4209 1045 4270 indicat
1068 4223 1106 4268 55
1131 4224 1225 4269 versu
1249 4224 1346 4282 quem

75 4309 126 4370 hic
151 4309 368 4373 Callimachus
391 4313 557 4387 spectasse
582 4311 718 4387 videtur,
739 4333 770 4386 φ.
792 4312 833 4370 47
858 4307 997 4389 ,θυρέων
1011 4303 1039 4369 d’
1055 4305 1215 4368 ἀνέκοπτεν
1228 4304 1347 4387 ὀχῆας.”

120 4411 302 4474 Pronomen
332 4410 446 4474 αύτοί
476 4414 564 4474 hisce
596 4413 743 4474 versibus
773 4412 823 4472 bis
853 4428 910 4488 pro
941 4409 1101 4488 αὐτόματοι
1132 4410 1182 4483 (cf.
1215 4411 1247 4470 Θ.
1273 4413 1347 4482 393)

75 4513 218 4586 positum
237 4517 299 4590 est,
334 4515 417 4590 quod
448 4515 548 4576 etiam
581 4513 742 4575 homerice
772 4512 978 4588 loquentibus
1008 4528 1071 4574 non
1102 4513 1252 4573 illicitum
1276 4528 1348 4574 esse

75 4613 209 4675 docebat
242 4615 332 4676 locus
368 4618 396 4674 P.
429 4617 492 4677 254
530 4612 622 4692 ,diii
656 4638 699 4688 τις
729 4612 819 4686 αὐτὸς
849 4613 921 4674 ἴτω”
953 4615 1071 4686 (Schol.
1100 4614 1127 4673 V
1159 4611 1347 4690 αὐτόματος).

75 4713 207 4792 Deinde,
245 4719 282 4776 ut
312 4717 397 4779 solet
425 4718 545 4794 noster,
577 4716 678 4778 sicubi
710 4717 818 4792 epicae
848 4732 927 4778 suae
965 4716 1097 4778 dictioni
1131 4715 1212 4776 talia
1249 4715 1347 4776 admi·

1217 4822 1243 4866 re
