<?xml version="1.0" encoding="UTF-8"?>
<!DOCTYPE html PUBLIC "-//W3C//DTD XHTML 1.0 Transitional//EN"
    "http://www.w3.org/TR/xhtml1/DTD/xhtml1-transitional.dtd">
<html xmlns="http://www.w3.org/1999/xhtml" xml:lang="en" lang="en">
 <head>
  <title>
</title>
<meta http-equiv="Content-Type" content="text/html;charset=utf-8" />
  <meta name='ocr-system' content='tesseract 3.04.00' />
  <meta name='ocr-capabilities' content='ocr_page ocr_carea ocr_par ocr_line ocrx_word'/>
</head>
<body>
  <div class='ocr_page' id='page_1' title='image "./studiacallimach01kuipgoog_0016.png"; bbox 0 0 3090 5294; ppageno 0'>
   <div class='ocr_carea' id='block_1_1' title="bbox 693 457 714 515">
    <p class='ocr_par' dir='ltr' id='par_1_1' title="bbox 693 457 714 515">
     <span class='ocr_line' id='line_1_1' title="bbox 693 457 714 515; baseline 0 0"><span class='ocrx_word' id='word_1_1' title='bbox 693 457 714 515; x_wconf 84' lang='lat'><strong>3</strong></span> 
     </span>
    </p>
   </div>
   <div class='ocr_carea' id='block_1_2' title="bbox 60 639 1338 1937">
    <p class='ocr_par' dir='ltr' id='par_1_2' title="bbox 60 639 1338 1937">
     <span class='ocr_line' id='line_1_2' title="bbox 60 639 1335 721; baseline 0 -15"><span class='ocrx_word' id='word_1_2' title='bbox 60 645 185 706; x_wconf 90' lang='lat' dir='ltr'>summi</span> <span class='ocrx_word' id='word_1_3' title='bbox 205 642 293 718; x_wconf 81' lang='lat' dir='ltr'>Epici</span> <span class='ocrx_word' id='word_1_4' title='bbox 312 657 350 703; x_wconf 91' lang='lat' dir='ltr'>ac</span> <span class='ocrx_word' id='word_1_5' title='bbox 369 642 577 719; x_wconf 79' lang='lat' dir='ltr'>tragicorum,</span> <span class='ocrx_word' id='word_1_6' title='bbox 598 642 729 703; x_wconf 88' lang='lat' dir='ltr'>solvunt</span> <span class='ocrx_word' id='word_1_7' title='bbox 752 639 888 721; x_wconf 74' lang='grc' dir='ltr'><strong><em>ἀπορίας,</em></strong></span> <span class='ocrx_word' id='word_1_8' title='bbox 909 642 1073 717; x_wconf 89' lang='lat' dir='ltr'>explicant</span> <span class='ocrx_word' id='word_1_9' title='bbox 1096 646 1155 704; x_wconf 91' lang='lat' dir='ltr'>aut</span> <span class='ocrx_word' id='word_1_10' title='bbox 1177 642 1255 716; x_wconf 73' lang='grc' dir='ltr'><strong><em>ἅπαξ</em></strong></span> <span class='ocrx_word' id='word_1_11' title='bbox 1279 646 1335 705; x_wconf 90' lang='lat' dir='ltr'>aut</span> 
     </span>
     <span class='ocr_line' id='line_1_3' title="bbox 60 740 1336 822; baseline 0.002 -18"><span class='ocrx_word' id='word_1_12' title='bbox 60 745 195 816; x_wconf 76' lang='grc' dir='ltr'><strong><em>σπανίως</em></strong></span> <span class='ocrx_word' id='word_1_13' title='bbox 230 740 378 822; x_wconf 79' lang='grc' dir='ltr'><strong><em>εἰρημένα,</em></strong></span> <span class='ocrx_word' id='word_1_14' title='bbox 407 744 574 805; x_wconf 87' lang='lat' dir='ltr'>illustrant</span> <span class='ocrx_word' id='word_1_15' title='bbox 607 760 722 805; x_wconf 88' lang='lat' dir='ltr'>versus</span> <span class='ocrx_word' id='word_1_16' title='bbox 756 744 969 805; x_wconf 78' lang='lat' dir='ltr'>obscuriores,</span> <span class='ocrx_word' id='word_1_17' title='bbox 1005 743 1103 804; x_wconf 79' lang='lat' dir='ltr'>Culus</span> <span class='ocrx_word' id='word_1_18' title='bbox 1137 745 1224 806; x_wconf 90' lang='lat' dir='ltr'>enim</span> <span class='ocrx_word' id='word_1_19' title='bbox 1256 747 1336 806; x_wconf 90' lang='lat' dir='ltr'>artis</span> 
     </span>
     <span class='ocr_line' id='line_1_4' title="bbox 61 845 1335 919; baseline 0.002 -13"><span class='ocrx_word' id='word_1_20' title='bbox 61 845 257 907; x_wconf 87' lang='lat' dir='ltr'>artificiosae</span> <span class='ocrx_word' id='word_1_21' title='bbox 288 846 432 906; x_wconf 87' lang='lat' dir='ltr'>Philetas</span> <span class='ocrx_word' id='word_1_22' title='bbox 456 845 670 906; x_wconf 79' lang='lat' dir='ltr'>Alexandriae</span> <span class='ocrx_word' id='word_1_23' title='bbox 694 848 863 919; x_wconf 84' lang='lat' dir='ltr'><strong>tamquam</strong></span> <span class='ocrx_word' id='word_1_24' title='bbox 894 845 985 919; x_wconf 89' lang='lat' dir='ltr'>pater</span> <span class='ocrx_word' id='word_1_25' title='bbox 1016 845 1122 905; x_wconf 88' lang='lat' dir='ltr'>luerat</span> <span class='ocrx_word' id='word_1_26' title='bbox 1145 848 1179 906; x_wconf 90' lang='lat' dir='ltr'>et</span> <span class='ocrx_word' id='word_1_27' title='bbox 1202 847 1335 908; x_wconf 90' lang='lat' dir='ltr'>sedulus</span> 
     </span>
     <span class='ocr_line' id='line_1_5' title="bbox 61 945 1334 1022; baseline 0.002 -14"><span class='ocrx_word' id='word_1_28' title='bbox 61 948 205 1008; x_wconf 77' lang='lat' dir='ltr'>sectator</span> <span class='ocrx_word' id='word_1_29' title='bbox 235 947 400 1022; x_wconf 84' lang='lat' dir='ltr'>Simmiae,</span> <span class='ocrx_word' id='word_1_30' title='bbox 431 961 505 1007; x_wconf 90' lang='lat' dir='ltr'>eam</span> <span class='ocrx_word' id='word_1_31' title='bbox 535 947 782 1021; x_wconf 85' lang='lat' dir='ltr'>diligentissime</span> <span class='ocrx_word' id='word_1_32' title='bbox 813 961 869 1021; x_wconf 93' lang='lat' dir='ltr'>per</span> <span class='ocrx_word' id='word_1_33' title='bbox 898 945 1039 1020; x_wconf 87' lang='lat' dir='ltr'>hymnos</span> <span class='ocrx_word' id='word_1_34' title='bbox 1062 946 1160 1008; x_wconf 92' lang='lat' dir='ltr'>coluit</span> <span class='ocrx_word' id='word_1_35' title='bbox 1185 946 1334 1010; x_wconf 75' lang='lat' dir='ltr'>Callima-</span> 
     </span>
     <span class='ocr_line' id='line_1_6' title="bbox 62 1047 1336 1123; baseline 0 -13"><span class='ocrx_word' id='word_1_36' title='bbox 62 1049 153 1111; x_wconf 89' lang='lat' dir='ltr'>chus.</span> <span class='ocrx_word' id='word_1_37' title='bbox 190 1049 456 1123; x_wconf 82' lang='lat' dir='ltr'>Glossographlca</span> <span class='ocrx_word' id='word_1_38' title='bbox 486 1051 537 1110; x_wconf 90' lang='lat' dir='ltr'>est</span> <span class='ocrx_word' id='word_1_39' title='bbox 567 1050 637 1109; x_wconf 91' lang='lat' dir='ltr'>eius</span> <span class='ocrx_word' id='word_1_40' title='bbox 668 1049 772 1123; x_wconf 87' lang='lat' dir='ltr'>Musa;</span> <span class='ocrx_word' id='word_1_41' title='bbox 806 1049 846 1109; x_wconf 89' lang='lat' dir='ltr'>ad</span> <span class='ocrx_word' id='word_1_42' title='bbox 869 1047 953 1121; x_wconf 94' lang='lat' dir='ltr'>quod</span> <span class='ocrx_word' id='word_1_43' title='bbox 978 1062 1015 1107; x_wconf 91' lang='lat' dir='ltr'>eo</span> <span class='ocrx_word' id='word_1_44' title='bbox 1041 1049 1147 1122; x_wconf 91' lang='lat' dir='ltr'>magis</span> <span class='ocrx_word' id='word_1_45' title='bbox 1170 1050 1336 1111; x_wconf 87' lang='lat' dir='ltr'>attendere</span> 
     </span>
     <span class='ocr_line' id='line_1_7' title="bbox 63 1149 1336 1225; baseline -0.001 -13"><span class='ocrx_word' id='word_1_46' title='bbox 63 1152 183 1212; x_wconf 88' lang='lat' dir='ltr'>attinet</span> <span class='ocrx_word' id='word_1_47' title='bbox 206 1152 282 1224; x_wconf 88' lang='lat' dir='ltr'>quia</span> <span class='ocrx_word' id='word_1_48' title='bbox 301 1165 342 1210; x_wconf 87' lang='lat' dir='ltr'>ex</span> <span class='ocrx_word' id='word_1_49' title='bbox 366 1150 436 1210; x_wconf 90' lang='lat' dir='ltr'>eius</span> <span class='ocrx_word' id='word_1_50' title='bbox 459 1166 556 1225; x_wconf 85' lang='lat' dir='ltr'>saepe</span> <span class='ocrx_word' id='word_1_51' title='bbox 578 1151 705 1211; x_wconf 88' lang='lat' dir='ltr'>iudiciis</span> <span class='ocrx_word' id='word_1_52' title='bbox 727 1149 885 1224; x_wconf 89' lang='lat' dir='ltr'>suspicari</span> <span class='ocrx_word' id='word_1_53' title='bbox 906 1163 1091 1224; x_wconf 88' lang='lat' dir='ltr'>possumus,</span> <span class='ocrx_word' id='word_1_54' title='bbox 1116 1164 1276 1223; x_wconf 85' lang='lat' dir='ltr'>quaenam</span> <span class='ocrx_word' id='word_1_55' title='bbox 1297 1150 1336 1211; x_wconf 92' lang='lat' dir='ltr'>de</span> 
     </span>
     <span class='ocr_line' id='line_1_8' title="bbox 62 1248 1336 1326; baseline -0.002 -13"><span class='ocrx_word' id='word_1_56' title='bbox 62 1269 129 1313; x_wconf 88' lang='lat' dir='ltr'>nna</span> <span class='ocrx_word' id='word_1_57' title='bbox 140 1253 284 1314; x_wconf 88' lang='lat' dir='ltr'>alterave</span> <span class='ocrx_word' id='word_1_58' title='bbox 296 1252 461 1312; x_wconf 90' lang='lat' dir='ltr'>homerica</span> <span class='ocrx_word' id='word_1_59' title='bbox 472 1253 660 1325; x_wconf 88' lang='lat' dir='ltr'>quaestione</span> <span class='ocrx_word' id='word_1_60' title='bbox 673 1248 762 1317; x_wconf 84' lang='lat' dir='ltr'>(nam</span> <span class='ocrx_word' id='word_1_61' title='bbox 783 1252 925 1326; x_wconf 90' lang='lat' dir='ltr'>primum</span> <span class='ocrx_word' id='word_1_62' title='bbox 942 1251 1033 1310; x_wconf 88' lang='lat' dir='ltr'>tenet</span> <span class='ocrx_word' id='word_1_63' title='bbox 1053 1249 1160 1311; x_wconf 91' lang='lat' dir='ltr'>locum</span> <span class='ocrx_word' id='word_1_64' title='bbox 1173 1251 1336 1313; x_wconf 88' lang='lat' dir='ltr'>Homerus</span> 
     </span>
     <span class='ocr_line' id='line_1_9' title="bbox 62 1351 1337 1428; baseline 0 -13"><span class='ocrx_word' id='word_1_65' title='bbox 62 1355 196 1415; x_wconf 88' lang='lat' dir='ltr'>etiamsi</span> <span class='ocrx_word' id='word_1_66' title='bbox 218 1369 282 1415; x_wconf 93' lang='lat' dir='ltr'>non</span> <span class='ocrx_word' id='word_1_67' title='bbox 302 1352 446 1427; x_wconf 78' lang='lat' dir='ltr'>neglexit</span> <span class='ocrx_word' id='word_1_68' title='bbox 464 1355 589 1414; x_wconf 88' lang='lat' dir='ltr'>ceteros</span> <span class='ocrx_word' id='word_1_69' title='bbox 608 1355 732 1428; x_wconf 92' lang='lat' dir='ltr'>poetas)</span> <span class='ocrx_word' id='word_1_70' title='bbox 753 1353 906 1414; x_wconf 88' lang='lat' dir='ltr'>Zenodoti</span> <span class='ocrx_word' id='word_1_71' title='bbox 925 1366 964 1411; x_wconf 90' lang='lat' dir='ltr'>ac</span> <span class='ocrx_word' id='word_1_72' title='bbox 983 1351 1209 1426; x_wconf 84' lang='lat' dir='ltr'>Aristophanis</span> <span class='ocrx_word' id='word_1_73' title='bbox 1229 1353 1337 1415; x_wconf 87' lang='lat' dir='ltr'>aetate</span> 
     </span>
     <span class='ocr_line' id='line_1_10' title="bbox 63 1454 1337 1532; baseline 0.002 -16"><span class='ocrx_word' id='word_1_74' title='bbox 63 1457 203 1517; x_wconf 90' lang='lat' dir='ltr'>valuerit</span> <span class='ocrx_word' id='word_1_75' title='bbox 236 1456 321 1516; x_wconf 89' lang='lat' dir='ltr'>inter</span> <span class='ocrx_word' id='word_1_76' title='bbox 357 1454 594 1516; x_wconf 83' lang='lat' dir='ltr'>Alexandrinos</span> <span class='ocrx_word' id='word_1_77' title='bbox 624 1456 857 1528; x_wconf 89' lang='lat' dir='ltr'>grammaticos</span> <span class='ocrx_word' id='word_1_78' title='bbox 883 1454 999 1529; x_wconf 93' lang='lat' dir='ltr'>opinio.</span> <span class='ocrx_word' id='word_1_79' title='bbox 1039 1454 1079 1514; x_wconf 84' lang='lat' dir='ltr'>Et</span> <span class='ocrx_word' id='word_1_80' title='bbox 1113 1472 1192 1518; x_wconf 91' lang='lat' dir='ltr'>sane</span> <span class='ocrx_word' id='word_1_81' title='bbox 1226 1458 1337 1532; x_wconf 91' lang='lat' dir='ltr'>paucis</span> 
     </span>
     <span class='ocr_line' id='line_1_11' title="bbox 63 1555 1337 1630; baseline 0.002 -12"><span class='ocrx_word' id='word_1_82' title='bbox 63 1560 196 1618; x_wconf 90' lang='lat' dir='ltr'>tantum</span> <span class='ocrx_word' id='word_1_83' title='bbox 218 1555 298 1617; x_wconf 90' lang='lat' dir='ltr'>locis</span> <span class='ocrx_word' id='word_1_84' title='bbox 321 1559 519 1619; x_wconf 89' lang='lat' dir='ltr'>sententiam</span> <span class='ocrx_word' id='word_1_85' title='bbox 542 1558 696 1619; x_wconf 89' lang='lat' dir='ltr'>Zenodoti</span> <span class='ocrx_word' id='word_1_86' title='bbox 721 1557 772 1617; x_wconf 91' lang='lat' dir='ltr'>vel</span> <span class='ocrx_word' id='word_1_87' title='bbox 795 1555 1021 1630; x_wconf 83' lang='lat' dir='ltr'>Aristophanis</span> <span class='ocrx_word' id='word_1_88' title='bbox 1047 1572 1162 1619; x_wconf 90' lang='lat' dir='ltr'>versus</span> <span class='ocrx_word' id='word_1_89' title='bbox 1191 1558 1337 1621; x_wconf 79' lang='lat' dir='ltr'>Callima·</span> 
     </span>
     <span class='ocr_line' id='line_1_12' title="bbox 64 1657 1337 1735; baseline 0 -16"><span class='ocrx_word' id='word_1_90' title='bbox 64 1659 166 1720; x_wconf 91' lang='lat' dir='ltr'>cheus</span> <span class='ocrx_word' id='word_1_91' title='bbox 196 1657 347 1735; x_wconf 85' lang='lat' dir='ltr'>firmabit,</span> <span class='ocrx_word' id='word_1_92' title='bbox 383 1660 512 1734; x_wconf 88' lang='lat' dir='ltr'>saepius</span> <span class='ocrx_word' id='word_1_93' title='bbox 547 1661 658 1720; x_wconf 92' lang='lat' dir='ltr'>autem</span> <span class='ocrx_word' id='word_1_94' title='bbox 693 1658 859 1734; x_wconf 87' lang='lat' dir='ltr'>apparebit</span> <span class='ocrx_word' id='word_1_95' title='bbox 893 1658 932 1717; x_wconf 89' lang='lat' dir='ltr'>de</span> <span class='ocrx_word' id='word_1_96' title='bbox 960 1658 1038 1718; x_wconf 93' lang='lat' dir='ltr'>locis</span> <span class='ocrx_word' id='word_1_97' title='bbox 1068 1658 1241 1721; x_wconf 85' lang='lat' dir='ltr'>homericis</span> <span class='ocrx_word' id='word_1_98' title='bbox 1270 1661 1337 1720; x_wconf 88' lang='lat' dir='ltr'>iam</span> 
     </span>
     <span class='ocr_line' id='line_1_13' title="bbox 63 1753 1338 1836; baseline 0.002 -16"><span class='ocrx_word' id='word_1_99' title='bbox 63 1762 153 1821; x_wconf 89' lang='lat' dir='ltr'>idem</span> <span class='ocrx_word' id='word_1_100' title='bbox 187 1761 352 1823; x_wconf 83' lang='lat' dir='ltr'>censuisse</span> <span class='ocrx_word' id='word_1_101' title='bbox 390 1760 624 1822; x_wconf 75' lang='lat' dir='ltr'>Callimachum</span> <span class='ocrx_word' id='word_1_102' title='bbox 658 1762 741 1836; x_wconf 95' lang='lat' dir='ltr'>quod</span> <span class='ocrx_word' id='word_1_103' title='bbox 772 1761 955 1821; x_wconf 86' lang='lat' dir='ltr'>Aristonico</span> <span class='ocrx_word' id='word_1_104' title='bbox 989 1760 1041 1821; x_wconf 89' lang='lat' dir='ltr'>vel</span> <span class='ocrx_word' id='word_1_105' title='bbox 1082 1753 1220 1835; x_wconf 87' lang='lat' dir='ltr'>Didymo</span> <span class='ocrx_word' id='word_1_106' title='bbox 1253 1764 1338 1823; x_wconf 87' lang='lat' dir='ltr'>teste</span> 
     </span>
     <span class='ocr_line' id='line_1_14' title="bbox 64 1861 1335 1937; baseline 0.002 -15"><span class='ocrx_word' id='word_1_107' title='bbox 64 1863 247 1923; x_wconf 85' lang='lat' dir='ltr'>Aristarchi</span> <span class='ocrx_word' id='word_1_108' title='bbox 269 1863 331 1923; x_wconf 87' lang='lat' dir='ltr'>iuit</span> <span class='ocrx_word' id='word_1_109' title='bbox 350 1863 513 1925; x_wconf 90' lang='lat' dir='ltr'>iudicium.</span> <span class='ocrx_word' id='word_1_110' title='bbox 538 1864 649 1937; x_wconf 85' lang='lat' dir='ltr'>Neque</span> <span class='ocrx_word' id='word_1_111' title='bbox 671 1864 851 1924; x_wconf 87' lang='lat' dir='ltr'>Aristarchi</span> <span class='ocrx_word' id='word_1_112' title='bbox 873 1862 993 1936; x_wconf 90' lang='lat' dir='ltr'>gloriae</span> <span class='ocrx_word' id='word_1_113' title='bbox 1016 1861 1196 1925; x_wconf 90' lang='lat' dir='ltr'>obtrectare</span> <span class='ocrx_word' id='word_1_114' title='bbox 1220 1865 1335 1925; x_wconf 91' lang='lat' dir='ltr'>videbi·</span> 
     </span>
    </p>
   </div>
   <div class='ocr_carea' id='block_1_3' title="bbox 63 1963 1339 2446">
    <p class='ocr_par' dir='ltr' id='par_1_3' title="bbox 63 1963 1337 2242">
     <span class='ocr_line' id='line_1_15' title="bbox 64 1963 1337 2039; baseline 0.002 -16"><span class='ocrx_word' id='word_1_115' title='bbox 64 1979 152 2039; x_wconf 90' lang='lat' dir='ltr'>mur,</span> <span class='ocrx_word' id='word_1_116' title='bbox 187 1963 216 2023; x_wconf 87' lang='lat' dir='ltr'>si</span> <span class='ocrx_word' id='word_1_117' title='bbox 246 1964 279 2024; x_wconf 90' lang='lat' dir='ltr'>in</span> <span class='ocrx_word' id='word_1_118' title='bbox 309 1964 367 2025; x_wconf 91' lang='lat' dir='ltr'>tali</span> <span class='ocrx_word' id='word_1_119' title='bbox 398 1981 434 2026; x_wconf 92' lang='lat' dir='ltr'>re</span> <span class='ocrx_word' id='word_1_120' title='bbox 465 1966 661 2027; x_wconf 88' lang='lat' dir='ltr'>constituere</span> <span class='ocrx_word' id='word_1_121' title='bbox 685 1965 873 2027; x_wconf 91' lang='lat' dir='ltr'>conabimur</span> <span class='ocrx_word' id='word_1_122' title='bbox 895 1979 1035 2037; x_wconf 88' lang='lat' dir='ltr'>quonam</span> <span class='ocrx_word' id='word_1_123' title='bbox 1059 1964 1125 2024; x_wconf 90' lang='lat' dir='ltr'>iam</span> <span class='ocrx_word' id='word_1_124' title='bbox 1149 1968 1225 2026; x_wconf 86' lang='lat' dir='ltr'>ante</span> <span class='ocrx_word' id='word_1_125' title='bbox 1248 1965 1337 2026; x_wconf 81' lang='lat' dir='ltr'>Aris</span> 
     </span>
     <span class='ocr_line' id='line_1_16' title="bbox 63 2066 1337 2143; baseline 0.001 -16"><span class='ocrx_word' id='word_1_126' title='bbox 63 2066 171 2127; x_wconf 89' lang='lat' dir='ltr'>tarchi</span> <span class='ocrx_word' id='word_1_127' title='bbox 201 2068 344 2126; x_wconf 86' lang='lat' dir='ltr'>aetatem</span> <span class='ocrx_word' id='word_1_128' title='bbox 367 2067 574 2140; x_wconf 91' lang='lat' dir='ltr'>antiquorum</span> <span class='ocrx_word' id='word_1_129' title='bbox 596 2069 775 2143; x_wconf 85' lang='lat' dir='ltr'>poetarum,</span> <span class='ocrx_word' id='word_1_130' title='bbox 807 2066 940 2127; x_wconf 90' lang='lat' dir='ltr'>Homeri</span> <span class='ocrx_word' id='word_1_131' title='bbox 960 2067 1161 2143; x_wconf 87' lang='lat' dir='ltr'>praesertim,</span> <span class='ocrx_word' id='word_1_132' title='bbox 1185 2067 1337 2142; x_wconf 89' lang='lat' dir='ltr'>interpre-</span> 
     </span>
     <span class='ocr_line' id='line_1_17' title="bbox 66 2167 473 2242; baseline 0 -14"><span class='ocrx_word' id='word_1_133' title='bbox 66 2167 150 2228; x_wconf 90' lang='lat' dir='ltr'>tatio</span> <span class='ocrx_word' id='word_1_134' title='bbox 174 2167 272 2227; x_wconf 89' lang='lat' dir='ltr'>iuerit</span> <span class='ocrx_word' id='word_1_135' title='bbox 293 2182 473 2242; x_wconf 89' lang='lat' dir='ltr'>progressa.</span> 
     </span>
    </p>

    <p class='ocr_par' dir='ltr' id='par_1_4' title="bbox 64 2268 1339 2446">
     <span class='ocr_line' id='line_1_18' title="bbox 111 2268 1339 2344; baseline 0.002 -16"><span class='ocrx_word' id='word_1_136' title='bbox 111 2268 201 2329; x_wconf 90' lang='lat' dir='ltr'>Duae</span> <span class='ocrx_word' id='word_1_137' title='bbox 232 2269 264 2328; x_wconf 91' lang='lat' dir='ltr'>in</span> <span class='ocrx_word' id='word_1_138' title='bbox 288 2269 349 2330; x_wconf 92' lang='lat' dir='ltr'>hac</span> <span class='ocrx_word' id='word_1_139' title='bbox 371 2270 620 2343; x_wconf 83' lang='lat' dir='ltr'>investigatione</span> <span class='ocrx_word' id='word_1_140' title='bbox 640 2271 720 2330; x_wconf 92' lang='lat' dir='ltr'>mihi</span> <span class='ocrx_word' id='word_1_141' title='bbox 738 2270 892 2344; x_wconf 86' lang='lat' dir='ltr'>patebant</span> <span class='ocrx_word' id='word_1_142' title='bbox 913 2270 993 2331; x_wconf 91' lang='lat' dir='ltr'>viae.</span> <span class='ocrx_word' id='word_1_143' title='bbox 1018 2270 1169 2331; x_wconf 89' lang='lat' dir='ltr'>Poteram</span> <span class='ocrx_word' id='word_1_144' title='bbox 1192 2272 1225 2331; x_wconf 93' lang='lat' dir='ltr'>in</span> <span class='ocrx_word' id='word_1_145' title='bbox 1248 2271 1339 2331; x_wconf 88' lang='lat' dir='ltr'>varia</span> 
     </span>
     <span class='ocr_line' id='line_1_19' title="bbox 64 2354 1339 2446; baseline 0.003 -17"><span class='ocrx_word' id='word_1_146' title='bbox 64 2369 174 2444; x_wconf 90' lang='lat' dir='ltr'>capita</span> <span class='ocrx_word' id='word_1_147' title='bbox 215 2371 329 2444; x_wconf 90' lang='lat' dir='ltr'>poetae</span> <span class='ocrx_word' id='word_1_148' title='bbox 363 2372 614 2445; x_wconf 83' lang='lat' dir='ltr'>grammaticam</span> <span class='ocrx_word' id='word_1_149' title='bbox 649 2371 839 2433; x_wconf 88' lang='lat' dir='ltr'>distribuere</span> <span class='ocrx_word' id='word_1_150' title='bbox 873 2374 970 2445; x_wconf 90' lang='lat' dir='ltr'>atque</span> <span class='ocrx_word' id='word_1_151' title='bbox 1005 2354 1183 2433; x_wconf 89' lang='lat' dir='ltr'>secundum</span> <span class='ocrx_word' id='word_1_152' title='bbox 1221 2387 1339 2446; x_wconf 89' lang='lat' dir='ltr'>genera</span> 
     </span>
    </p>
   </div>
   <div class='ocr_carea' id='block_1_4' title="bbox 63 2471 1342 4684">
    <p class='ocr_par' dir='ltr' id='par_1_5' title="bbox 63 2471 1339 2748">
     <span class='ocr_line' id='line_1_20' title="bbox 64 2471 1339 2558; baseline 0.002 -26"><span class='ocrx_word' id='word_1_153' title='bbox 64 2471 229 2532; x_wconf 90' lang='lat' dir='ltr'>dissecare</span> <span class='ocrx_word' id='word_1_154' title='bbox 260 2473 449 2549; x_wconf 77' lang='lat' dir='ltr'>materiem,</span> <span class='ocrx_word' id='word_1_155' title='bbox 475 2473 593 2533; x_wconf 91' lang='lat' dir='ltr'>licebat</span> <span class='ocrx_word' id='word_1_156' title='bbox 623 2472 723 2533; x_wconf 91' lang='lat' dir='ltr'>etiam</span> <span class='ocrx_word' id='word_1_157' title='bbox 742 2472 844 2558; x_wconf 89' lang='lat' dir='ltr'>ipsius</span> <span class='ocrx_word' id='word_1_158' title='bbox 867 2474 980 2547; x_wconf 90' lang='lat' dir='ltr'>poetae</span> <span class='ocrx_word' id='word_1_159' title='bbox 1006 2475 1176 2546; x_wconf 88' lang='lat' dir='ltr'>tamquam</span> <span class='ocrx_word' id='word_1_160' title='bbox 1200 2473 1339 2548; x_wconf 89' lang='lat' dir='ltr'>vestigia</span> 
     </span>
     <span class='ocr_line' id='line_1_21' title="bbox 63 2573 1338 2648; baseline 0.002 -15"><span class='ocrx_word' id='word_1_161' title='bbox 63 2573 159 2646; x_wconf 91' lang='lat' dir='ltr'>sequi</span> <span class='ocrx_word' id='word_1_162' title='bbox 183 2580 217 2633; x_wconf 85' lang='lat' dir='ltr'>et</span> <span class='ocrx_word' id='word_1_163' title='bbox 238 2588 294 2647; x_wconf 88' lang='lat' dir='ltr'>per</span> <span class='ocrx_word' id='word_1_164' title='bbox 317 2574 462 2647; x_wconf 90' lang='lat' dir='ltr'>singulos</span> <span class='ocrx_word' id='word_1_165' title='bbox 485 2574 667 2635; x_wconf 90' lang='lat' dir='ltr'>carminum</span> <span class='ocrx_word' id='word_1_166' title='bbox 689 2589 803 2634; x_wconf 85' lang='lat' dir='ltr'>versus</span> <span class='ocrx_word' id='word_1_167' title='bbox 821 2574 987 2635; x_wconf 88' lang='lat' dir='ltr'>attendere</span> <span class='ocrx_word' id='word_1_168' title='bbox 1007 2576 1047 2635; x_wconf 88' lang='lat' dir='ltr'>ad</span> <span class='ocrx_word' id='word_1_169' title='bbox 1070 2574 1102 2635; x_wconf 93' lang='lat' dir='ltr'>id</span> <span class='ocrx_word' id='word_1_170' title='bbox 1123 2574 1206 2648; x_wconf 87' lang='lat' dir='ltr'>quod</span> <span class='ocrx_word' id='word_1_171' title='bbox 1225 2577 1338 2635; x_wconf 91' lang='lat' dir='ltr'>notatu</span> 
     </span>
     <span class='ocr_line' id='line_1_22' title="bbox 64 2670 471 2748; baseline 0.002 -14"><span class='ocrx_word' id='word_1_172' title='bbox 64 2670 203 2748; x_wconf 87' lang='lat' dir='ltr'>dignum</span> <span class='ocrx_word' id='word_1_173' title='bbox 227 2675 399 2736; x_wconf 89' lang='lat' dir='ltr'>videretur.</span> <span class='ocrx_word' id='word_1_174' title='bbox 467 2679 471 2685; x_wconf 86' lang='grc'><em>’</em></span> 
     </span>
    </p>

    <p class='ocr_par' dir='ltr' id='par_1_6' title="bbox 64 2776 1341 3564">
     <span class='ocr_line' id='line_1_23' title="bbox 111 2776 1338 2852; baseline -0.001 -16"><span class='ocrx_word' id='word_1_175' title='bbox 111 2776 317 2852; x_wconf 81' lang='lat' dir='ltr'>Quamquam</span> <span class='ocrx_word' id='word_1_176' title='bbox 347 2779 458 2838; x_wconf 90' lang='lat' dir='ltr'>autem</span> <span class='ocrx_word' id='word_1_177' title='bbox 492 2777 577 2852; x_wconf 91' lang='lat' dir='ltr'>prior</span> <span class='ocrx_word' id='word_1_178' title='bbox 604 2778 657 2837; x_wconf 89' lang='lat' dir='ltr'>via</span> <span class='ocrx_word' id='word_1_179' title='bbox 680 2777 804 2838; x_wconf 91' lang='lat' dir='ltr'>ratione</span> <span class='ocrx_word' id='word_1_180' title='bbox 828 2776 1048 2838; x_wconf 91' lang='lat' dir='ltr'>commendari</span> <span class='ocrx_word' id='word_1_181' title='bbox 1078 2776 1338 2852; x_wconf 87' lang='lat' dir='ltr'>primoquidem</span> 
     </span>
     <span class='ocr_line' id='line_1_24' title="bbox 64 2876 1341 2953; baseline -0.001 -14"><span class='ocrx_word' id='word_1_182' title='bbox 64 2879 183 2939; x_wconf 90' lang='lat' dir='ltr'>ohtutu</span> <span class='ocrx_word' id='word_1_183' title='bbox 203 2878 380 2949; x_wconf 83' lang='lat' dir='ltr'>videbatur,</span> <span class='ocrx_word' id='word_1_184' title='bbox 401 2876 539 2940; x_wconf 86' lang='lat' dir='ltr'>alteram</span> <span class='ocrx_word' id='word_1_185' title='bbox 560 2879 658 2953; x_wconf 89' lang='lat' dir='ltr'>elegi:</span> <span class='ocrx_word' id='word_1_186' title='bbox 680 2878 830 2939; x_wconf 90' lang='lat' dir='ltr'>videbam</span> <span class='ocrx_word' id='word_1_187' title='bbox 850 2879 937 2939; x_wconf 89' lang='lat' dir='ltr'>enim</span> <span class='ocrx_word' id='word_1_188' title='bbox 955 2878 1294 2953; x_wconf 87' lang='lat' dir='ltr'>gravissimaquidem</span> <span class='ocrx_word' id='word_1_189' title='bbox 1309 2880 1341 2938; x_wconf 92' lang='lat' dir='ltr'>et</span> 
     </span>
     <span class='ocr_line' id='line_1_25' title="bbox 64 2980 1340 3056; baseline 0 -16"><span class='ocrx_word' id='word_1_190' title='bbox 64 2981 193 3056; x_wconf 89' lang='lat' dir='ltr'>potiora</span> <span class='ocrx_word' id='word_1_191' title='bbox 221 2981 307 3041; x_wconf 85' lang='lat' dir='ltr'>facili</span> <span class='ocrx_word' id='word_1_192' title='bbox 337 2996 433 3055; x_wconf 91' lang='lat' dir='ltr'>opera</span> <span class='ocrx_word' id='word_1_193' title='bbox 457 2981 496 3041; x_wconf 87' lang='lat' dir='ltr'>ad</span> <span class='ocrx_word' id='word_1_194' title='bbox 524 2996 621 3041; x_wconf 92' lang='lat' dir='ltr'>suum</span> <span class='ocrx_word' id='word_1_195' title='bbox 653 2981 791 3054; x_wconf 88' lang='lat' dir='ltr'>quidque</span> <span class='ocrx_word' id='word_1_196' title='bbox 822 2996 925 3056; x_wconf 85' lang='lat' dir='ltr'>genus</span> <span class='ocrx_word' id='word_1_197' title='bbox 952 2982 1096 3042; x_wconf 92' lang='lat' dir='ltr'>revocari</span> <span class='ocrx_word' id='word_1_198' title='bbox 1120 2996 1225 3056; x_wconf 88' lang='lat' dir='ltr'>posse,</span> <span class='ocrx_word' id='word_1_199' title='bbox 1249 2982 1284 3040; x_wconf 88' lang='lat' dir='ltr'>at</span> <span class='ocrx_word' id='word_1_200' title='bbox 1307 2980 1340 3040; x_wconf 92' lang='lat' dir='ltr'>in</span> 
     </span>
     <span class='ocr_line' id='line_1_26' title="bbox 66 3081 1340 3160; baseline -0.002 -17"><span class='ocrx_word' id='word_1_201' title='bbox 66 3082 256 3158; x_wconf 85' lang='lat' dir='ltr'>minoribus,</span> <span class='ocrx_word' id='word_1_202' title='bbox 280 3097 362 3155; x_wconf 91' lang='lat' dir='ltr'>quae</span> <span class='ocrx_word' id='word_1_203' title='bbox 386 3085 463 3143; x_wconf 93' lang='lat' dir='ltr'>sunt</span> <span class='ocrx_word' id='word_1_204' title='bbox 485 3082 600 3157; x_wconf 89' lang='lat' dir='ltr'>multa,</span> <span class='ocrx_word' id='word_1_205' title='bbox 624 3097 687 3142; x_wconf 93' lang='lat' dir='ltr'>non</span> <span class='ocrx_word' id='word_1_206' title='bbox 711 3083 782 3160; x_wconf 90' lang='lat' dir='ltr'>sine</span> <span class='ocrx_word' id='word_1_207' title='bbox 806 3083 838 3141; x_wconf 88' lang='lat' dir='ltr'>vi</span> <span class='ocrx_word' id='word_1_208' title='bbox 859 3082 1030 3156; x_wconf 80' lang='lat' dir='ltr'>materiem</span> <span class='ocrx_word' id='word_1_209' title='bbox 1054 3082 1153 3142; x_wconf 89' lang='lat' dir='ltr'>dividi</span> <span class='ocrx_word' id='word_1_210' title='bbox 1178 3083 1211 3143; x_wconf 91' lang='lat' dir='ltr'>et</span> <span class='ocrx_word' id='word_1_211' title='bbox 1235 3081 1340 3155; x_wconf 89' lang='lat' dir='ltr'>specie</span> 
     </span>
     <span class='ocr_line' id='line_1_27' title="bbox 64 3181 1341 3258; baseline -0.002 -14"><span class='ocrx_word' id='word_1_212' title='bbox 64 3184 202 3244; x_wconf 85' lang='lat' dir='ltr'>rationis</span> <span class='ocrx_word' id='word_1_213' title='bbox 235 3182 404 3244; x_wconf 89' lang='lat' dir='ltr'>cuiusdam</span> <span class='ocrx_word' id='word_1_214' title='bbox 439 3184 589 3245; x_wconf 87' lang='lat' dir='ltr'>confundi</span> <span class='ocrx_word' id='word_1_215' title='bbox 624 3185 731 3244; x_wconf 90' lang='lat' dir='ltr'>totum</span> <span class='ocrx_word' id='word_1_216' title='bbox 770 3198 850 3258; x_wconf 91' lang='lat' dir='ltr'>opus</span> <span class='ocrx_word' id='word_1_217' title='bbox 886 3186 918 3243; x_wconf 92' lang='lat' dir='ltr'>et</span> <span class='ocrx_word' id='word_1_218' title='bbox 952 3182 1126 3243; x_wconf 89' lang='lat' dir='ltr'>obscurari.</span> <span class='ocrx_word' id='word_1_219' title='bbox 1159 3181 1341 3242; x_wconf 87' lang='lat' dir='ltr'>Accedebat</span> 
     </span>
     <span class='ocr_line' id='line_1_28' title="bbox 64 3283 1340 3361; baseline -0.002 -16"><span class='ocrx_word' id='word_1_220' title='bbox 64 3286 152 3359; x_wconf 91' lang='lat' dir='ltr'>quod</span> <span class='ocrx_word' id='word_1_221' title='bbox 185 3300 339 3360; x_wconf 90' lang='lat' dir='ltr'>persaepe</span> <span class='ocrx_word' id='word_1_222' title='bbox 372 3288 500 3361; x_wconf 91' lang='lat' dir='ltr'>propter</span> <span class='ocrx_word' id='word_1_223' title='bbox 528 3287 638 3360; x_wconf 89' lang='lat' dir='ltr'>plures</span> <span class='ocrx_word' id='word_1_224' title='bbox 669 3300 786 3346; x_wconf 89' lang='lat' dir='ltr'>causas</span> <span class='ocrx_word' id='word_1_225' title='bbox 816 3285 903 3345; x_wconf 90' lang='lat' dir='ltr'>idem</span> <span class='ocrx_word' id='word_1_226' title='bbox 926 3299 1042 3345; x_wconf 88' lang='lat' dir='ltr'>versus</span> <span class='ocrx_word' id='word_1_227' title='bbox 1065 3283 1246 3345; x_wconf 88' lang='lat' dir='ltr'>laudandus</span> <span class='ocrx_word' id='word_1_228' title='bbox 1270 3285 1340 3344; x_wconf 88' lang='lat' dir='ltr'>erat</span> 
     </span>
     <span class='ocr_line' id='line_1_29' title="bbox 65 3385 1339 3470; baseline -0.003 -21"><span class='ocrx_word' id='word_1_229' title='bbox 65 3389 101 3449; x_wconf 89' lang='lat' dir='ltr'>et</span> <span class='ocrx_word' id='word_1_230' title='bbox 130 3387 164 3447; x_wconf 92' lang='lat' dir='ltr'>in</span> <span class='ocrx_word' id='word_1_231' title='bbox 195 3387 381 3448; x_wconf 91' lang='lat' dir='ltr'>inmensum</span> <span class='ocrx_word' id='word_1_232' title='bbox 401 3403 487 3470; x_wconf 30' lang='lat' dir='ltr'>,mox</span> <span class='ocrx_word' id='word_1_233' title='bbox 511 3388 676 3449; x_wconf 88' lang='lat' dir='ltr'>crescebat</span> <span class='ocrx_word' id='word_1_234' title='bbox 698 3387 852 3448; x_wconf 89' lang='lat' dir='ltr'>materies</span> <span class='ocrx_word' id='word_1_235' title='bbox 875 3387 1049 3448; x_wconf 89' lang='lat' dir='ltr'>lectoribus</span> <span class='ocrx_word' id='word_1_236' title='bbox 1072 3385 1212 3448; x_wconf 86' lang='lat' dir='ltr'>molesta</span> <span class='ocrx_word' id='word_1_237' title='bbox 1235 3399 1339 3458; x_wconf 87' lang='lat' dir='ltr'>neque</span> 
     </span>
     <span class='ocr_line' id='line_1_30' title="bbox 64 3489 342 3564; baseline 0.004 -15"><span class='ocrx_word' id='word_1_238' title='bbox 64 3492 162 3564; x_wconf 86' lang='lat' dir='ltr'>grata</span> <span class='ocrx_word' id='word_1_239' title='bbox 184 3489 342 3564; x_wconf 90' lang='lat' dir='ltr'>scriptori.</span> 
     </span>
    </p>

    <p class='ocr_par' dir='ltr' id='par_1_7' title="bbox 64 3588 1342 4377">
     <span class='ocr_line' id='line_1_31' title="bbox 113 3588 1339 3679; baseline -0.002 -28"><span class='ocrx_word' id='word_1_240' title='bbox 113 3590 299 3665; x_wconf 87' lang='lat' dir='ltr'>Simplicius</span> <span class='ocrx_word' id='word_1_241' title='bbox 310 3590 409 3679; x_wconf 88' lang='lat' dir='ltr'>igitur</span> <span class='ocrx_word' id='word_1_242' title='bbox 421 3594 454 3652; x_wconf 93' lang='lat' dir='ltr'>et</span> <span class='ocrx_word' id='word_1_243' title='bbox 464 3593 594 3666; x_wconf 90' lang='lat' dir='ltr'>propter</span> <span class='ocrx_word' id='word_1_244' title='bbox 605 3591 782 3651; x_wconf 84' lang='lat' dir='ltr'>utilitatem</span> <span class='ocrx_word' id='word_1_245' title='bbox 792 3590 897 3664; x_wconf 92' lang='lat' dir='ltr'>magis</span> <span class='ocrx_word' id='word_1_246' title='bbox 909 3589 1202 3650; x_wconf 88' lang='lat' dir='ltr'>commendandum</span> <span class='ocrx_word' id='word_1_247' title='bbox 1215 3588 1339 3649; x_wconf 89' lang='lat' dir='ltr'>videba-</span> 
     </span>
     <span class='ocr_line' id='line_1_32' title="bbox 65 3691 1340 3769; baseline -0.004 -14"><span class='ocrx_word' id='word_1_248' title='bbox 65 3698 131 3769; x_wconf 89' lang='lat' dir='ltr'>tur,</span> <span class='ocrx_word' id='word_1_249' title='bbox 154 3707 354 3766; x_wconf 88' lang='lat' dir='ltr'>quamquam</span> <span class='ocrx_word' id='word_1_250' title='bbox 373 3693 599 3767; x_wconf 86' lang='lat' dir='ltr'>intellegebam</span> <span class='ocrx_word' id='word_1_251' title='bbox 620 3694 667 3753; x_wconf 90' lang='lat' dir='ltr'>sic</span> <span class='ocrx_word' id='word_1_252' title='bbox 687 3694 754 3754; x_wconf 87' lang='lat' dir='ltr'>iore</span> <span class='ocrx_word' id='word_1_253' title='bbox 773 3694 811 3753; x_wconf 91' lang='lat' dir='ltr'>ut</span> <span class='ocrx_word' id='word_1_254' title='bbox 829 3693 918 3753; x_wconf 91' lang='lat' dir='ltr'>omni</span> <span class='ocrx_word' id='word_1_255' title='bbox 937 3692 1005 3753; x_wconf 91' lang='lat' dir='ltr'>stili</span> <span class='ocrx_word' id='word_1_256' title='bbox 1017 3691 1294 3753; x_wconf 90' lang='lat' dir='ltr'>commendatione</span> <span class='ocrx_word' id='word_1_257' title='bbox 1307 3691 1340 3751; x_wconf 88' lang='lat' dir='ltr'>et</span> 
     </span>
     <span class='ocr_line' id='line_1_33' title="bbox 64 3793 1339 3871; baseline -0.003 -15"><span class='ocrx_word' id='word_1_258' title='bbox 64 3794 295 3870; x_wconf 84' lang='lat' dir='ltr'>disputationis</span> <span class='ocrx_word' id='word_1_259' title='bbox 318 3794 477 3869; x_wconf 85' lang='lat' dir='ltr'>elegantia</span> <span class='ocrx_word' id='word_1_260' title='bbox 496 3795 702 3868; x_wconf 88' lang='lat' dir='ltr'>investigatio</span> <span class='ocrx_word' id='word_1_261' title='bbox 722 3796 856 3871; x_wconf 88' lang='lat' dir='ltr'>careret,</span> <span class='ocrx_word' id='word_1_262' title='bbox 877 3795 924 3855; x_wconf 90' lang='lat' dir='ltr'>ita</span> <span class='ocrx_word' id='word_1_263' title='bbox 943 3809 1013 3855; x_wconf 90' lang='lat' dir='ltr'>rem</span> <span class='ocrx_word' id='word_1_264' title='bbox 1035 3809 1129 3867; x_wconf 86' lang='lat' dir='ltr'>agere</span> <span class='ocrx_word' id='word_1_265' title='bbox 1149 3793 1267 3854; x_wconf 84' lang='lat' dir='ltr'>utfeci.</span> <span class='ocrx_word' id='word_1_266' title='bbox 1280 3793 1339 3852; x_wconf 82' lang='lat' dir='ltr'>Ex·</span> 
     </span>
     <span class='ocr_line' id='line_1_34' title="bbox 66 3895 1340 3972; baseline -0.002 -15"><span class='ocrx_word' id='word_1_267' title='bbox 66 3897 183 3970; x_wconf 89' lang='lat' dir='ltr'>scripsi</span> <span class='ocrx_word' id='word_1_268' title='bbox 203 3897 324 3972; x_wconf 88' lang='lat' dir='ltr'>autem,</span> <span class='ocrx_word' id='word_1_269' title='bbox 348 3896 431 3970; x_wconf 92' lang='lat' dir='ltr'>quod</span> <span class='ocrx_word' id='word_1_270' title='bbox 451 3897 652 3957; x_wconf 86' lang='lat' dir='ltr'>commodius</span> <span class='ocrx_word' id='word_1_271' title='bbox 671 3897 843 3956; x_wconf 89' lang='lat' dir='ltr'>lectoribus</span> <span class='ocrx_word' id='word_1_272' title='bbox 864 3897 943 3972; x_wconf 89' lang='lat' dir='ltr'>erat,</span> <span class='ocrx_word' id='word_1_273' title='bbox 967 3897 1054 3971; x_wconf 89' lang='lat' dir='ltr'>ipsos</span> <span class='ocrx_word' id='word_1_274' title='bbox 1074 3895 1223 3970; x_wconf 88' lang='lat' dir='ltr'>hymnos,</span> <span class='ocrx_word' id='word_1_275' title='bbox 1241 3911 1340 3969; x_wconf 91' lang='lat' dir='ltr'>eoque</span> 
     </span>
     <span class='ocr_line' id='line_1_35' title="bbox 65 3997 1342 4073; baseline -0.002 -14"><span class='ocrx_word' id='word_1_276' title='bbox 65 3998 177 4059; x_wconf 91' lang='lat' dir='ltr'>ordine</span> <span class='ocrx_word' id='word_1_277' title='bbox 200 3999 340 4058; x_wconf 86' lang='lat' dir='ltr'>tractavi</span> <span class='ocrx_word' id='word_1_278' title='bbox 362 4014 424 4072; x_wconf 95' lang='lat' dir='ltr'>quo</span> <span class='ocrx_word' id='word_1_279' title='bbox 449 4000 582 4073; x_wconf 88' lang='lat' dir='ltr'>apoeta</span> <span class='ocrx_word' id='word_1_280' title='bbox 601 3999 713 4072; x_wconf 87' lang='lat' dir='ltr'>scripti</span> <span class='ocrx_word' id='word_1_281' title='bbox 737 3999 816 4058; x_wconf 92' lang='lat' dir='ltr'>mihi</span> <span class='ocrx_word' id='word_1_282' title='bbox 840 3999 999 4073; x_wconf 90' lang='lat' dir='ltr'>videntur,</span> <span class='ocrx_word' id='word_1_283' title='bbox 1024 3997 1062 4057; x_wconf 94' lang='lat' dir='ltr'>de</span> <span class='ocrx_word' id='word_1_284' title='bbox 1083 4013 1147 4070; x_wconf 93' lang='lat' dir='ltr'>qua</span> <span class='ocrx_word' id='word_1_285' title='bbox 1163 4012 1197 4057; x_wconf 89' lang='lat' dir='ltr'>re</span> <span class='ocrx_word' id='word_1_286' title='bbox 1214 3999 1342 4071; x_wconf 90' lang='lat' dir='ltr'>propter</span> 
     </span>
     <span class='ocr_line' id='line_1_36' title="bbox 65 4099 1341 4175; baseline -0.003 -13"><span class='ocrx_word' id='word_1_287' title='bbox 65 4102 234 4175; x_wconf 84' lang='lat' dir='ltr'>ingentem</span> <span class='ocrx_word' id='word_1_288' title='bbox 254 4099 424 4160; x_wconf 91' lang='lat' dir='ltr'>hominum</span> <span class='ocrx_word' id='word_1_289' title='bbox 444 4100 643 4161; x_wconf 91' lang='lat' dir='ltr'>eruditorum</span> <span class='ocrx_word' id='word_1_290' title='bbox 665 4100 858 4160; x_wconf 89' lang='lat' dir='ltr'>discordiam</span> <span class='ocrx_word' id='word_1_291' title='bbox 881 4115 956 4160; x_wconf 90' lang='lat' dir='ltr'>cum</span> <span class='ocrx_word' id='word_1_292' title='bbox 976 4101 1125 4159; x_wconf 88' lang='lat' dir='ltr'>accurate</span> <span class='ocrx_word' id='word_1_293' title='bbox 1145 4099 1248 4159; x_wconf 90' lang='lat' dir='ltr'>dicere</span> <span class='ocrx_word' id='word_1_294' title='bbox 1272 4099 1341 4158; x_wconf 91' lang='lat' dir='ltr'>sine</span> 
     </span>
     <span class='ocr_line' id='line_1_37' title="bbox 64 4201 1340 4276; baseline -0.002 -15"><span class='ocrx_word' id='word_1_295' title='bbox 64 4201 211 4275; x_wconf 89' lang='lat' dir='ltr'>longiore</span> <span class='ocrx_word' id='word_1_296' title='bbox 241 4201 459 4275; x_wconf 90' lang='lat' dir='ltr'>disputatione</span> <span class='ocrx_word' id='word_1_297' title='bbox 488 4216 552 4262; x_wconf 93' lang='lat' dir='ltr'>non</span> <span class='ocrx_word' id='word_1_298' title='bbox 577 4201 698 4276; x_wconf 90' lang='lat' dir='ltr'>possim</span> <span class='ocrx_word' id='word_1_299' title='bbox 713 4201 902 4275; x_wconf 90' lang='lat' dir='ltr'>-qualem</span> <span class='ocrx_word' id='word_1_300' title='bbox 925 4202 977 4261; x_wconf 89' lang='lat' dir='ltr'>hic</span> <span class='ocrx_word' id='word_1_301' title='bbox 1000 4201 1122 4261; x_wconf 88' lang='lat' dir='ltr'>evitare</span> <span class='ocrx_word' id='word_1_302' title='bbox 1142 4202 1286 4274; x_wconf 89' lang='lat' dir='ltr'>praestat</span> <span class='ocrx_word' id='word_1_303' title='bbox 1299 4233 1340 4245; x_wconf 81' lang='lat'>-</span> 
     </span>
     <span class='ocr_line' id='line_1_38' title="bbox 65 4303 656 4377; baseline -0.008 -10"><span class='ocrx_word' id='word_1_304' title='bbox 65 4305 211 4367; x_wconf 90' lang='lat' dir='ltr'>breviter</span> <span class='ocrx_word' id='word_1_305' title='bbox 233 4303 309 4377; x_wconf 88' lang='lat' dir='ltr'>quid</span> <span class='ocrx_word' id='word_1_306' title='bbox 334 4304 475 4365; x_wconf 88' lang='lat' dir='ltr'>sentiam</span> <span class='ocrx_word' id='word_1_307' title='bbox 498 4303 656 4363; x_wconf 88' lang='lat' dir='ltr'>indicabo.</span> 
     </span>
    </p>

    <p class='ocr_par' dir='ltr' id='par_1_8' title="bbox 65 4403 1342 4684">
     <span class='ocr_line' id='line_1_39' title="bbox 113 4403 1340 4480; baseline -0.002 -14"><span class='ocrx_word' id='word_1_308' title='bbox 113 4405 328 4466; x_wconf 76' lang='lat' dir='ltr'>Consentiunt</span> <span class='ocrx_word' id='word_1_309' title='bbox 350 4405 417 4465; x_wconf 88' lang='lat' dir='ltr'>iere</span> <span class='ocrx_word' id='word_1_310' title='bbox 440 4419 554 4464; x_wconf 89' lang='lat' dir='ltr'>omnes</span> <span class='ocrx_word' id='word_1_311' title='bbox 576 4403 680 4480; x_wconf 94' lang='lat' dir='ltr'>hodie,</span> <span class='ocrx_word' id='word_1_312' title='bbox 706 4403 847 4478; x_wconf 91' lang='lat' dir='ltr'>primum</span> <span class='ocrx_word' id='word_1_313' title='bbox 870 4403 978 4465; x_wconf 90' lang='lat' dir='ltr'>locum</span> <span class='ocrx_word' id='word_1_314' title='bbox 1001 4405 1112 4464; x_wconf 86' lang='lat' dir='ltr'>tenere</span> <span class='ocrx_word' id='word_1_315' title='bbox 1136 4404 1296 4478; x_wconf 89' lang='lat' dir='ltr'>hymnum</span> <span class='ocrx_word' id='word_1_316' title='bbox 1315 4404 1340 4464; x_wconf 90' lang='grc' dir='ltr'>Ι.</span> 
     </span>
     <span class='ocr_line' id='line_1_40' title="bbox 66 4504 1342 4583; baseline -0.004 -13"><span class='ocrx_word' id='word_1_317' title='bbox 66 4509 219 4583; x_wconf 84' lang='lat' dir='ltr'>Hymnos</span> <span class='ocrx_word' id='word_1_318' title='bbox 253 4507 300 4566; x_wconf 90' lang='grc' dir='ltr'>ΙΙΙ</span> <span class='ocrx_word' id='word_1_319' title='bbox 331 4508 365 4567; x_wconf 91' lang='lat' dir='ltr'>et</span> <span class='ocrx_word' id='word_1_320' title='bbox 395 4506 439 4566; x_wconf 91' lang='lat' dir='ltr'>IV</span> <span class='ocrx_word' id='word_1_321' title='bbox 470 4508 546 4567; x_wconf 89' lang='lat' dir='ltr'>ante</span> <span class='ocrx_word' id='word_1_322' title='bbox 569 4520 691 4567; x_wconf 89' lang='lat' dir='ltr'>annum</span> <span class='ocrx_word' id='word_1_323' title='bbox 716 4506 780 4566; x_wconf 81' lang='lat'>274</span> <span class='ocrx_word' id='word_1_324' title='bbox 809 4506 1005 4580; x_wconf 88' lang='lat' dir='ltr'>compositos</span> <span class='ocrx_word' id='word_1_325' title='bbox 1028 4520 1111 4581; x_wconf 87' lang='lat' dir='ltr'>esse,</span> <span class='ocrx_word' id='word_1_326' title='bbox 1135 4508 1169 4566; x_wconf 92' lang='lat' dir='ltr'>et</span> <span class='ocrx_word' id='word_1_327' title='bbox 1191 4506 1269 4566; x_wconf 93' lang='lat' dir='ltr'>olim</span> <span class='ocrx_word' id='word_1_328' title='bbox 1291 4504 1342 4565; x_wconf 93' lang='lat' dir='ltr'>de·</span> 
     </span>
     <span class='ocr_line' id='line_1_41' title="bbox 65 4605 1341 4684; baseline -0.004 -13"><span class='ocrx_word' id='word_1_329' title='bbox 65 4612 250 4672; x_wconf 90' lang='lat' dir='ltr'>monstrare</span> <span class='ocrx_word' id='word_1_330' title='bbox 268 4605 403 4669; x_wconf 78' lang='lat' dir='ltr'>coriatus</span> <span class='ocrx_word' id='word_1_331' title='bbox 425 4624 501 4669; x_wconf 89' lang='lat' dir='ltr'>sum</span> <span class='ocrx_word' id='word_1_332' title='bbox 520 4607 724 4684; x_wconf 64' lang='lat' dir='ltr'>(cormaco.</span> <span class='ocrx_word' id='word_1_333' title='bbox 738 4608 817 4668; x_wconf 82' lang='lat' dir='ltr'>XIX</span> <span class='ocrx_word' id='word_1_334' title='bbox 831 4610 872 4668; x_wconf 88' lang='lat'>63</span> <span class='ocrx_word' id='word_1_335' title='bbox 886 4612 965 4682; x_wconf 89' lang='lat' dir='ltr'>sqq.)</span> <span class='ocrx_word' id='word_1_336' title='bbox 986 4611 1020 4668; x_wconf 91' lang='lat' dir='ltr'>et</span> <span class='ocrx_word' id='word_1_337' title='bbox 1038 4623 1123 4667; x_wconf 91' lang='lat' dir='ltr'>nunc</span> <span class='ocrx_word' id='word_1_338' title='bbox 1136 4623 1267 4683; x_wconf 91' lang='lat' dir='ltr'>censeo;</span> <span class='ocrx_word' id='word_1_339' title='bbox 1281 4609 1341 4667; x_wconf 88' lang='lat' dir='ltr'>ter·</span> 
     </span>
    </p>
   </div>
   <div class='ocr_carea' id='block_1_5' title="bbox 0 0 1559 5294">
    <p class='ocr_par' dir='ltr' id='par_1_9' title="bbox 0 0 1559 5294">
     <span class='ocr_line' id='line_1_42' title="bbox 0 0 1559 5294; baseline 0 0"><span class='ocrx_word' id='word_1_340' title='bbox 0 0 1559 5294; x_wconf 95' lang='lat' dir='ltr'> </span> 
     </span>
    </p>
   </div>
  </div>
 </body>
</html>
