3068 5294
801 450 864 510 204
1272 449 1312 510 ΙΙ.
1340 449 1477 511 37-41

200 639 233 697 et
268 640 436 711 tamquam
472 640 613 713 imagine
637 640 689 700 usi
723 638 856 714 capillos
886 653 923 699 eo
954 638 1086 698 nomine
1115 638 1268 698 indicant.
1304 639 1357 698 Ita
1385 640 1479 699 enim

198 739 431 815 Aristophanes
455 740 538 801 Nat.
560 742 624 802 965
651 741 757 802 verbis
788 747 894 818 Ι,χνοῦς
919 736 1044 816 ἐπήνθει
1067 742 1127 809 τοῖς
1151 737 1297 810 arcator&
1324 740 1479 800 consulto

198 841 296 901 adicit
329 839 445 919 ,ὥσπερ
469 842 616 920 pullorum
641 843 838 916 Frequenter
868 856 944 902 vero
968 842 1042 916 post
1065 840 1300 902 Callimachum
1324 841 1478 902 adhiben-

196 948 250 1002 tur
287 941 326 1003 de
360 943 464 1017 primo
500 943 663 1018 lanuginis
697 944 774 1004 floro
808 944 842 1004 et
875 943 1118 1003 substantivum
1157 950 1247 1020 χνοῦς
1279 946 1312 1002 et
1336 944 1477 1003 verbum

196 1042 338 1121 χνοάζειν.

241 1145 291 1206 Ad
326 1148 420 1207 notas
454 1149 542 1207 artes
573 1161 742 1207 recurrens
766 1161 814 1206 rs.
852 1146 894 1206 38
918 1144 1083 1205 homerica
1105 1144 1238 1218 tragicis
1262 1148 1410 1206 exornat.
1435 1147 1476 1207 Et

196 1247 338 1321 primum
374 1244 456 1306 ἔλαια
490 1262 572 1322 quae
610 1247 755 1308 defluunt
785 1262 804 1307 a
835 1247 887 1307 dei
910 1246 1052 1306 crinibus
1074 1244 1254 1306 θυόεντα
1279 1247 1391 1307 dicens
1414 1247 1473 1308 for·

196 1350 286 1408 tasse
321 1348 454 1409 Homeri
488 1349 587 1410 coluit
623 1349 826 1424 memoriam,
859 1348 912 1422 qui
941 1347 1044 1407 semel
1067 1347 1126 1409 hoc
1150 1349 1309 1409 adiectivo
1332 1364 1415 1408 usus
1440 1351 1473 1408 0.

200 1452 273 1526 153,
304 1451 424 1512 nubem
455 1453 550 1513 odore
574 1468 710 1513 suavem
738 1467 821 1526 quae
844 1451 1064 1512 circumdabat
1088 1450 1200 1511 lovem
1223 1451 1256 1511 in
1279 1451 1338 1511 Ida
1362 1451 1471 1511 seden·

196 1554 265 1613 tem
303 1551 416 1628 „codro
446 1549 558 1628 νίφος”
593 1554 730 1630 dixerat,
763 1555 803 1615 ad
833 1568 931 1626 quem
956 1567 1088 1620 versum
1111 1551 1318 1625 grammatici
1342 1567 1471 1613 monuo·

196 1655 282 1730 runt,
313 1655 360 1715 ita
390 1656 497 1715 vocari
531 1655 650 1716 nubem
674 1656 764 1715 illam
792 1652 870 1732 „aad
894 1662 952 1713 τῶν
976 1651 1196 1730 θομιομάτιον”
1230 1657 1358 1727 (nempe
1381 1655 1471 1714 Iuno·

197 1756 248 1815 nis
272 1755 312 1816 cf.
337 1751 368 1819 Ξ.
397 1756 480 1835 171).
506 1759 611 1819 Verbo
634 1758 812 1819 notandum
836 1759 896 1818 hoo
919 1757 1041 1833 putavi,
1066 1757 1142 1830 quia
1165 1757 1272 1830 magis
1292 1758 1470 1818 secundum

198 1857 331 1917 solitum
366 1873 500 1921 sensum
532 1861 682 1921 adiectivi
714 1860 767 1921 IV.
795 1862 858 1921 300
882 1858 981 1919 Delon
1006 1858 1114 1919 insula
1137 1858 1300 1918 salutatur
1326 1857 1471 1936 ,Ἀστερίς

197 1955 352 2017 θνάεοσο”
365 1960 416 2030 (cf.
429 1977 459 2036 p.
475 1961 558 2031 184).
580 1961 731 2023 Celerum
751 1962 900 2021 imitatus
922 1975 1053 2020 versum
1074 1983 1103 2037 η.
1118 1962 1180 2020 107
1205 1956 1427 2036 „narpovcoloev
1440 1954 1469 2018 δ’

199 2054 334 2120 ὀθονέων
369 2057 555 2141 ἀπολείβεται
590 2060 683 2141 ὑγρὸν
718 2059 850 2138 ἐλαιον”,
883 2064 917 2122 et
948 2062 1086 2122 fortasse
1113 2060 1211 2121 huius
1234 2061 1296 2121 loci
1319 2062 1469 2122 imitatio·

199 2176 285 2237 nem,
320 2161 429 2238 hymn.
465 2163 547 2224 hom.
583 2164 705 2225 XXIII.
740 2166 758 2224 3
794 2160 869 2239 ,αἰεί
901 2171 962 2222 σῶν
986 2161 1146 2238 πλοκάμων
1170 2157 1356 2240 ἀπολείβεται
1380 2160 1471 2242 ὑγρὸν

197 2259 329 2338 ἕλαιον”,
361 2265 474 2325 tamen
507 2266 703 2340 tragicorum
735 2281 799 2326 non
824 2264 957 2325 Homeri
980 2278 1130 2324 normam
1152 2262 1302 2336 loquendi
1325 2266 1472 2338 sequitur

198 2379 235 2425 eo
271 2366 353 2438 quod
388 2368 524 2428 verbum
557 2367 666 2446 λείβειν
701 2383 776 2428 cum
808 2367 994 2427 accusativo
1025 2365 1223 2438 coniungens
1254 2368 1301 2435 (ut
1323 2367 1471 2440 sequenti

199 2483 295 2528 versu
319 2465 503 2541 ἀποστάζειν)
527 2470 615 2545 ipsos
638 2469 743 2530 crines
766 2467 874 2547 λείβειν
898 2465 997 2527 ίλοιον
1020 2468 1053 2528 et
1077 2463 1251 2538 ἀποστάζειν
1273 2465 1359 2539 λίπος
1379 2469 1470 2530 dixit.

199 2571 236 2630 In
261 2570 394 2632 Homeri
418 2585 568 2632 sermono
592 2572 681 2632 enim
705 2572 734 2631 is
759 2572 865 2632 solum
887 2569 941 2644 qui
965 2570 1069 2631 fundit
1089 2568 1202 2641 στάζειν
1222 2569 1349 2644 dicitur,
1374 2571 1472 2631 veluti

202 2673 313 2733 Thetis
347 2690 429 2748 quae
463 2676 494 2732 T.
520 2674 561 2733 38
587 2673 733 2734 Patroclo
757 2670 924 2751 ἀμβροσίην
956 2669 1006 2730 καὶ
1030 2668 1134 2749 νέκταρ
1159 2669 1289 2750 ἐρυθρὸν
1317 2670 1401 2744 στάξε
1425 2669 1474 2732 διὰ

200 2773 300 2852 ῥινῶν.
314 2775 431 2837 contra
443 2776 640 2850 tragicorum
654 2778 705 2836 est
728 2776 775 2835 ita
787 2775 891 2836 dicere
902 2776 941 2834 ut
962 2775 1015 2835 hic
1026 2776 1136 2835 noster
1148 2773 1290 2848 loquitur
1301 2773 1352 2844 (ci.
1365 2774 1472 2849 Eurlp.

200 2875 296 2951 Ht'pp.
313 2877 385 2937 120.
403 2871 564 2952 1,Ὠκεανοῦ
577 2900 619 2948 τις
632 2876 714 2956 ὕδωρ
727 2877 871 2949 στάζοασα
882 2873 973 2956 πίτρα
985 2873 1137 2956 λίγεται”).
1151 2909 1191 2919 -
1205 2875 1348 2951 Apparet
1361 2879 1473 2937 autum

200 2993 240 3038 ex
271 2979 341 3053 ipso
377 2994 473 3039 versu
506 2980 546 3039 38
580 2978 697 3050 λίπος
722 2995 818 3040 versu
847 2979 994 3052 sequenti
1019 2978 1242 3040 accusativum
1263 2993 1345 3054 esse,
1369 2993 1472 3053 neque

200 3080 310 3139 minus
340 3080 372 3140 id
405 3082 532 3141 constat
564 3096 606 3140 ex
637 3081 848 3154 sequentibus
887 3074 963 3156 „dll’
999 3077 1094 3156 αὐτὴν
1121 3078 1316 3138 πονάιιειον”,
1342 3079 1473 3155 Recepit

198 3182 297 3254 igitur
331 3181 550 3243 Callimachus
587 3182 733 3243 vocabuli
766 3183 904 3243 sormam
941 3197 1023 3256 quae
1058 3182 1141 3256 apud
1176 3181 1317 3254 tragicos
1350 3183 1385 3242 in
1413 3198 1473 3243 usu

199 3284 269 3343 erat
292 3283 340 3352 (cf.
370 3284 514 3359 Sophocl.
538 3284 575 3343 fr.
601 3285 665 3343 464
688 3284 724 3344 D.
753 3282 855 3359 Ι,λίπος
878 3277 898 3341 τ’
925 3280 1033 3354 ἐλάας).
1055 3283 1116 3343 Pro
1141 3284 1229 3343 certo
1253 3284 1364 3343 tamen
1390 3283 1472 3344 ellici

200 3400 241 3445 ex
265 3387 374 3444 nostro
394 3401 491 3445 versu
511 3385 632 3460 nequit,
656 3386 785 3446 cuinam
806 3384 923 3445 iudicio
944 3400 1099 3445 assensus
1120 3384 1164 3444 sit
1183 3385 1295 3444 noster
1315 3385 1348 3444 in
1370 3386 1473 3446 forma

200 3486 364 3547 homerica
386 3487 446 3545 λίπ’
470 3488 668 3563 explicanda.
695 3488 846 3548 Fortasse
869 3488 1015 3562 proxime
1039 3487 1177 3548 accessit
1200 3485 1241 3546 ad
1262 3501 1336 3548 eam
1357 3489 1471 3562 opinio·

200 3603 286 3664 nem,
312 3604 409 3662 quam
444 3589 548 3650 multo
580 3590 653 3664 post
677 3588 880 3649 Herodianus
911 3604 1037 3663 quoque
1060 3588 1181 3663 profert
1216 3588 1267 3658 (II.
1294 3589 1388 3659 thol:
1416 3585 1472 3666 „dp

200 3688 483 3766 recognoscatur
513 3689 598 3766 ῧδας,
620 3698 710 3769 γῆρας
733 3698 835 3769 γῆρας,
858 3689 935 3750 οὕτω
966 3687 1016 3748 καὶ
1040 3688 1125 3761 λίπος
1147 3689 1234 3761 λίπος
1258 3686 1287 3762 ἐξ
1311 3681 1348 3749 ot
1372 3689 1471 3750 λίπα”.

245 3789 300 3851 Vs.
325 3792 369 3851 40
392 3791 605 3871 ποινάιιειο,
627 3808 693 3853 vox
717 3793 818 3854 rarior
841 3794 874 3853 et
894 3793 1036 3854 Homero
1062 3792 1235 3867 incognita,
1260 3791 1340 3852 nihil
1362 3794 1471 3853 tamen

200 3893 298 3954 habet
322 3894 404 3967 quod
429 3895 561 3969 dignum
586 3896 630 3956 sit
653 3897 786 3971 notatu;
808 3895 928 3956 etenim
953 3895 1018 3954 iam
1044 3893 1145 3954 Attici
1169 3893 1352 3968 Aesculapii
1372 3893 1470 3955 filiam

201 3995 382 4056 Panaceam
403 3997 586 4071 apellabant
613 3991 651 4073 ¹l;
674 3997 814 4057 alterum
839 3998 951 4057 autem
974 3995 1217 4056 substantivum
1249 3995 1334 4068 quod
1357 3996 1390 4054 in
1416 3996 1472 4055 hac

201 4098 364 4158 sententia
395 4099 543 4174 occurrit,
574 4106 737 4177 πρῶνες,
768 4098 854 4158 haud
878 4098 984 4172 magis
1011 4098 1171 4158 usitatum
1195 4098 1255 4172 eet,
1284 4112 1400 4158 vemm
1423 4113 1471 4172 ap·

233 4389 252 4454 ¹)
270 4393 430 4451 Quamquam
453 4391 578 4453 Apollinis
599 4392 723 4440 beneficia
748 4405 809 4451 erga
832 4393 948 4450 Oyrenen
969 4392 1060 4440 urbem
1077 4392 1119 4440 hic
1137 4395 1233 4448 cantat,
1252 4392 1370 4440 subtecto
1388 4395 1470 4440 tamen

200 4472 254 4531 regi
272 4472 392 4519 adulatur
408 4472 456 4518 hoc
474 4484 558 4519 versu.
581 4472 646 4519 Nam
668 4472 815 4520 Ptolemaeo
840 4485 943 4532 quoque
966 4473 1134 4533 Philadelpho
1152 4472 1278 4519 medicina
1297 4471 1410 4531 placuit3
1428 4483 1472 4518 neo

200 4553 293 4599 mirum
320 4552 446 4611 siquidem
471 4553 538 4599 teste
564 4551 707 4611 Phylarcho
730 4548 771 4613 (fr.
790 4553 836 4599 4ον
859 4552 1046 4600 marierun.
1067 4553 1098 4601 G.
1116 4553 1137 4602 1.
1159 4550 1218 4614 ³45)
1242 4551 1402 4610 gloriabatur
1423 4551 1472 4608 ,ίτι

200 4631 271 4690 μάτας
288 4631 352 4695 adpo
370 4630 411 4689 τὴν
428 4625 588 4676 άθοναοίον”.
