3104 5286
806 524 867 582 118

427 706 464 767 σὺ
488 701 515 767 δ’
543 704 652 784 ἀσεβὴς
676 707 768 768 αὐτὸν
792 705 834 768 ὢν
858 707 913 768 οὐκ
936 708 1060 793 εἰσορᾷς.

198 812 355 872 Attamen
377 811 436 870 vix
458 813 528 870 tam
555 811 620 871 alte
643 811 748 885 pietas
770 813 885 886 poetae
908 814 1012 873 nostri
1033 816 1192 889 penetrat.
1217 815 1306 874 Licet
1330 814 1475 872 solemni

199 927 277 974 voce
298 912 462 972 exclamet
480 927 579 987 grave
600 912 678 972 illud
709 909 797 987 ,tnta
820 909 889 984 ἑκὰς
909 911 987 984 ὅστις
1006 911 1154 991 ditolf,
1175 917 1286 975 tamen
1303 915 1391 989 quali
1404 917 1475 975 tan·

200 1015 274 1074 dem
309 1014 484 1074 sanct‘tate
518 1014 616 1073 deum
646 1014 690 1088 pil
721 1013 881 1088 placaturi
912 1016 992 1091 sint,
1024 1032 1186 1090 nusquam
1211 1018 1308 1077 verbo
1332 1017 1475 1091 indioat;

200 1117 353 1176 naturam
387 1114 508 1174 Phoebi
541 1129 704 1188 nusquam
735 1116 877 1189 exponit.
910 1116 1016 1190 Atque
1047 1117 1078 1177 id
1109 1118 1233 1178 omittit
1263 1118 1296 1177 in
1326 1119 1400 1178 eius
1424 1119 1475 1178 dei

199 1217 342 1290 imagine
367 1217 459 1277 cuius
483 1217 673 1292 religionem
696 1231 796 1291 supra
818 1217 970 1292 vulgares
990 1219 1097 1280 cultus
1115 1221 1284 1295 tantopere
1305 1220 1476 1294 sapientes

201 1319 413 1394 extulissent,
446 1320 479 1378 in
511 1319 566 1379 illo
590 1318 663 1393 deo,
695 1319 764 1393 qui,
788 1320 826 1378 ut
848 1319 967 1392 Ephori
991 1320 1098 1381 verbis
1121 1324 1196 1382 utar
1217 1321 1266 1391 (fr.
1292 1323 1335 1381 70
1359 1321 1477 1381 Muller

201 1422 236 1482 F.
261 1421 302 1481 H.
328 1419 365 1481 G.
391 1422 415 1496 I,
442 1421 516 1490 255)
542 1420 692 1480 homines
720 1418 781 1494 ,sig
813 1415 977 1498 ἡμερότητα
999 1420 1192 1498 προύκαλεῖτο
1219 1418 1269 1480 καὶ
1293 1419 1476 1501 ἐσωφρόνιζε

202 1528 261 1595 τοῖς
292 1519 347 1600 μὲν
370 1521 589 1601 χρηστηριάζων
613 1518 661 1579 καὶ
686 1518 722 1579 τὰ
752 1515 805 1597 μὲν
836 1521 1038 1598 προστάττων,
1068 1521 1103 1581 τὰ
1128 1519 1160 1582 δὲ
1183 1520 1380 1602 ἀπαγορεύων
1403 1524 1476 1595 τοὺς

203 1621 235 1685 δὲ
258 1619 324 1686 οὐδ’
352 1623 426 1695 ὅλως
449 1619 674 1700 προσιέμενος”.
699 1623 859 1683 Memorat
881 1623 949 1694 τοὺς
974 1621 1115 1695 ἐσθλοὺς,
1137 1628 1300 1686 memorat
1317 1625 1388 1697 τοὺς
1412 1623 1476 1685 ἀλι-

199 1725 304 1803 τροὺς;
339 1727 396 1787 sed
431 1726 589 1799 quantum
622 1723 723 1799 abest,
751 1727 788 1784 ut
817 1739 875 1784 seu
907 1727 1125 1787 sanctimonia
1151 1727 1206 1786 illa
1229 1728 1392 1788 delineata
1416 1744 1477 1789 seu

199 1828 365 1890 divinandi
384 1829 454 1887 arte
474 1828 658 1886 memorata
676 1825 756 1886 talia
767 1826 806 1886 de
818 1827 876 1886 deo
889 1828 1056 1889 salutifero
1069 1830 1231 1902 praedicet
1242 1829 1477 1891 Alexandrinis

201 1930 310 2005 qualia
332 1927 588 1989 Atheniensibus
611 1927 703 1987 Plato
731 1928 765 1986 ln
789 1927 920 2001 Oratylo
945 1932 984 2003 (p.
1010 1930 1074 1990 405
1088 1931 1153 1999 A.):
1179 1939 1315 2008 »πρῶτον
1339 1927 1394 2008 μὲν
1419 1929 1476 2011 γὰρ

200 2028 220 2110 ἡ
240 2032 386 2108 κάθαρσις
406 2026 456 2089 καὶ
475 2028 504 2088 οἳ
523 2025 676 2106 καθαρμοὶ
694 2026 743 2088 καὶ
763 2027 837 2088 κατὰ
855 2028 910 2106 τὴν
930 2029 1065 2108 ἰατρικὴν
1084 2028 1219 2090 καὶκατὰ
1238 2030 1292 2109 τὴν
1312 2031 1479 2111 μαντικὴν,

200 2131 251 2194 καὶ
282 2131 316 2191 αἰ
343 2135 403 2203 τοῖς
434 2129 575 2209 ἰατρικοῖς
606 2129 776 2208 φαρμάκοις
808 2127 858 2190 καὶ
888 2129 923 2190 αἱ
948 2135 1010 2204 τοῖς
1041 2136 1192 2209 μαντικοῖς
1218 2133 1424 2212 περιθειώσεις
1447 2157 1478 2196 τι

201 2231 253 2294 καὶ
279 2229 389 2312 λουτρὰ
416 2229 451 2291 τὰ
478 2228 510 2291 ἐν
534 2234 595 2303 τοῖς
617 2231 763 2303 τοιούτοις
785 2228 836 2291 καὶ
859 2231 894 2291 αἱ
913 2232 1131 2312 περιρράνσεις,
1154 2233 1251 2294 πάντα
1274 2231 1306 2294 ἓν
1329 2258 1354 2295 τι
1379 2244 1477 2296 ταῦτα

201 2329 314 2398 δύναιτ’
339 2330 393 2411 ἂν,
414 2331 553 2412 καθαρὸν
575 2330 713 2413 παρέχειν
736 2332 788 2395 τὸν
810 2331 977 2414 ἄνθρωπον
1000 2333 1148 2397 καὶκατὰ
1170 2335 1202 2397 τό
1225 2344 1310 2414 σῶμα
1328 2334 1380 2397 καὶ
1399 2335 1479 2398 κατὰ

99 2498 103 2505 .
200 2435 255 2516 τὴν
277 2434 411 2514 vvxlv-”
440 2485 441 2488 κ

246 2540 326 2601 Nolo
358 2553 428 2599 rem
459 2537 615 2611 urgendo,
648 2537 783 2612 plurave
813 2538 959 2600 addendo
987 2540 1125 2613 iniquior
1148 2541 1249 2601 videri
1272 2541 1306 2601 in
1327 2543 1475 2618 poetam,

201 2642 287 2703 haud
310 2641 421 2702 minus
443 2639 534 2715 pium
559 2653 657 2712 quam
680 2639 778 2713 vulgo
802 2640 970 2716 aequales,
996 2642 1098 2701 immo
1121 2642 1261 2715 quadam
1284 2644 1371 2703 certe
1397 2658 1479 2704 cura

200 2744 233 2806 in
257 2745 335 2805 deos
364 2756 441 2818 prae
472 2740 590 2801 ceteris
620 2740 846 2802 excellentem.
875 2741 968 2803 Cadit
991 2743 1024 2802 in
1047 2743 1216 2818 plerosque
1239 2743 1327 2804 illius
1354 2747 1478 2806 aetatis

199 2847 326 2921 poetas,
359 2843 443 2918 quod
474 2843 508 2902 in
536 2841 736 2902 Callimacho
759 2841 985 2917 observamus;
1010 2859 1089 2904 vera
1111 2845 1265 2919 religione
1289 2861 1327 2907 ac
1346 2846 1479 2908 sincera

198 2948 371 3021 superatur
394 2961 414 3005 a
436 2944 551 3004 multis
574 2944 644 3003 eius
666 2944 824 3019 temporis
846 2944 1056 3019 philosophis.
1079 2946 1163 3007 Nam
1186 2947 1264 3007 dum
1284 2948 1316 3007 in
1336 2951 1480 3010 externa

199 3050 333 3109 deorum
356 3048 531 3107 maiestate
554 3046 647 3106 unice
670 3048 829 3120 versatur,
855 3045 1007 3106 deficiunt
1030 3062 1106 3108 eum
1129 3048 1216 3108 vires
1235 3049 1375 3110 simulac
1395 3050 1478 3111 illud

198 3148 378 3209 docendum
414 3149 478 3222 est,
515 3147 549 3206 in
584 3162 646 3220 quo
677 3147 800 3220 optime
823 3148 1006 3221 praeierant
1029 3149 1242 3210 Antisthenes
1269 3150 1372 3226 Stilpo
1397 3167 1478 3227 prae

198 3250 316 3311 ceteris
339 3251 451 3309 autem
474 3247 650 3322 Diogenes:
679 3249 875 3322 sapientiam
903 3263 1036 3309 omnem
1059 3264 1096 3310 ao
1119 3238 1276 3311 virtutem
1300 3251 1478 3312 hominurn

198 3350 327 3411 divinae
351 3350 459 3410 deberi
482 3349 608 3425 origini.

243 3453 442 3528 Quapropter
466 3452 523 3511 vix
546 3467 663 3526 operae
686 3452 827 3527 pretium
848 3455 912 3528 est,
937 3455 1012 3528 post
1031 3468 1169 3527 eaquae
1189 3454 1294 3528 capite
1314 3454 1346 3513 ΙΙ
1365 3455 1477 3517 obser·

197 3557 275 3616 vata
287 3556 378 3629 suut,
400 3554 439 3614 de
456 3553 595 3628 singulis
607 3553 725 3613 fabulis
736 3554 892 3626 quidnam
905 3554 1022 3614 intimo
1034 3556 1163 3629 pectore
1176 3555 1368 3615 iudicaverit
1380 3555 1478 3617 Galli·

196 3656 342 3731 machus
357 3655 454 3716 anxie
463 3655 650 3729 disquirere.
665 3655 774 3728 Neque
787 3655 881 3715 facile
893 3656 981 3715 iactu
995 3655 1025 3715 ld
1036 3656 1172 3716 videtur.
1186 3656 1263 3730 Quis
1272 3659 1477 3718 nostrum—

195 3759 326 3818 etiamsi
343 3759 427 3817 tanti
439 3758 484 3817 sit
497 3790 537 3800 -
551 3755 718 3831 diiudicet,
737 3771 816 3815 num
830 3757 893 3830 ipsi
904 3761 1019 3832 poetae
1031 3772 1088 3831 pro
1101 3773 1177 3817 vero
1190 3760 1360 3833 acceptum
1373 3761 1477 3821 credi-

195 3861 331 3932 tumque
354 3859 466 3934 iuerit,
491 3858 604 3917 Iovem
628 3872 648 3917 a
671 3858 810 3918 Saturno
835 3858 1009 3933 imperium
1033 3860 1210 3933 accepisse,
1236 3874 1309 3918 eum
1334 3875 1479 3934 regnare

195 3960 228 4021 in
260 3959 363 4032 caelo,
395 3960 514 4034 impios
545 3959 577 4018 in
611 3959 692 4019 Orco
723 3957 809 4018 affici
833 3961 964 4019 aeterno
987 3960 1170 4034 supplicio?
1193 3960 1270 4035 Quis
1294 3959 1480 4025 affirmabit

194 4077 280 4121 vana
302 4061 364 4135 ipsi
387 4076 513 4135 quoque
537 4064 651 4135 poetae
675 4061 778 4121 videri
801 4076 882 4135 quae
906 4063 1018 4121 narrat
1041 4076 1115 4120 cum
1140 4062 1251 4122 Iovem
1275 4065 1308 4121 in
1332 4064 1480 4127 Arcadia

194 4165 324 4239 natum,
352 4164 511 4223 Latonam
536 4163 696 4238 puerperii
720 4162 883 4222 laboribus
907 4163 1094 4238 discissam,
1123 4163 1281 4223 Iunonem
1305 4164 1356 4224 ira
1379 4169 1479 4230 tanto

193 4265 328 4325 numine
371 4265 502 4338 indigna
541 4264 690 4324 inflatam
727 4263 888 4338 depingit!
933 4264 1008 4323 Fuit
1041 4279 1170 4339 semper
1205 4265 1285 4324 haec
1318 4269 1479 4330 omnibus

193 4367 298 4441 poetis
329 4366 462 4426 Graecis
492 4364 640 4439 libertas,
673 4365 709 4424 ut
742 4365 872 4439 propria
903 4367 973 4424 arte
996 4380 1057 4425 sua
1080 4381 1161 4440 quas
1184 4366 1318 4426 deorum
1343 4368 1480 4432 fabulas

193 4483 212 4527 a
243 4468 373 4541 proavis
404 4468 556 4542 acceptas
586 4465 748 4526 habebant
779 4482 836 4526 eas
875 4469 1071 4528 exornarent
1107 4470 1264 4542 augerent
1293 4470 1477 4534 variarent.

192 4568 401 4640 Antiquiores
436 4569 537 4628 etiam
567 4568 698 4642 tragici,
731 4582 864 4627 summa
894 4568 1016 4643 pietate
1046 4569 1131 4629 inter
1160 4569 1249 4628 cives
1272 4584 1353 4630 suos
1377 4573 1477 4651 clari,

190 4684 298 4731 nonne
321 4685 418 4745 saepe
442 4671 475 4729 in
498 4668 595 4732 rebus
618 4668 737 4730 divinis
761 4668 841 4729 talia
865 4670 936 4730 ausi
961 4672 1070 4747 erant,
1095 4686 1177 4745 quae
1201 4670 1294 4731 nobis
1318 4673 1479 4738 videntur
