3104 5296
65 103 124 163 ΙΙΙ.
151 103 328 164 230-235
678 109 740 167 103

66 294 199 366 poetam
223 293 255 352 in
280 293 339 354 hac
361 308 487 368 quoque
511 312 544 358 re
569 296 803 357 assentientem
827 295 949 356 habuit.
973 297 1006 356 Is
1030 297 1128 371 enim,
1142 311 1341 371 quamquam

67 394 140 453 aliis
172 394 252 455 locis
283 394 382 455 aliam
413 397 482 456 vim
514 398 543 457 ei
575 398 781 458 substantivo
813 396 959 458 tribuens
990 398 1040 468 (ci.
1065 400 1121 459 iii.
1149 400 1229 474 146;
1258 401 1341 475 135),

67 495 120 556 IV.
157 497 242 556 1548
274 495 471 559 Callimacho
504 500 710 574 suffragatur,
744 500 814 574 ipsa
852 500 1097 575 praepositionis
1135 500 1346 562 collocatione

68 597 252 672 opinionem
276 614 371 659 suam
395 600 558 662 indicans:

312 694 415 760 κέκλετ’
442 700 621 775 Ἀπόλλωνος
644 702 769 782 τρίποδα
792 699 886 781 μέγαν
905 700 1007 762 ἔκτοθι
1029 700 1103 781 νηὸς

312 800 451 879 δαίμοσιν
474 800 635 883 ἐγγενέταις
659 803 754 889 νόστῳ
778 802 825 863 ἔπι
849 803 944 879 μείλια
967 800 1090 863 θέσθαι.

111 904 235 963 Iterum
257 904 371 964 eodem
399 920 495 966 versu
518 907 559 967 ad
579 907 712 968 Homeri
733 906 907 967 dictionem
928 906 1038 966 minus
1057 907 1188 967 solitam
1201 908 1341 968 attendit

72 1005 175 1065 verbis
202 1001 444 1083 »κατέδησας
467 1004 622 1084 ἀήτας”.
646 1010 679 1068 Is
704 1010 792 1069 enim
816 1024 890 1070 cum
915 1008 999 1068 solet
1017 1010 1204 1082 genetivum
1226 1025 1338 1070 casum

70 1102 185 1182 ἀνέμων
217 1103 259 1177 (Ξ
292 1108 371 1182 254;
406 1108 438 1166 Ο.
472 1110 546 1178 626)
578 1111 629 1170 vel
663 1110 812 1188 Ζεφύροιο
845 1110 881 1181 (δ.
907 1112 982 1181 567)
1013 1111 1217 1171 substantivo
1249 1107 1340 1187 ἀήτας

71 1208 203 1286 adicere,
235 1210 292 1269 sed
319 1209 455 1270 verbum
485 1210 623 1270 καταδεῖν
654 1227 728 1272 cum
758 1208 875 1288 ἀνέμων
906 1211 1118 1284 κελεύθοις
1148 1213 1340 1287 coniungere

71 1309 216 1386 (βυκτάων
239 1307 357 1388 ἀνέμων
378 1308 519 1390 κατέδησε
537 1309 666 1374 κέλευθα
689 1336 714 1371 κ.
738 1313 789 1390 20,
803 1313 843 1374 cf.
863 1335 883 1372 ε.
898 1314 984 1390 383),
1005 1317 1115 1375 noster
1135 1315 1232 1375 verbo
1252 1337 1340 1373 κατα-

71 1411 155 1486 δήσαι
177 1413 341 1474 obiectum
364 1413 452 1474 dedit
471 1410 574 1491 ἀήτας,
592 1415 642 1476 cui
664 1415 868 1475 substantivo
889 1430 992 1489 neque
1012 1416 1063 1477 hic
1083 1432 1187 1490 neque
1207 1416 1260 1478 IV.
1274 1416 1338 1476 318

74 1510 229 1592 „ieiuno”
254 1514 342 1574 addit
364 1529 490 1574 memor
517 1515 579 1576 loci
603 1538 622 1574 ι.
650 1517 712 1577 139

689 1616 729 1688 εἰς
753 1615 770 1676 δ’
791 1638 843 1677 κεν
867 1615 966 1677 αὐτῶν

310 1715 410 1793 θυμὸς
434 1715 581 1803 ἐποτρύνῃ
604 1716 655 1778 καὶ
679 1716 895 1779 ἐπιπνεύσωσιν
919 1716 1015 1796 ἀήται.

110 1819 211 1879 Paulo
251 1819 372 1879 maiore
406 1819 537 1881 licentia
577 1836 658 1881 usus
689 1823 740 1881 est
773 1821 806 1880 in
842 1821 990 1894 sequenti
1023 1836 1128 1882 versu.
1168 1820 1253 1881 Leve
1288 1823 1339 1880 est

72 1920 151 1992 quod
183 1912 273 1995 ,ἀμφ’
302 1913 409 2004 Ἑλένῃ
436 1923 712 1998 doaetrina?
746 1922 839 1997 dixit,
864 1923 947 1995 quod
971 1923 1105 1982 verbum
1129 1922 1271 1982 Homero
1295 1921 1339 1981 in·

71 2023 233 2095 cognitum
254 2022 390 2082 conferri
410 2025 518 2096 potest
537 2039 612 2084 cum
637 2027 675 2082 Ψ.
697 2024 756 2084 88:
780 2017 870 2100 ,dpo’
896 2020 1103 2102 ἀστράγαλοισι
1123 2020 1339 2101 polotri&

71 2138 140 2183 cum
180 2122 280 2182 simul
315 2126 423 2184 cetera
455 2125 554 2185 verba
583 2127 737 2185 revocant
764 2128 798 2184 Γ.
833 2126 874 2186 70
901 2120 989 2201 ,dpq'
1011 2119 1118 2208 Ἑλένῃ
1141 2121 1191 2184 καὶ
1214 2124 1341 2202 κτήμασι

70 2232 136 2282 πᾶσι
157 2222 337 2300 μάχεσθαι”.
353 2259 393 2267 -
407 2225 529 2285 Verum
545 2226 656 2287 hostes
669 2227 722 2300 qui
740 2227 836 2288 urbes
849 2227 1079 2301 adgrediuntur
1090 2223 1178 2286 έστεα
1197 2224 1341 2304 πέρσαι

69 2327 150 2401 apud
190 2326 370 2387 Homerum
405 2328 521 2404 solent,
553 2344 616 2389 non
639 2325 728 2387 dorca
751 2327 900 2405 κήδειν.
925 2329 1034 2402 Neque
1058 2331 1170 2390 tamen
1194 2330 1339 2404 dubium,

69 2429 142 2501 quin
179 2427 397 2490 Callimachus
432 2430 619 2504 exemplum
655 2431 716 2490 sibi
746 2431 806 2490 hoc
830 2431 899 2491 loco
922 2430 1124 2505 proposuerit
1146 2430 1337 2492 Homerum.

68 2530 230 2591 Audacius
254 2531 341 2590 enim
364 2532 532 2592 coniunxit
559 2528 665 2608 ,dorsa
685 2530 787 2608 κήδειν
808 2529 931 2591 έ’ττλεον”
954 2533 1029 2604 quia
1050 2534 1163 2592 eadem
1176 2534 1337 2593 construc-

69 2631 153 2693 tione
178 2632 349 2693 verborum
373 2648 453 2692 usus
477 2635 507 2693 ei
530 2634 699 2694 videbatur
722 2633 886 2694 Homerus
912 2635 948 2691 Φ.
973 2635 1036 2695 369

301 2728 392 2812 Ἥρη,
414 2733 493 2794 τίπτε
517 2733 568 2806 σὸς
591 2733 656 2805 viba
680 2732 752 2812 ἐμὸν
775 2733 847 2813 ῥόον
871 2734 984 2813 ἔχραε
1007 2734 1154 2811 κήδειν.

109 2836 161 2894 Ita
184 2836 288 2895 denuo
310 2837 421 2896 noster
444 2837 579 2897 verbum
603 2837 805 2897 homericum
837 2838 1049 2898 notissimum
1073 2838 1182 2898 minus
1206 2839 1336 2911 vulgato

67 2952 165 2997 sensu
189 2940 355 2998 ettamen
379 2939 542 2999 homerico
565 2954 721 3013 usurpare
745 2940 865 3000 studet.
891 2940 941 3010 (ci.
968 2953 1003 3015 ψ.
1029 2943 1059 3009 9)
1084 2937 1115 3009 ¹).

110 3115 174 3174 Vix
197 3115 373 3189 quidquam
396 3119 525 3191 propter
548 3117 721 3178 dictionem
745 3119 956 3178 memorabile
981 3119 1120 3178 occurrit
1140 3119 1172 3177 in
1192 3118 1340 3178 versibus

66 3219 220 3291 quattuor
258 3219 468 3291 sequentibus
502 3235 588 3294 cum,
623 3220 757 3280 iamiam
793 3221 832 3279 ad
868 3220 981 3279 laudes
1017 3219 1218 3279 clarissimae
1256 3220 1339 3279 Deae

65 3319 261 3395 Ephesiacae
284 3321 482 3381 transiturus
501 3322 658 3383 Arcadiae
679 3322 786 3382 cultus
808 3324 1010 3395 postremum
1035 3322 1180 3395 respicit:

109 3421 165 3482 VS.
191 3422 266 3482 233.
312 3412 332 3499 ἦ
355 3419 409 3499 μέν
432 3444 477 3482 τοι
503 3421 630 3502 Προῖτός
653 3445 685 3502 γε
710 3423 772 3482 δύω
797 3420 975 3482 ἐκαθίσσατο
1000 3421 1102 3500 νηοὺς,

310 3519 400 3582 ἄλλον
423 3521 477 3601 μὲν
501 3524 598 3607 Κορίή
616 3519 649 3601 ²),
672 3522 715 3584 ὅτι
738 3524 770 3583 οἱ
791 3523 948 3595 συνελέξαο
971 3523 1082 3601 κούρας

189 3626 252 3684 235
310 3622 400 3703 ούρεα
422 3622 606 3702 πλαζομὲνας
631 3624 757 3703 Ἀζήνια,
779 3623 831 3685 τὸν
854 3620 881 3685 δ’
909 3623 952 3684 ἐνὶ
977 3624 1110 3696 Λούσοις

305 3720 429 3810 Ἧμέρῃ,
452 3726 561 3786 ούνεκα
585 3725 687 3803 θυμὸν
711 3721 758 3785 ἀπ’
785 3722 889 3805 ἄγριον
914 3725 988 3786 clleo
1012 3726 1139 3785 παίδων.

110 3826 156 3887 De
187 3827 293 3887 forma
322 3824 500 3887 ἐκαθίσσατο
532 3828 598 3888 iam
636 3829 777 3888 vidimus
812 3843 910 3902 supra
933 3842 1004 3902 pag.
1031 3829 1083 3903 33,
1112 3828 1195 3901 quod
1227 3832 1338 3890 autem

64 3929 149 3988 dixit
167 3931 264 4003 poeta
286 3925 376 4007 οὔρεα
399 3927 582 4006 νλαζομένας
608 3929 803 4003 tragicorum
831 3929 979 4003 inprimis
1008 3944 1104 3989 usum
1128 3931 1261 3991 secutus
1284 3931 1339 4004 qui

102 4121 122 4188 ¹)
138 4126 177 4172 De
194 4126 276 4172 forma
292 4126 446 4172 substantivi
465 4126 580 4185 Ἀχαιίδες
598 4126 654 4172 vide
672 4126 739 4172 inira
757 4125 789 4172 ed
806 4125 850 4171 IV.
869 4127 924 4173 100.

99 4200 120 4266 ²)
139 4208 213 4269 Κοριῃ
234 4218 335 4252 summo
352 4206 408 4253 inre
426 4219 473 4266 pro
491 4206 609 4264 genetivo
630 4209 714 4269 Καρίης
732 4205 842 4252 coniecit
858 4205 1002 4262 Blomfield,
1021 4209 1107 4253 tamen
1124 4206 1295 4253 Schneiderns
1313 4206 1339 4253 in

66 4286 166 4332 textum
187 4297 238 4331 non
256 4287 360 4345 recepit.
378 4285 451 4333 idem
469 4285 603 4345 proposuit
622 4285 819 4331 Valckeneerius
837 4285 862 4331 in
880 4284 989 4332 schedis.
