3068 5294
805 473 866 531 154
1219 472 1273 531 IV.
1301 471 1472 532 176-183

203 659 306 720 obiter
330 658 577 720 observabimus
596 660 779 720 correxisse
801 660 941 733 quodam
963 660 1058 720 modo
1078 660 1227 719 nostrum
1247 659 1351 718 artem
1372 656 1476 729 Arati,

202 776 277 822 cum
311 760 426 822 stellas
459 776 542 835 quas
576 761 628 821 hio
658 762 851 837 saepissime
880 757 1017 821 ἕλκεσθαι
1041 762 1112 822 sive
1135 759 1304 821 ἕλίσσεσθαι
1326 758 1473 832 dixisset,

203 863 384 937 elegantius
406 864 552 924 narraret
576 859 880 941 βονκολὲεσθαι.

247 965 426 1038 Sequentes
450 980 564 1025 versus
579 965 762 1041 rii-180,
788 980 868 1038 quos
892 967 1023 1026 tantum
1047 965 1204 1039 exscripsi
1225 980 1265 1024 ne
1289 963 1366 1037 quid
1389 963 1467 1022 dees·

203 1069 264 1142 set,
299 1067 398 1126 nimis
431 1068 489 1127 aut
523 1068 663 1141 corrupti
697 1070 774 1127 sunt
808 1069 867 1128 aut
899 1067 1045 1129 lacunosi
1079 1082 1178 1140 quam
1199 1068 1236 1127 ut
1266 1066 1305 1126 de
1337 1065 1471 1126 dictione

202 1170 315 1243 poetae
339 1168 514 1241 quidquam
539 1169 619 1229 certi
642 1168 715 1228 inde
741 1168 896 1231 eliciatur.

248 1371 302 1433 VS.
330 1371 403 1433 181.
431 1364 509 1447 „dtt’
534 1367 594 1449 ήδη
617 1368 699 1450 παρὰ
724 1369 799 1449 νηὸν
823 1367 1040 1451 ἀπααγάζοιντο
1064 1370 1218 1450 φάλαγγας

425 1468 605 1549 δυσμενέων,
627 1468 687 1550 ήδη
712 1467 744 1532 δέ
767 1469 849 1552 παρὰ
870 1471 1056 1552 τριπόδεσσιν
1081 1469 1160 1549 ἐμεῖο

426 1572 566 1653 φάσγανα
590 1570 640 1633 καί
662 1574 810 1654 ζωστῆρας
835 1571 975 1646 ἀναιδέας
999 1570 1163 1652 ἕχθομένας
1186 1594 1215 1632 τε

428 1672 557 1747 ἀσπίδας
580 1675 613 1734 αἳ
634 1674 783 1760 Γαλάτγσι
805 1660 900 1753 κακήν
925 1673 997 1737 ὁδὸν
1021 1673 1132 1755 ἄφρονι
1155 1675 1241 1759 φύλῳ

328 1779 390 1839 185
426 1775 591 1854 στήσονται·
614 1774 687 1837 τέων
710 1777 743 1836 αἳ
764 1772 818 1855 μὲν
849 1775 913 1856 έμοί
936 1775 1032 1858 γέρας,
1055 1778 1087 1837 αἳ
1110 1771 1137 1837 δ’
1164 1773 1212 1836 έτιί
1235 1776 1335 1861 Νείλῳ

425 1874 457 1937 έν
480 1875 553 1957 τιαρλ
576 1877 646 1951 τοὺς
670 1876 833 1959 φορέοντας
855 1876 1100 1951 ἀτιοιτνεύσαντας
1124 1878 1243 1940 ἰδοῦσαι

425 1980 583 2059 κείσονται,
606 1981 748 2060 βασιλῆος
771 1979 878 2042 ἀέθλια
900 1980 995 2044 πολλὰ
1017 1980 1163 2060 καμόντος

425 2079 588 2159 ἒσσόμεναι·
613 2084 777 2161 Πτολεμαῖε
801 2082 836 2143 τά
858 2105 904 2144 τοι
926 2082 1054 2162 μαντήια
1078 2082 1186 2160 φαίνω.

426 2182 557 2262 αἰνήσεις
581 2180 654 2264 μέγα
679 2183 716 2263 δή
739 2206 766 2244 τι
791 2181 843 2244 τὸν
866 2182 951 2246 εἰσέτι
974 2181 1091 2265 γαστέρι
1115 2182 1221 2262 μάντιν

330 2286 393 2345 190
427 2284 550 2365 λίστερον
573 2282 670 2363 ήματα
693 2284 798 2345 ττολντα·
823 2285 860 2346 σὺ
884 2282 916 2347 δὲ
939 2286 1102 2365 ξυμβάλλεο
1130 2287 1250 2364 μήτερ.”

249 2387 282 2448 Si
316 2387 449 2448 incertis
480 2387 715 2465 abstineamus
747 2403 901 2462 quaerere
924 2389 1066 2451 nolimus
1090 2401 1250 2462 quaenam
1275 2385 1325 2445 vis
1348 2399 1475 2459 praepo·

203 2489 332 2550 sitionis
352 2489 395 2549 sit
417 2489 451 2549 in
479 2489 657 2564 composito
680 2486 980 2570 ἀτι-ανγάζομαι
1005 2506 1052 2551 vs.
1080 2489 1153 2565 181,
1176 2504 1254 2549 nam
1277 2486 1345 2547 fieri
1371 2487 1477 2562 potest

203 2592 240 2651 ut
274 2591 470 2666 spectaverit
505 2591 545 2651 ad
569 2605 614 2652 ea
645 2606 728 2665 quae
751 2594 825 2666 post
848 2608 980 2653 versum
1007 2593 1070 2652 180
1093 2590 1295 2651 interierunt.
1320 2588 1478 2648 Attamen

206 2708 302 2754 versu
340 2694 401 2753 125
434 2708 560 2766 quoque
590 2688 816 2772 ἀτανγάζεσθνι
847 2694 1001 2770 adhibuit,
1026 2694 1081 2754 ubi
1104 2693 1170 2753 iere
1194 2691 1278 2752 redit
1300 2690 1418 2751 eodem
1441 2705 1478 2750 ac

206 2793 375 2867 vulgatum
403 2790 592 2872 ἀποβλέπειν,
621 2795 673 2856 hic
697 2796 809 2856 contra
833 2796 953 2857 dixeris
977 2795 1249 2871 praepositionem
1270 2794 1403 2852 tantum
1428 2792 1478 2852 ad·

204 2896 323 2957 iectam
354 2911 426 2956 esse
458 2899 495 2956 ut
525 2897 591 2956 vim
611 2898 793 2958 sententiae
821 2898 962 2973 adderet,
988 2898 1096 2971 itaque
1120 2896 1233 2957 eodem
1257 2894 1392 2956 consilio
1416 2908 1481 2968 quo

206 3013 302 3058 versu
332 2998 516 3070 insequenti
551 2997 736 3075 τρίποδες
767 2998 883 3074 plurali
918 3014 1053 3059 numero
1082 2998 1254 3073 ponuntur,
1284 2996 1339 3056 ubi
1364 2998 1479 3057 tamen

204 3114 267 3159 non
303 3099 430 3159 votivos
461 3098 603 3172 tripodes
633 3100 690 3160 sed
727 3101 833 3175 ipsam
857 3101 1017 3161 cortinam
1041 3100 1174 3160 indicari
1197 3113 1375 3173 pronomen
1400 3094 1480 3174 ἐμεῖο

206 3199 311 3260 lucide
341 3199 552 3261 demonstrat.
588 3201 687 3262 Levia
718 3202 797 3263 baec
827 3204 914 3278 sunt,
946 3217 1050 3276 neque
1073 3202 1169 3275 digna
1192 3215 1274 3274 quae
1298 3214 1482 3260 memorem

206 3301 270 3360 nisi
291 3302 328 3361 ut
346 3304 498 3375 appareat
521 3316 620 3374 quam
643 3301 783 3363 infirmis
805 3304 930 3364 nitatur
951 3304 1104 3365 subsidiis
1127 3305 1160 3364 et
1187 3303 1385 3376 quantopere
1408 3301 1481 3376 ipsa

206 3403 396 3475 languescat
420 3417 473 3463 ars
498 3402 696 3481 Callimachi,
722 3406 774 3467 cui
796 3407 926 3467 tantum
950 3406 990 3467 ab
1014 3406 1195 3467 imitatione
1224 3404 1293 3463 vita
1314 3401 1439 3463 affluat.

253 3503 342 3580 Quod
361 3505 472 3565 autem
492 3504 532 3565 ad
551 3521 624 3566 eam
644 3507 863 3568 imitationem
886 3508 1015 3581 attinet,
1032 3508 1210 3568 Homerum
1223 3504 1375 3564 imitatus
1394 3503 1483 3575 ζωσ-

197 3612 330 3684 τῆρας
354 3605 471 3676 (sintne
491 3606 580 3668 baltei
599 3623 641 3668 an
663 3608 791 3684 etoquia
810 3608 984 3670 diiudicare
996 3624 1060 3669 non
1079 3608 1200 3683 poteris
1219 3605 1283 3666 nisi
1303 3604 1482 3679 Lycophro·

207 3707 259 3767 nis
279 3721 410 3768 versum
433 3708 517 3768 1323
541 3705 609 3783 „cori
629 3708 787 3788 φασγάνου
807 3709 939 3787 ζωστῆρα
958 3706 1009 3768 καί
1020 3708 1106 3785 ξίφος
1125 3705 1255 3786 πατρός”
1269 3706 1481 3767 obversatum

209 3823 280 3870 esse
305 3809 415 3869 nostro
439 3810 614 3882 putaveris)
638 3806 829 3883 ἀναιδέας
853 3811 945 3872 dixit.
972 3810 1064 3872 Unde
1087 3812 1147 3872 hoc
1170 3809 1386 3870 lucrabimur:
1407 3822 1483 3882 quo·

208 3909 297 3969 niam
321 3924 414 3971 arma
433 3910 489 3972 illa
509 3912 652 3987 epitheto
680 3914 774 3973 ornat
797 3913 868 3974 eius
890 3913 1018 3986 generis
1041 3914 1134 3974 cuius
1156 3913 1234 3972 sunt
1256 3910 1340 3986 apud
1364 3910 1482 3971 Home·

206 4025 280 4070 rum
304 4009 395 4089 νηλής
418 4010 519 4091 (νηλέα
542 4013 670 4092 χαλκόν),
689 4011 815 4093 ἀναιδής
835 4019 918 4087 (λᾶας
937 4012 1063 4092 ἀναιδής
1076 4017 1111 4073 Δ.
1125 4015 1199 4090 521,
1219 4008 1360 4082 ἀναιδέος
1373 4009 1483 4090 ἔχματα

209 4109 315 4192 πέτρης
339 4115 378 4172 Ν.
404 4117 487 4191 139),
512 4116 673 4191 probabile
697 4119 836 4179 estnon
859 4117 1162 4178 idemdallimacho
1186 4116 1224 4176 de
1247 4116 1308 4176 boc
1331 4114 1484 4176 adiectivi

209 4211 335 4292 ἀναιδὴς
358 4231 419 4276 usu
440 4218 602 4279 homerico
624 4219 731 4279 visum
754 4234 827 4279 esse
847 4234 885 4279 ac
904 4221 1016 4293 postea
1037 4217 1233 4293 Aristarcb0,
1254 4216 1310 4290 qui
1333 4215 1385 4292 „eb
1398 4213 1484 4276 ἀνέκ-

210 4313 297 4374 δοτον
315 4313 365 4375 καλ
385 4316 534 4396 σιληρὸν”
555 4320 696 4381 indicare
718 4320 791 4381 istis
812 4320 960 4381 versibus
979 4317 1012 4379 τὸ
1032 4314 1152 4390 ἀναιδὲς
1174 4317 1345 4378 iudicabat.
1367 4316 1486 4378 Contra

210 4415 427 4478 callimachus
458 4421 624 4482 censuisse
654 4423 784 4484 videtur
818 4425 913 4499 „icae
937 4417 1083 4480 ἀναιδὲα”
1108 4420 1389 4494 interpretandum
1412 4435 1486 4481 esse

208 4518 436 4593 implacabilem
457 4521 568 4582 eodem
589 4524 684 4584 modo
705 4539 767 4597 quo
780 4525 816 4582 Ε.
830 4524 894 4583 593
914 4522 1037 4583 dictum
1060 4524 1149 4583 esset
1171 4519 1347 4599 „liodoapbv
1360 4517 1486 4581 ἀναιδέα

207 4617 392 4698 δηιοτῆτος”.
430 4622 500 4683 Non
535 4624 574 4684 ad
610 4625 718 4699 ipsum
750 4625 872 4687 terrum
903 4626 1001 4700 igitur
1031 4627 1177 4700 spectare
1207 4624 1288 4684 illud
1319 4624 1487 4698 epitheton
