3068 5288
548 460 705 519 ,77

2 627 14 724 {l
77 645 120 721 tur,
149 649 261 723 quibus
299 649 386 710 cordi
424 651 495 709 erat
529 663 604 709 cum
644 649 796 709 omnibus
835 651 1075 725 antiquissimis
1112 652 1323 726 religionibus

2 726 9 789 ἶ
73 747 249 811 Athenarum
273 751 412 827 gloriam
436 751 630 825 coniungere
654 745 684 819 ¹).

102 851 162 913 Non
194 853 302 928 magis
337 868 435 927 quam
470 851 668 927 Delphorum
707 853 779 913 iura
813 852 1033 915 Callimachus
1068 841 1321 916 Atheniensium

6 935 7 938 ¹
68 950 184 1024 gloriam
215 955 250 1013 in
280 954 377 1014 rebus
404 953 545 1014 Deliacis
568 955 704 1014 tutatur.
729 954 909 1029 Scriptores
932 956 1061 1023 Atticos
1084 971 1163 1017 sane
1187 960 1324 1018 noverat

2 1079 3 1095 2
67 1056 183 1132 optime,
205 1071 323 1131 neque,
346 1055 401 1115 ubi
424 1070 480 1115 eos
502 1054 596 1114 salva
618 1054 721 1128 gloria
743 1055 908 1118 Deliorum
924 1057 1017 1119 licuit
1036 1059 1142 1135 sequi,
1167 1059 1322 1134 neglexit.

2 1150 5 1219 t
63 1156 97 1216 lt
130 1159 262 1217 tantum
299 1172 365 1217 non
396 1157 516 1217 diserte
548 1155 639 1230 dicit,
672 1156 792 1217 iniuria
822 1159 892 1218 tam
924 1175 1045 1234 magna
1080 1161 1113 1220 in
1148 1160 1227 1222 Delo
1261 1162 1324 1222 sibi

60 1258 232 1319 vindicasse
257 1258 507 1318 Atheniensium
531 1257 717 1332 scriptores.
742 1257 870 1318 Etenim
895 1260 1025 1321 silentio
1049 1261 1157 1322 obruit
1180 1277 1262 1337 quae
1285 1263 1324 1322 de

56 1358 200 1434 ilithyiae
223 1360 399 1421 simulacro
424 1358 653 1432 antiquissimo
676 1358 988 1435 Erysichthonisque
1007 1363 1134 1423 theoria
1152 1364 1323 1424 narraban-

55 1463 110 1536 tur,
134 1477 211 1522 eum
235 1464 347 1522 tamen
376 1477 423 1521 vs.
450 1461 513 1520 307
538 1475 603 1534 sqq.
636 1462 811 1537 memoret,
837 1461 963 1523 Thesea
993 1462 1072 1524 olim
1100 1480 1142 1525 ex
1166 1462 1262 1525 Creta
1285 1465 1325 1525 ad

53 1562 192 1624 insulam
223 1563 398 1624 advectum
428 1576 557 1622 sacram
587 1561 771 1621 instituisse
802 1562 1013 1624 saltationem
1044 1572 1097 1624 roe
1127 1564 1271 1646 γεράνου,
1293 1568 1327 1626 et

51 1667 180 1726 vovisse
222 1665 419 1740 Aphrodites
460 1663 729 1736 antiquissimum
770 1663 1001 1739 simulacrum;
1045 1666 1189 1728 Theseae
1231 1668 1327 1728 navis

52 1764 231 1842 ,ἀειζώοντο
261 1766 390 1843 οοπήιο”
424 1767 492 1825 iure
520 1780 580 1825 suo
604 1764 795 1840 Cecropidas
827 1781 956 1842 semper
979 1782 1098 1829 vovere
1124 1783 1190 1829 non
1212 1771 1324 1845 negat,

49 1873 83 1930 at
106 1869 391 1946 Hyperboreorum
414 1866 552 1943 gloriam
577 1867 617 1926 iis
641 1867 751 1941 largiri
775 1882 840 1927 non
862 1867 943 1928 vult.

95 1971 258 2046 Quidnam
288 1971 421 2032 tandem
452 1969 491 2029 de
526 1967 744 2043 Hyperboreis
779 1969 991 2029 statuendum
1022 1970 1084 2046 ipsi
1114 1972 1264 2033 videatur
1295 1973 1327 2033 id

51 2073 184 2134 disertis
216 2072 310 2133 docet
340 2071 489 2132 versibus
520 2072 579 2140 (vs.
605 2069 670 2129 280
692 2072 787 2143 apol:
816 2084 927 2130 sacros
948 2071 1134 2147 manipulos
1156 2074 1247 2148 spica
1269 2073 1328 2134 illi·

52 2175 147 2248 gatos
170 2173 335 2234 Dodonaei
357 2171 486 2247 Pelasgi
510 2184 552 2230 ex
574 2169 749 2245 longinquo
773 2169 835 2230 sibi
858 2170 976 2232 allatos
995 2174 1172 2250 accipiunt,
1192 2175 1328 2235 transfe-

54 2277 130 2335 runt
154 2276 188 2335 in
212 2274 339 2336 hialidis
362 2276 468 2335 terrae
490 2273 635 2346 montes,
661 2271 735 2331 inde
758 2271 793 2330 in
815 2271 980 2333 Euboeam

293 2365 296 2370 ¹
677 2365 745 2432 οὐδ’
772 2369 813 2431 ἔτι
836 2370 948 2451 μακρδς

271 2471 306 2536 Ὁ
328 2474 418 2546 πλόος
443 2471 620 2551 Εὐβοίηθεν
644 2469 710 2532 έπεί
730 2489 780 2533 σεο
803 2473 931 2553 γείτονες
954 2473 1049 2553 ὅρμοι.

54 2581 228 2641 Sacrorum
261 2579 324 2639 iter
358 2592 400 2636 ex
433 2574 652 2651 Hyperboreis
686 2575 869 2636 adlatorum
905 2577 949 2646 (in
984 2593 1046 2651 quo
1078 2579 1193 2639 itinere
1224 2594 1329 2654 neque

54 2681 170 2756 Delphi
200 2681 425 2741 memorantur
455 2690 559 2750 neque
589 2676 748 2747 Athenae)
779 2677 827 2736 ita
857 2676 1010 2737 describit
1037 2677 1270 2755 Callimachus,
1294 2683 1330 2740 ut

55 2782 121 2842 lere
145 2782 217 2857 ipsa
245 2780 345 2840 verba
375 2779 515 2853 arguant
537 2792 614 2837 eum
636 2778 728 2851 sequi
751 2778 972 2838 narrationem
997 2779 1206 2839 notissimam
1230 2779 1329 2840 Hero·

56 2884 133 2944 doti.
164 2883 198 2942 Is
228 2896 355 2957 quoque
385 2878 449 2950 (IV.
474 2879 527 2948 33)
559 2875 608 2956 έρδι
642 2875 818 2956 ἐνδεδεμένα
849 2876 881 2937 έν
912 2878 1029 2962 καλάμῃ
1052 2888 1157 2957 πυρῶν
1181 2882 1329 2943 omnium

56 2985 254 3045 Graecorum
285 2983 407 3058 primos
438 2981 550 3040 narrat
576 2979 740 3055 accepisse
763 2979 970 3054 Dodonaeos‚
996 2980 1070 3040 inde
1098 2981 1268 3043 devenisse
1291 2983 1331 3043 ad

57 3086 184 3162 Mallos,
212 3085 390 3158 Euboeam,
416 3082 555 3157 Tenum,
578 3079 707 3141 Delum.
729 3080 796 3141 Nec
817 3081 939 3141 mirum
963 3084 1094 3157 poetam
1118 3084 1210 3158 sequi
1233 3083 1330 3145 Hero-

57 3189 124 3249 doti
152 3186 397 3260 testimonium,
429 3181 690 3258 quandoquidem
713 3181 858 3257 ipsorum
881 3182 1047 3243 Deliorum
1071 3186 1265 3246 auctoritate
1295 3201 1332 3246 se

56 3291 118 3351 niti
147 3289 286 3364 scriptor
315 3285 555 3347 adfirmaverat.
587 3283 661 3343 Una
691 3284 822 3343 tantum
844 3299 879 3344 re
903 3284 1012 3344 differt
1035 3285 1121 3345 haud
1144 3301 1261 3361 parum
1293 3287 1332 3348 ab

57 3392 213 3451 historico
236 3391 341 3465 poeta.
365 3387 554 3462 Agnoverat
572 3384 757 3444 Herodotus
784 3384 865 3445 duas
885 3385 1028 3459 ipsorum
1050 3387 1333 3462 Hyperboreorum

57 3507 170 3553 sacras
189 3491 369 3566 legationes
389 3488 515 3563 (quain
539 3502 574 3547 re
594 3486 756 3562 duplicem
776 3486 919 3560 profecto
939 3486 1105 3548 Deliorum
1125 3489 1332 3550 traditionem

58 3593 216 3668 sequitur)
248 3593 403 3668 priorem,
436 3603 536 3663 quam
566 3588 665 3647 refert
696 3602 722 3647 e.
749 3588 790 3647 35
823 3592 951 3662 (nempe
981 3587 1090 3661 Argen
1121 3591 1218 3663 atque
1249 3590 1335 3666 Upin

59 3695 204 3769 virgines
245 3691 471 3767 Hyperboreas
510 3688 628 3749 oblatis
671 3688 764 3747 donis
806 3688 958 3761 ilithyiae
1000 3688 1134 3749 domum
1173 3689 1334 3767 rediisse),

60 3797 201 3857 alteram
231 3809 308 3854 vero
338 3798 376 3863 (c.
400 3793 454 3862 33)
485 3790 555 3862 τοὺς
577 3784 792 3868 Ὑπερβορέους
822 3786 939 3865 πέμψαι
969 3791 1120 3869 φερούσας
1147 3788 1183 3849 τὰ
1206 3790 1256 3873 ἱρὰ
1279 3792 1334 3854 δύο

58 3897 174 3976 κούρας
203 3892 255 3968 τὰς
284 3893 486 3971 οὐνομάζουσι
517 3890 624 3969 Δήλιοι
655 3883 733 3950 εἶναι
757 3884 920 3969 Ἵπερδχην
951 3911 980 3950 τε
1010 3888 1062 3950 καὶ
1084 3891 1251 3971 Λαοδίκην·
1274 3893 1336 3971 ἅμα

61 3994 94 4059 δέ
117 3996 225 4081 αὐτῇσι
247 3993 411 4073 ἀσφαλείης
434 3994 545 4055 εἵνεκεν
568 3989 686 4069 πέμψαι
708 3991 778 4064 τοὺς
797 3987 1010 4071 Ὑπερβορέους
1029 4001 1088 4052 τῶν
1107 3991 1204 4055 ἀστῶν
1223 3992 1336 4074 ἄνδρας

60 4098 148 4161 πέντε
169 4098 324 4175 πομπούς,
350 4112 406 4158 eas
429 4099 541 4157 autem
564 4110 629 4156 non
652 4095 787 4155 rediisse
811 4109 853 4154 ex
875 4088 1000 4164 Delo.²)
1021 4095 1092 4155 Non
1113 4096 1220 4172 ipsum
1238 4098 1337 4173 igitur

96 4394 116 4459 ¹)
133 4396 292 4445 Phanodem.
316 4396 347 4442 ir.
360 4397 381 4442 1.
399 4394 493 4442 titillor
510 4390 538 4440 F.
557 4391 591 4440 Η.
609 4391 637 4439 0.
655 4391 676 4438 Ι.
694 4392 751 4438 866.
775 4389 1007 4437 crannonem.
1025 4392 1100 4440 islo.
1120 4391 1193 4439 Idem
1210 4393 1260 4442 iv.
1276 4390 1340 4454 Ery·

59 4476 173 4526 rictum
190 4476 208 4524 l.
222 4476 239 4522 l.
257 4475 278 4522 1.
296 4475 370 4522 1383.

95 4554 118 4622 ¹)
135 4557 185 4615 Qui
205 4555 314 4616 Delphis
330 4555 553 4615 Hyperboreorum
573 4551 675 4613 mythos
695 4550 904 4609 conscripserunt
917 4548 982 4598 haee
999 4551 1102 4598 nomina
1118 4551 1288 4613 adoptarunt,
1305 4553 1338 4599 oi.

62 4640 139 4687 Paus.
158 4638 178 4684 1.
197 4639 237 4684 ⁴4.
255 4638 284 4684 X.
304 4639 342 4684 23.
