3320 5432
105 557 164 618 iv.
191 557 366 618 uec-299
719 559 781 620 183

104 747 188 807 licet
207 745 242 805 in
258 745 417 808 adiectivo
429 741 587 822 βιοαιονὲς
599 746 646 807 ita
658 746 773 808 iecisse
787 747 934 808 videatur
946 745 1127 808 Herodiano
1138 744 1228 816 (Gall.
1242 747 1279 808 ir.
1293 748 1379 818 sei).

154 849 212 909 Vs.
238 849 301 910 297
332 863 412 910 suae
443 849 562 909 aetatis
584 849 737 926 virgines,
761 863 845 923 quae
867 851 1088 924 hymenaeum
1112 861 1241 922 carpere
1264 847 1380 924 solent,

109 950 236 1026 ,tacita
258 950 316 1010 ahi
337 965 435 1024 quem
456 951 566 1011 mente
586 951 786 1027 requirunt”,
806 951 914 1026 potius
932 963 1031 1025 quarn
1043 950 1225 1011 homericae
1237 950 1381 1024 respexit

105 1051 329 1112 callimachus
352 1052 549 1114 contendens
580 1052 809 1127 Hymenaeum
835 1049 933 1130 ,ἤθεα
955 1049 1094 1130 κουράων
1121 1049 1380 1131 μορμύοοεοθοι”,

105 1158 142 1214 et
166 1156 205 1212 ut
228 1153 356 1228 reipsa
379 1153 499 1215 recedit
518 1153 558 1214 ab
582 1153 782 1215 heroicorum
806 1156 992 1228 temporum
1011 1152 1232 1228 simplicitate,
1253 1152 1300 1212 ita
1314 1165 1379 1212 ver·

104 1256 160 1315 bis
184 1255 226 1316 ab
250 1255 400 1316 Homero.
425 1254 509 1315 Nam
531 1251 632 1332 ἤθεα
656 1255 779 1316 dictum
803 1256 841 1316 de
865 1256 975 1316 mente
999 1257 1096 1328 atque
1116 1254 1275 1314 animout
1295 1252 1380 1327 apud

104 1356 310 1430 antiquiores
340 1356 429 1430 legas
457 1359 667 1427 (nontamen
699 1357 782 1433 apud
807 1357 1007 1432 Homerum),
1039 1355 1203 1416 novicium
1227 1355 1279 1415 est
1305 1369 1380 1415 cum

104 1459 262 1532 genetivo
292 1458 340 1519 ita
367 1458 402 1519 id
431 1473 550 1520 nomen
576 1459 769 1532 coniungere
792 1460 916 1518 utnon
944 1471 1045 1518 mores
1068 1458 1125 1519 sed
1148 1457 1256 1532 ipsum
1274 1457 1381 1531 peotes

104 1561 241 1622 indicet.
263 1560 343 1637 Quid
366 1560 455 1620 enim
477 1561 573 1635 poeta
596 1559 698 1620 voluit
721 1560 785 1621 nisi
811 1561 888 1621 hoc:
917 1556 1061 1637 ,ἐκφοβεῖ
1078 1555 1133 1635 τὴν
1152 1556 1325 1636 ααρσίον”2
1339 1589 1379 1602 --
1509 1557 1515 1568 “

105 1663 196 1722 Tum
219 1658 364 1740 εὐηχής
386 1676 450 1722 non
478 1663 548 1722 sine
571 1662 665 1722 docta
689 1663 867 1723 eruditione
890 1673 911 1722 a
931 1663 1041 1723 nostro
1065 1662 1266 1736 hymenaeus
1290 1672 1379 1720 voca·

105 1767 173 1824 tur.
209 1763 406 1840 Euripidem,
442 1765 491 1824 cui
522 1765 607 1824 inter
637 1764 777 1838 tragicos
810 1763 896 1824 haud
930 1762 1080 1824 infimum
1115 1761 1228 1823 tribuit
1262 1760 1379 1836 locum,

104 1866 192 1926 forte
224 1865 420 1926 meminerat
449 1867 483 1926 in
515 1860 664 1926 Alceettdc
695 1870 754 1936 (vs.
785 1867 861 1936 915)
892 1865 1069 1926 Admetum
1089 1863 1169 1925 talia
1190 1863 1379 1937 querentem

104 1967 244 2028 iecisse:

466 2066 528 2128 τότε
551 2064 604 2146 μὲν
627 2069 751 2141 πεύκαις
774 2067 829 2142 ξὺν
853 2067 1002 2146 Πηλιάσιν

467 2168 522 2242 ξύν
545 2165 573 2229 θ’
599 2168 753 2247 ὑμεναίοις
775 2167 902 2248 ἔστειχον
925 2167 981 2230 ἔσω

466 2270 567 2348 φιλίοις
590 2269 698 2350 ἀλόχου
721 2268 790 2350 χίρα
813 2269 976 2350 βαστάζων,

465 2370 713 2452 πολυαίχητος
737 2367 765 2432 δ’
792 2372 888 2433 εἵπετο
910 2379 1018 2450 κῶμος.

105 2476 234 2537 Tamen
259 2476 365 2549 magis
394 2489 493 2548 quam
522 2472 664 2554 εὐήχητος
696 2475 747 2536 vel
775 2474 960 2554 αολοήχηιος
984 2473 1106 2550 placuit
1128 2471 1242 2546 poetae
1267 2465 1385 2548 εὐηχὴς,

104 2578 194 2652 quod
229 2577 351 2638 rectius
384 2592 460 2638 cum
491 2578 663 2639 homericis
698 2574 829 2655 δυσηχὴς
863 2574 1014 2655 τοιοηχὴς
1048 2576 1092 2645 (Β.
1124 2573 1207 2648 686;
1243 2574 1278 2630 Δ.
1307 2570 1383 2642 422)

104 2679 298 2741 conveniret
333 2680 365 2740 et
399 2680 433 2739 in
466 2679 595 2740 Pindari
627 2680 734 2741 verbis
757 2680 862 2754 (Pyth.
887 2678 929 2739 II.
957 2678 1010 2757 14)
1039 2671 1304 2754 „adspicimus”
1329 2690 1382 2735 ex·

105 2780 257 2854 emplum
288 2779 429 2842 haberet.
466 2784 516 2841 An
548 2780 630 2842 forte
661 2797 738 2842 cum
769 2781 866 2855 elegit
897 2780 1093 2841 adiectivum
1126 2794 1146 2839 a
1176 2777 1382 2839 substantivo

102 2883 298 2957 formatum,
330 2882 483 2943 haerebat
513 2883 546 2942 in
574 2883 645 2943 eius
676 2884 785 2944 mente
822 2881 980 2943 memoria
1004 2878 1146 2956 Hesiodi,
1170 2879 1324 2953 quicum
1347 2879 1380 2938 in

105 2983 202 3044 Seruo
224 2986 284 3053 (vs.
310 2984 373 3043 223
397 2987 474 3058 sqq.)
498 2983 743 3045 celeberrimam
764 2983 938 3059 hymenaei
962 2980 1211 3056 descriptionem
1236 2995 1278 3040 ex
1300 2979 1381 3039 libro

101 3087 141 3146 Σ.
178 3085 243 3144 493
278 3085 471 3161 imitaretur,
507 3086 681 3148 homericis
714 3084 887 3147 adiecisset
922 3084 961 3144 de
996 3097 1071 3144 suo:
1112 3078 1197 3162 ,napi
1231 3076 1264 3141 δέ
1298 3096 1382 3156 σφισι

103 3184 219 3266 ἄγνυτο
242 3182 324 3264 ἠχώ”
349 3190 409 3257 (ve.
436 3187 537 3258 arel?

149 3288 275 3349 Versus
307 3289 482 3351 297-299
513 3289 627 3350 multis
660 3289 862 3350 offenderunt
885 3286 1127 3360 Schneiderum,
1152 3284 1206 3357 qui
1229 3285 1267 3344 ut
1290 3283 1382 3345 corri-

103 3391 198 3466 geret
220 3404 303 3464 quae
329 3389 444 3452 vitiose
466 3390 586 3452 tradita
611 3391 764 3452 censebat
788 3389 960 3463 legendum
983 3387 1165 3463 proposuit:

779 3489 868 3568 ἥλικα
891 3487 994 3567 χαίτην

353 3594 608 3674 παρθενικαί,
629 3593 733 3665 παῖδες
764 3589 797 3653 δὲ
820 3589 912 3672 θέρος
934 3590 967 3651 τὸ
993 3585 1111 3668 πρῶτον
1134 3587 1244 3649 ίούλοον

355 3694 505 3776 εἴρενες
527 3691 765 3773 ἡμιθέοισιν
786 3691 986 3772 ἀπαρχόμενοι
1011 3687 1183 3768 φορέουσιν,

107 3798 290 3872 exquibus
317 3796 537 3875 ,παρθενικαί
562 3799 615 3859 est
637 3797 672 3858 in
695 3795 868 3872 codicibus,
896 3793 1022 3872 ,elpevep
1049 3787 1222 3869 ἡμιθέοισι”
1248 3791 1381 3850 debetur

106 3899 295 3961 Schneideri
317 3899 529 3960 coniecturae.
558 3898 716 3973 Equidem
747 3900 818 3958 tam
850 3894 1036 3957 vehementi
1060 3893 1220 3954 medicine
1248 3892 1382 3953 minime

108 4017 191 4076 opus
210 4016 284 4062 esse
302 4003 389 4076 puto,
410 4015 493 4074 quae
513 4015 551 4060 eo
570 4001 681 4060 mlnus
700 3999 816 4075 placet,
831 3998 922 4073 ,quod
936 3997 992 4057 vix
1003 3997 1091 4056 recte
1103 3993 1384 4068 Hyperboreorum

108 4102 252 4176 virgines
282 4104 380 4175 atque
410 4101 640 4162 adolescentuli
676 4093 838 4177 ,ἡμίονον’
872 4098 1008 4160 salutari
1034 4100 1268 4174 possunthoc
1295 4096 1383 4158 enim

107 4209 202 4266 tanto
236 4207 314 4265 sunt
346 4203 499 4278 dignandi
533 4203 663 4263 honore.
699 4202 875 4276 Aliquanto
910 4200 1011 4260 lenior
1042 4200 1094 4258 est
1125 4203 1236 4272 (qnam
1263 4197 1384 4272 recepit

110 4305 393 4376 Wilamowitzius)
416 4304 570 4379 anonymi
594 4304 749 4365 correctio
773 4301 964 4377 marginalis
986 4301 1018 4361 in
1040 4301 1108 4362 cod.
1134 4303 1163 4358 Ε
1185 4303 1383 4379 παρθενικοῖς

108 4424 170 4471 nec
203 4423 341 4483 parvum
372 4409 424 4468 est
447 4407 477 4468 ei
503 4406 708 4467 coniecturae
740 4405 922 4466 subsidium
945 4404 979 4463 ln
1003 4403 1073 4473 ipso
1096 4402 1248 4478 Homero,
1271 4401 1326 4476 qui
1350 4403 1384 4462 et

109 4510 179 4585 ipse
214 4523 328 4570 vocem
363 4503 545 4587 παρθενικαὶ
576 4507 775 4568 substantivi
804 4505 874 4567 loco
906 4503 1062 4565 adhibens
1084 4504 1232 4579 opposuit
1254 4507 1315 4576 τοῖς
1338 4499 1383 4582 ἠι-

110 4607 195 4684 θέοις
217 4610 314 4672 suavi
336 4625 434 4672 versu
456 4612 493 4669 Σ.
520 4611 598 4670 tei:

356 4706 538 4791 παρθενικαὶ
563 4705 595 4769 ri
617 4705 669 4769 ιιοιλ
691 4704 792 4786 ἠίθεοι
815 4705 907 4768 ἀταλὰ
928 4704 1114 4788 φρονέοντες.
