3068 5288
690 489 731 547 65

117 670 267 731 Tandem
300 685 376 731 vero
415 686 519 744 neque
549 673 610 733 hoc
639 653 852 748 neglegamus
882 677 1021 748 oportet,
1056 676 1302 737 accuratissime
1334 693 1353 737 a

68 776 175 848 poeta
193 772 365 834 definitum
389 788 476 849 esse,
507 789 648 847 quanam
672 778 780 836 aetate
802 775 874 836 Deli
896 791 988 836 aram
1011 778 1255 837 sanctissimam
1281 794 1352 839 con·

68 876 196 935 diderit
236 875 369 950 Apollo:
411 871 562 953 ιετραέτης
604 877 692 937 enim
730 880 810 937 erat.
847 876 915 952 Quo
949 877 1092 952 primum
1126 880 1209 938 satis
1242 883 1353 955 aperte

68 977 240 1064 indicatur
263 978 345 1038 haec
369 977 457 1038 facta
480 992 553 1037 esse
576 980 652 1038 ante
671 992 770 1052 quam
793 978 873 1038 deus
891 978 1033 1053 Delphos
1054 980 1158 1040 adiret
1170 980 1352 1054 Pythonem

69 1079 319 1140 interfecturus.
348 1079 556 1152 antiquiores
587 1094 665 1139 sane
688 1083 802 1155 poetae
827 1095 864 1140 ac
887 1079 1029 1154 theologi
1052 1082 1228 1142 admodum
1253 1084 1353 1143 inian-

70 1185 146 1242 tem
179 1182 377 1257 putaverant
407 1180 573 1265 Phoebum
604 1179 706 1267 fuisse
737 1197 812 1266 cum
835 1183 967 1241 necaret
989 1181 1205 1257 Delphynam.
1230 1183 1352 1245 Descri-

71 1286 190 1358 pserat
213 1297 356 1358 pugnam
381 1281 549 1356 Euripides
574 1280 653 1357 (ipit
682 1279 777 1342 Your.
805 1278 901 1353 1250)Ι
1041 1281 1044 1286 ’
1079 1283 1081 1288 ’
1293 1272 1294 1275 '

436 1383 474 1442 σὺ
498 1380 530 1443 dl
552 1405 602 1441 νιν
624 1381 664 1442 ἔτι
688 1380 815 1462 βρέφος,
836 1381 877 1443 ἔτι
902 1383 991 1458 φίλοις

436 1481 484 1544 ἐπὶ
506 1481 630 1563 ματέρος
653 1481 809 1563 ἀγκάλαισι
833 1485 982 1570 θρῴσκων

437 1584 548 1659 ἔκανες.

74 1692 244 1752 Assensus
261 1693 333 1751 erat
345 1689 519 1751 Clearchus
531 1690 675 1750 Solensis
686 1683 717 1764 ¹),
731 1692 764 1750 et
775 1688 922 1750 eiusdem
934 1689 1001 1749 iere
1013 1691 1197 1752 traditionis
1209 1695 1355 1754 servavit

73 1794 221 1867 vestigia
243 1792 394 1867 Hyginus
412 1793 573 1868 sut.140:
605 1793 699 1867 „post
725 1792 811 1852 diem
836 1793 989 1865 quartum
1013 1807 1111 1865 quam
1135 1796 1246 1853 essent
1269 1797 1352 1871 nati,

75 1893 195 1970 Apollo
235 1894 352 1954 matris
393 1909 514 1968 poenas
545 1895 720 1953 exsecutus
751 1894 819 1966 est;
858 1907 936 1952 nam
968 1892 1167 1955 Parnassum
1197 1895 1288 1956 venit
1322 1899 1356 1957 et

75 1996 265 2069 Pythonem
296 1995 427 2069 sagittis
457 1995 636 2068 interiecit3
669 1994 753 2054 unde
784 1994 923 2068 Pythius
955 1996 1006 2053 est
1029 1993 1168 2055 dictus.‘’
1192 1997 1237 2057 At
1258 1997 1354 2072 paulo

77 2097 176 2157 aliter
199 2096 431 2158 Alexandrinis
454 2097 558 2171 poetis
581 2096 744 2172 placuisse
765 2095 901 2155 videtur.
923 2095 1113 2168 Apollonius
1133 2097 1221 2157 enim
1234 2098 1275 2158 II.
1289 2100 1352 2159 707

77 2214 151 2259 rem
176 2198 223 2259 ita
245 2200 376 2259 enarrat
399 2200 436 2258 ut
459 2197 632 2258 draconem
657 2197 858 2258 interfecerit
880 2196 1029 2257 Phoebus

304 2307 413 2377 κοῦρος
436 2296 493 2384 ἐὼν
516 2297 558 2358 ἔτι
579 2296 692 2378 γυμνὸς
715 2296 755 2358 ἔτι
780 2298 956 2375 πλοκάμοισι
979 2297 1125 2376 γεγηθώς.

78 2401 171 2478 Quod
204 2416 269 2461 non
300 2401 443 2461 multum
474 2398 604 2474 definit;
637 2401 784 2460 attamen
808 2399 885 2461 licet
907 2396 1021 2478 ἄνηβος
1043 2399 1097 2458 hic
1119 2399 1218 2460 fuerit
1240 2400 1355 2475 Apollo

78 2504 148 2563 iam
179 2518 245 2563 non
276 2502 384 2562 infans
414 2503 466 2562 est
494 2502 527 2560 in
557 2503 675 2561 matris
705 2501 856 2562 manibus
883 2501 1041 2575 gestatus.
1074 2501 1102 2559 A
1130 2500 1246 2573 quibus
1269 2502 1355 2562 haud

79 2603 226 2664 multum
249 2603 343 2663 abest
364 2601 585 2664 callimachus
608 2603 640 2663 in
665 2604 779 2677 hymni
803 2603 937 2663 alterius
960 2602 1061 2662 exitu.

126 2705 237 2766 Oritur
266 2720 344 2765 vero
374 2705 438 2764 alia
468 2719 594 2778 quoque
624 2705 771 2778 quaestio
802 2719 844 2764 ex
875 2703 936 2765 hoc
966 2718 1063 2763 versu
1094 2704 1133 2763 de
1164 2703 1354 2777 quadrienni

80 2806 225 2882 Phoebo,
250 2806 409 2879 quianon
432 2804 539 2865 solent
560 2807 631 2865 tam
654 2807 804 2866 accurate
827 2805 962 2865 indicari
985 2804 1118 2865 deorum
1142 2806 1268 2865 aetates
1291 2806 1354 2866 nisi

79 2909 170 2966 certo
201 2906 341 2981 quodam
370 2905 514 2967 consilio.
540 2906 592 2966 Sic
614 2905 748 2980 Delphis
771 2902 939 2984 ἐνναετηρις
962 2907 1114 2967 instituta
1136 2922 1208 2967 esse
1231 2908 1354 2968 diceba·

79 3010 135 3068 tur
166 3023 209 3068 ex
239 3008 399 3069 memoria
429 3007 588 3082 Pythonis
618 3007 790 3068 interiecti.
816 3003 864 3065 Ἥ
886 3029 916 3067 τε
937 3005 994 3087 γὰρ
1018 3005 1159 3085 ἱσταμένη
1181 3006 1284 3081 καλιὰς
1308 3007 1354 3068 ἐν-

79 3114 184 3168 ταῦθα
213 3106 281 3187 περὶ
310 3106 366 3185 τὴν
397 3107 458 3168 ἅλω
490 3102 524 3167 δι’
550 3104 637 3168 ἐννέα
661 3105 733 3167 ἑτῶν
757 3106 793 3168 οὐ
818 3108 979 3187 φωλεώδης
998 3109 1051 3170 τοῦ
1076 3109 1238 3187 δράκοντος
1260 3111 1356 3189 χειά”,

80 3211 129 3271 ita
159 3210 274 3272 scribit
303 3210 500 3271 Plutarchus
528 3209 575 3280 (dc
597 3209 655 3284 des.
684 3208 735 3270 Or.
759 3226 789 3285 p.
815 3210 939 3281 418Α.)
970 3212 1025 3286 qui
1049 3214 1161 3272 tamen
1182 3212 1263 3287 ipsis
1287 3228 1353 3273 ver·

80 3315 132 3374 bis
163 3313 307 3373 declarat
337 3312 507 3373 cohaerere
532 3311 693 3372 ludicrum
724 3326 798 3371 cum
825 3312 921 3373 caede
941 3314 1081 3374 monstri
1104 3312 1222 3387 Queat.
1245 3312 1354 3376 croac.

81 3434 111 3493 p.
138 3417 259 3477 293B:
290 3420 366 3494 τρεῖς
395 3412 501 3495 ἶν’γουσι
527 3410 639 3488 Δελφοὶ
671 3410 879 3491 ἐνναετηρίδας
902 3412 1032 3475 κατὰτὸ
1055 3412 1138 3493 ἑξῆς,
1159 3406 1202 3476 ὧν
1224 3413 1279 3493 τὴν
1301 3412 1356 3493 μὲν

80 3516 268 3596 Στεπτήριον
291 3520 474 3577 καλοῦσι...
498 3513 531 3575 τὸ
554 3510 609 3591 μὲν
630 3505 687 3574 οὖν
709 3514 883 3592 οτετττήριον
905 3513 982 3576 ἔοικε
1005 3516 1122 3594 μίμημα
1138 3525 1193 3595 τῆς
1211 3517 1285 3596 πρὸς
1304 3517 1356 3578 τὸν

82 3620 225 3681 Πύθωνα
248 3626 300 3679 τοῦ
322 3621 399 3679 θεοῦ
422 3617 516 3696 μάχης
539 3610 648 3678 εἶναι’.
674 3618 923 3679 Ennaeteridem
947 3622 1058 3680 autem
1078 3621 1247 3694 propterea
1265 3620 1355 3679 insti·

81 3724 192 3783 tutam
219 3720 322 3781 videri
349 3720 484 3782 docebat
507 3720 594 3780 idem
617 3720 811 3780 Plutarchus
838 3721 885 3791 (de
907 3721 966 3797 des.
994 3720 1082 3781 Orac.
1107 3736 1134 3780 c.
1159 3721 1199 3780 21
1224 3737 1254 3796 p.
1280 3722 1356 3790 421)

82 3823 240 3898 quoniam
272 3838 332 3896 per
363 3837 471 3882 νιοοονι
500 3836 601 3881 annos
629 3820 778 3880 Phoebus
809 3822 977 3883 exulasset
1008 3821 1177 3882 interiecto
1208 3821 1356 3882 dracone.

83 3926 117 3984 Si
151 3938 230 3984 vero
268 3922 452 3983 ennaeteris
485 3921 640 3998 Delphica
678 3937 752 3982 cum
795 3938 914 3983 novem
946 3924 1041 3984 annis
1075 3922 1165 3983 exilii
1198 3924 1358 3999 Apollinis

82 4023 292 4100 cohaerebat,
326 4038 391 4084 non
421 4024 530 4098 inepte
561 4022 697 4083 iorsitan
729 4020 879 4101 ιετραέιης
903 4025 1084 4085 condidisse
1111 4018 1357 4085 sanctissimam

82 4143 177 4188 aram
206 4125 373 4186 Deliacam
401 4125 518 4184 dicitur
551 4126 644 4200 deus,
676 4127 713 4185 ut
736 4125 797 4186 hac
820 4126 972 4187 instituta
995 4128 1234 4202 quodammodo
1257 4126 1359 4187 videri

82 4229 138 4290 ille
158 4226 264 4303 possit
282 4226 382 4286 simul
400 4240 477 4286 eum
493 4226 615 4286 festum
635 4227 721 4286 diem
742 4227 925 4289 instituisse
937 4232 991 4303 qui
1003 4233 1078 4306 post
1089 4231 1243 4304 quattuor
1254 4220 1358 4289 annos

83 4332 221 4392 exactos
250 4328 408 4390 solemnis
440 4328 525 4404 apud
554 4327 702 4387 Deliacos
733 4327 867 4389 redibat.
907 4332 1040 4392 Poterat
1072 4333 1159 4392 certe
1187 4331 1228 4390 ad
1258 4330 1360 4390 talem

81 4432 277 4507 aetiologiae
319 4430 505 4491 libertatem
546 4429 682 4490 incitare
723 4431 854 4503 poetam
891 4434 973 4506 quod
1008 4435 1136 4509 gratum
1174 4447 1246 4492 esse
1281 4430 1361 4504 ipsis

119 4651 140 4715 ¹)
157 4653 197 4702 or.
215 4651 285 4700 sua
303 4652 324 4699 1.
343 4653 399 4700 ne.

138 4741 169 4788 11.
1270 4740 1284 4785 c
