3068 5294
59 123 112 183 lv.
139 123 316 183 270-274
669 119 730 179 177

61 327 140 387 quas
163 312 258 372 bodio
278 311 317 372 ab
338 309 460 372 aorieto
478 308 676 383 reduplicato
697 307 848 369 solemne
861 307 1017 369 derivare.
1038 305 1196 384 Quoniam
1216 309 1328 369 autem

61 411 252 489 πεφιλήσεται
285 413 345 474 hoe
380 427 476 473 versu
510 412 551 472 ad
582 426 731 472 normam
759 404 914 470 homerici
937 407 1129 486 πεφιδήσεται
1153 410 1330 472 formatum

63 531 132 577 esee
164 517 295 576 tantum
324 529 388 575 non
412 516 537 574 certum
563 513 688 574 videtur
712 546 753 555 —
777 511 969 573 collocatum
995 512 1101 572 estin
1125 513 1239 573 eadem
1263 530 1329 575 ver-

62 633 118 677 eus
150 617 228 678 eodo
258 619 292 677 et
319 631 472 678 sonorum
507 614 720 675 similitudine
754 615 886 673 revocat
916 614 1123 674 homericum
1152 611 1243 690 ,ἀλλὰ
1266 611 1330 693 μάλ’

63 715 209 790 ἐνδυκέως
233 715 352 777 ίκέτεω
375 714 568 793 πεφιδήσεται
592 712 760 796 ἀνδρός”
786 714 924 791 (Ω.158,
946 714 985 775 cf.
1009 715 1082 786 187)
1096 748 1136 799 ᾗ-
1158 717 1332 780 admodum

61 823 112 880 est
127 819 291 895 probabile
306 820 390 879 bano
411 834 537 892 quoque
557 818 697 878 formam
717 816 915 878 homericam
935 817 1044 877 futuro
1063 829 1178 878 exacto
1199 820 1334 896 adscrip·
1435 872 1437 874 ,

61 924 131 982 tarn
162 936 236 982 esee
266 937 287 981 a
314 920 520 995 Callimacho,
553 919 683 992 iamque
715 919 785 979 eius
808 919 916 978 aetate
947 918 1162 980 Alexandriae
1193 922 1334 985 valuisse

60 1024 257 1099 opinionem,
288 1038 387 1097 quam
418 1023 551 1082 servant
582 1020 704 1081 scholia
735 1019 763 1077 V
794 1020 834 1080 ad
867 1018 906 1077 Ω.
934 1020 1012 1081 158:
1041 1021 1252 1098 ,πεφιδήσεται
1276 1020 1332 1101 μετ’

60 1122 163 1204 ὀλίγον
198 1122 320 1202 μέλλων,
350 1121 409 1183 ἀπὸ
440 1130 491 1182 τοῦ
523 1120 633 1199 φιδῶ”.
665 1122 756 1182 Idem
785 1122 946 1182 iudicasse
977 1122 1105 1182 videtur
1133 1123 1335 1187 Herodianus

60 1228 156 1288 cuins
175 1227 255 1288 haec
274 1228 352 1286 sunt
372 1226 469 1285 verba
500 1225 536 1295 (I.
561 1225 635 1284 441.
663 1226 713 1294 11)
744 1220 795 1298 ,τὸ
818 1220 874 1304 γὰρ
897 1222 994 1282 πείθω
1017 1222 1231 1302 peripsemate
1254 1247 1336 1307 περι-

59 1328 221 1406 σπώμενον
243 1333 325 1388 πιθῶ
349 1318 385 1388 οὗ
409 1321 425 1386 ό
449 1322 561 1403 μέλλων
584 1324 716 1402 πιθήσω,
739 1320 755 1385 ὅ
779 1321 913 1403 ἀόριστος
937 1321 1091 1403 έπίθησεν,
1116 1321 1156 1398 ὡς
1182 1325 1215 1387 τὸ
1242 1327 1336 1403 φείόω

57 1429 174 1510 γίνεται
193 1430 272 1507 prbe
295 1426 519 1507 περισπώμενον
548 1423 598 1486 καί
620 1425 833 1503 πεφιδήσεται”
858 1426 1034 1497 (01.801101.
1058 1428 1121 1487 BL
1148 1429 1188 1489 ad
1213 1430 1246 1489 Ο.
1271 1432 1335 1494 215

63 1529 223 1609 ,ἀπὸτοῦ
246 1530 340 1608 φείδεο
354 1508 453 1607 φιλῶ,
477 1525 516 1601 ὡς
541 1528 638 1589 πείθω
661 1533 755 1606 πιθῶ,
776 1528 866 1607 τεύχω
890 1530 997 1607 τοχῶ”.

108 1634 165 1696 Vs,
180 1635 243 1695 271
265 1631 408 1711 κρείων
432 1635 603 1708 Λεγαῖος
626 1631 742 1691 dieitur
765 1630 933 1705 Neptunus
947 1663 987 1673 -
1001 1646 1079 1691 nam
1087 1634 1214 1707 praeter
1229 1649 1335 1696 uoces·

61 1737 199 1797 eitatem
222 1736 254 1795 id
277 1736 317 1796 ab
350 1735 525 1797 editoribus
548 1735 669 1795 mutari
692 1735 725 1793 in
757 1733 888 1812 Λεχαίου
915 1735 1152 1795 demonstravit
1170 1736 1336 1799 Schneide-

61 1854 137 1912 rue;
160 1837 267 1898 -hio
290 1852 416 1912 quoque
438 1836 546 1912 igitur,
567 1836 650 1910 quod
670 1850 767 1909 supra
786 1830 907 1910 p.'110
932 1838 965 1896 et
990 1838 1052 1896 162
1075 1838 1225 1916 vidimuS‚
1247 1856 1336 1902 voca·

61 1940 178 2000 bulum
203 1937 310 2018 κρείων
333 1938 531 2000 substantivi
551 1939 656 1999 vicem
676 1938 761 2014 apud
782 1937 1017 1999 Callimachum
1037 1939 1170 2003 obtinet.
1194 1942 1338 2018 Denique

62 2040 269 2123 τιιαγιιτήν
310 2043 425 2104 Delum
469 2042 611 2132 insulam
647 2042 821 2103 nominans
853 2042 962 2116 aperte
997 2043 1195 2116 suffragatur
1228 2049 1339 2107 noster

63 2161 179 2207 eorum
210 2144 350 2219 opinioni
381 2144 437 2219 qui
467 2167 495 2221 μ.
527 2146 567 2206 el
596 2140 648 2216 τὰς
672 2141 828 2223 Πλαγκτὰς
852 2144 924 2205 ideo
947 2145 994 2204 ita
1018 2145 1125 2205 vocari
1148 2146 1337 2225 iudicarent,

62 2247 142 2321 quie
166 2246 356 2307 credidisset
379 2245 542 2306 Homerus
562 2261 619 2307 ees
643 2242 702 2322 ,ὡς
724 2243 778 2322 τήν
803 2248 903 2323 Δῆλον
927 2249 1075 2304 κινεῖσθαι
1095 2244 1145 2306 καί
1160 2244 1337 2326 φέρεσθαι”.

63 2348 123 2421 (ef.
151 2347 258 2410 Sobel.
284 2347 311 2406 V
334 2348 374 2409 ad
398 2369 427 2424 μ.
451 2349 515 2418 61).

110 2553 166 2614 Vs,
193 2554 268 2612 274.
316 2539 372 2610 ὧδε
395 2546 432 2608 σὺ
456 2543 511 2625 μέν
533 2546 696 2627 κατέλεξας,
718 2545 734 2609 ό
759 2545 790 2609 δέ
813 2548 926 2630 γλυκὺν
950 2547 1057 2608 έσπασε
1080 2548 1181 2627 μαζόν

315 2659 353 2733 τῷ
376 2646 427 2709 καί
450 2650 571 2728 νησαίων
595 2647 741 2731 ἁγιωτότη
766 2648 838 2724 έξέτι
860 2651 961 2711 κείνου

314 2748 415 2835 κλῄζη,
438 2750 617 2825 Ἀπόλλωνος
640 2752 851 2831 κουροτρόφος·
876 2750 948 2813 οὐδέ
971 2747 997 2811 o’
1022 2747 1167 2831 Ἐλευθὼ,

313 2846 380 2914 οὐδ’
406 2852 513 2932 Ἀίδης,
535 2849 606 2915 οὐδ’
632 2853 718 2915 ίπποι
741 2852 957 2934 έπιστείβουσιν
973 2851 1092 2934 Ἄρηος,

314 2952 388 3015 ἄλλοί
409 2976 455 3015 τοι
477 2951 626 3033 όιμφιετεῖς
651 2954 847 3035 δεκατηφόροι
872 2952 935 3016 αίέν
959 2953 1088 3035 ἀπαρχαὶ

314 3054 490 3135 πέμπονται,
511 3066 603 3117 πᾶσαι
628 3054 660 3117 δέ
683 3057 788 3136 χοροὺς
813 3055 957 3137 ἀνάγουσι
980 3057 1097 3135 πόληες,

191 3162 256 3222 280
313 3159 350 3218 αί
367 3181 396 3219 τε
419 3157 493 3237 πρὸς
517 3156 614 3237 ἠοίην,
637 3153 719 3219 αἴθ’
747 3156 870 3237 ἕσπερον
895 3157 931 3218 αἴ
948 3153 967 3218 τ’
995 3156 1053 3217 ἀνὰ
1077 3156 1188 3237 μέσσην

314 3259 441 3340 κλήρους
465 3257 635 3338 ἐκτήσαντο,
656 3257 707 3319 καὶ
730 3261 759 3320 οἳ
781 3260 959 3338 καθύπερθε
982 3259 1100 3339 βορείης

316 3361 394 3422 οίκία
417 3360 506 3434 θινὸς
529 3360 637 3441 έχουσι,
659 3360 931 3441 πολυχρονιώτατον
956 3353 1036 3439 αίμα.

111 3467 235 3527 Eadem
263 3464 394 3526 licentia
419 3481 482 3539 qna
507 3465 636 3539 saepius
665 3464 899 3525 Callimachum
925 3479 1021 3524 neum
1045 3464 1194 3524 videmus
1217 3464 1249 3524 in
1275 3480 1340 3525 ver-

66 3571 118 3630 bis
153 3568 280 3629 dicendi
314 3569 430 3643 quibus
462 3570 519 3628 aut
548 3568 671 3628 orditur
698 3569 878 3628 orationem
901 3569 959 3627 ant
982 3567 1103 3628 claudit
1127 3567 1174 3638 (ci.
1198 3568 1251 3629 IV.
1280 3570 1340 3628 133

67 3664 131 3731 εἷπε
166 3671 223 3732 ΠΙ.
261 3670 322 3730 158
354 3661 393 3741 ὧς
417 3667 519 3729 ἔνεπεν
542 3703 587 3712 --
610 3670 683 3730 addi
718 3671 825 3745 potest
855 3669 956 3729 etiam
986 3669 1039 3729 IV.
1066 3671 1129 3730 249
1152 3664 1171 3745 ii
1196 3664 1249 3746 μὲν
1273 3666 1342 3746 ἔφη)

67 3787 155 3833 0000
189 3786 252 3831 usu
279 3772 369 3832 venit
404 3772 437 3831 in
472 3772 568 3832 verbo
600 3768 826 3847 καταλέξαι,
855 3772 938 3844 quod
970 3772 1053 3845 apud
1077 3771 1257 3832 Homerum
1279 3787 1343 3832 non

68 3873 230 3948 loquendi,
255 3872 313 3933 eod
336 3874 546 3935 enumerandi
569 3873 621 3934 vel
648 3873 817 3934 enarrandi
841 3874 909 3932 vim
938 3873 1055 3933 habere
1077 3873 1170 3933 solet.
1196 3872 1343 3934 Callima·

68 3978 151 4038 obus
175 3974 314 4037 eundem
333 3990 465 4050 prorsus
487 3976 561 4035 hnic
582 3975 677 4035 verbo
697 3989 831 4035 sensum
849 3974 963 4034 tribuit
978 3989 1075 4047 quem
1096 3975 1203 4035 inesse
1223 3975 1343 4035 iudicat

69 4077 175 4138 Schol.
204 4077 230 4135 B
262 4076 303 4137 ad
335 4078 371 4134 K.
407 4079 489 4137 413:
524 4073 574 4152 ,τὸ
606 4072 751 4148 καταλέξω
784 4073 840 4134 οὐκ
870 4072 947 4133 ἔστιν
980 4071 1079 4146 ἁπλῶς
1111 4072 1176 4154 ἐρῶ,
1199 4069 1257 4134 ἀλλ’
1288 4074 1322 4135 εί
1330 4098 1344 4146 ς

67 4178 179 4250 τέλος
211 4186 265 4239 τοῦ
296 4177 385 4255 λόγου
417 4175 598 4253 ἀφίξομαι..
615 4223 641 4235 ..
673 4176 706 4236 τὸ
738 4176 898 4247 διεξελθεῖν
929 4166 1054 4236 οὖντὸν
1078 4175 1167 4255 λόγον
1191 4174 1271 4256 μέχρι
1292 4185 1344 4237 τοῦ

69 4278 250 4358 &relegeret
278 4280 408 4339 —Tali
440 4281 536 4340 huius
564 4280 652 4340 verbi
681 4295 742 4338 usu
774 4283 884 4338 noster
907 4279 1049 4352 proiecto
1073 4280 1149 4353 quin
1183 4280 1344 4338 homerico

1214 4382 1240 4426 ιο
