3104 5286
136 2012 255 2073 Contra
285 2013 432 2073 omnium
464 2015 694 2076 innovatorum
728 2016 889 2090 impetum
919 2015 1060 2089 patriam
1091 2013 1281 2088 religionem
1309 2030 1366 2088 per

89 2115 232 2188 hymnos
267 2115 437 2175 defendere
472 2120 608 2178 conatus
639 2116 741 2177 talem
773 2118 885 2177 tamen
918 2116 1085 2190 religionis
1119 2118 1294 2191 patronum
1329 2132 1364 2176 se

87 2216 230 2291 prodidit
262 2215 496 2292 Callimachus,
530 2222 567 2279 ut
589 2219 772 2293 quicunque
796 2218 941 2278 instituit
963 2218 1133 2293 explorare
1157 2220 1191 2278 et
1214 2219 1365 2293 quamvis

88 2319 211 2393 raptim
249 2318 442 2380 adumbrare
477 2321 580 2394 ipsius
614 2322 729 2396 poetae
763 2319 883 2380 iudicia
917 2319 956 2378 de
990 2319 1087 2378 rebus
1118 2319 1253 2394 divinis,
1290 2319 1365 2392 quid

89 2435 205 2480 revera
228 2420 399 2480 crediderit
418 2437 590 2495 quaerens,
616 2435 835 2495 quemnamve
855 2421 951 2481 deum
976 2419 1148 2480 exanimo
1168 2420 1364 2495 adoraverit,

89 2520 289 2581 subtimidus
313 2522 381 2595 ipse
404 2536 440 2581 se
464 2524 657 2597 interroget:
681 2538 781 2598 „num
804 2521 873 2582 fleri
897 2522 1005 2596 potest
1024 2522 1062 2580 ut
1081 2521 1114 2579 in
1135 2521 1232 2580 huius
1252 2523 1366 2595 poetae

89 2623 236 2682 carmine
266 2624 394 2683 sincera
423 2625 583 2697 quaedam
614 2640 680 2684 vox
710 2624 812 2684 animi
839 2623 1015 2682 audiatur?
1038 2622 1234 2695 Unquamne
1257 2621 1367 2682 licebit

89 2725 226 2784 intimae
248 2723 322 2785 fidei
346 2724 445 2785 verba
467 2741 508 2785 ex
533 2727 602 2785 eius
626 2740 680 2786 ore
700 2726 867 2800 concipere
875 2725 912 2784 ?'’

134 2826 282 2886 Proiecto
312 2827 341 2885 si
369 2826 554 2886 omittimus
577 2827 718 2902 fabulas,
744 2827 891 2887 cultuum
916 2824 1193 2898 enumerationes,
1218 2823 1365 2899 προσκλή-

90 2945 164 3000 σεις,
198 2929 325 2988 restant
357 2943 462 3002 pauca
495 2930 640 3003 tantum,
673 2943 755 3002 quae
791 2927 890 2986 aliam
923 2925 1064 3001 produnt
1094 2924 1236 2984 indolem
1267 2940 1365 2998 quam

90 3029 208 3090 eruditi
239 3030 424 3090 imitatoris.
458 3029 616 3104 Quidquid
647 3030 734 3088 enim
767 3029 890 3103 cogitat
921 3029 1031 3101 sperat
1063 3026 1177 3101 credit,
1207 3026 1238 3085 id
1270 3027 1302 3085 in
1331 3041 1365 3085 re

90 3131 202 3190 divina
224 3146 350 3204 quoque
370 3131 410 3190 ad
430 3130 557 3190 erudita
575 3129 685 3189 studia
703 3130 850 3189 recurrit.
872 3129 1044 3189 Doctrinae
1063 3127 1102 3186 de
1126 3128 1176 3187 dis
1199 3128 1364 3202 audimuS,

90 3232 181 3306 ipsos
222 3231 299 3291 deos
333 3248 398 3292 non
432 3233 591 3291 videmus.
627 3231 785 3305 Exemplo
820 3231 866 3290 sit
899 3230 1044 3303 hymnus
1078 3229 1240 3289 secundus
1274 3229 1366 3289 cuius

90 3332 209 3392 merito
231 3332 382 3393 laudatur
404 3336 519 3393 sancta
542 3332 697 3406 gravitas.
722 3331 965 3391 Aduenientem
987 3331 1084 3390 deum
1105 3330 1184 3390 iacit
1202 3346 1259 3406 per
1278 3331 1365 3390 theo·

88 3434 230 3509 phaniae
253 3433 394 3494 formam
413 3434 677 3506 sanctissimam
698 3432 800 3491 divini
821 3432 966 3491 numinis
987 3432 1211 3505 maiestatem,
1233 3432 1368 3491 luminis

90 3535 244 3595 caelestis
271 3535 444 3610 fulgorem,
478 3536 612 3595 cantum
644 3533 738 3607 cycni
771 3533 994 3592 certissimum
1019 3533 1070 3592 dei
1094 3534 1247 3594 nuntium
1278 3548 1367 3593 accu-

89 3639 161 3696 rate
191 3638 370 3709 memorat;
404 3637 481 3710 quin
509 3638 547 3695 ut
577 3633 782 3710 opinionibus
814 3633 912 3707 vulgo
937 3634 1076 3707 receptis
1099 3634 1138 3694 de
1162 3635 1368 3709 theophaniis

89 3737 283 3797 adversetur
302 3729 333 3813 ¹),
358 3740 429 3798 tam
453 3736 627 3797 incredulis
648 3736 822 3811 respondet
842 3749 940 3808 quarn
960 3735 1049 3793 leves
1069 3734 1219 3794 homines
1239 3737 1368 3795 monet:

313 3835 456 3899 ὡπόλλων
480 3837 516 3900 οὐ
540 3836 629 3897 παντὶ
653 3838 820 3914 φαείνεται,
842 3831 902 3895 ἀλλ’
930 3835 989 3907 ὅτις
1014 3832 1154 3911 tubitet

89 3940 185 4013 quasi
216 3955 345 4000 memor
374 3940 472 4001 fuerit
498 3940 636 4001 Penthei
660 3939 805 4000 Thebani
829 3938 880 3998 cui
904 3937 983 3997 olim
1006 3937 1125 3998 Bacchi
1148 3937 1267 3999 fabulis
1291 3938 1369 3999 diiii·

90 4041 182 4101 denti
207 4055 400 4115 responsum
426 4044 497 4102 erat
519 4041 603 4111 (Eur.
629 4041 742 4102 Bacch.
767 4041 843 4110 502)

126 4273 146 4336 ¹)
165 4275 305 4333 Postquam
333 4275 421 4333 elspss
448 4274 498 4321 luit
523 4277 595 4321 setes
619 4288 670 4334 que
696 4286 755 4320 oum
778 4271 931 4320 mortalibus
957 4271 1080 4318 societate
1109 4270 1147 4318 uti
1171 4272 1297 4334 solerent,
1316 4273 1372 4320 eive

91 4355 193 4401 cunetis
204 4348 276 4416 (Hes.
287 4352 317 4399 ir.
327 4354 375 4400 216
385 4354 439 4409 Ru.)
450 4353 505 4399 slve
514 4353 674 4400 beatioribus
684 4353 764 4399 veluti
773 4351 933 4398 Phaeacibus
948 4349 1034 4408 (Hom.
1043 4353 1063 4406 ζ.
1075 4348 1134 4415 201)
1148 4352 1257 4410 singulis
1270 4355 1368 4399 tuntum

91 4431 240 4481 homiuibus
257 4434 303 4477 sut
319 4432 485 4492 peucioribus
503 4432 546 4480 dei
568 4446 693 4494 oppetere
711 4431 889 4478 credebsutur.
907 4430 999 4490 Itaque
1018 4442 1068 4476 nou
1087 4429 1235 4490 probaverit
1252 4430 1372 4479 deliine·

93 4514 157 4560 chus
171 4511 242 4565 tullo,
257 4511 344 4570 quella
361 4511 442 4559 refert
458 4511 604 4559 Herodotus
621 4512 653 4558 de
668 4509 850 4571 lleuponunis
864 4509 907 4556 lv.
919 4511 958 4557 lb.
978 4512 1050 4572 φάναι
1067 4512 1112 4574 γάρ
1132 4525 1173 4571 σφι
1190 4510 1374 4556 «ovantum

91 4590 239 4639 ’lahaim
256 4594 362 4647 μούνοισι
380 4590 409 4649 δὴ
426 4591 556 4638 dnrxlobar
575 4595 598 4645 le
620 4590 661 4650 vlo
683 4595 776 4653 χώρην,
789 4591 904 4636 ettamen
921 4589 996 4637 iestis
1015 4588 1120 4645 diebus,
1137 4591 1164 4634 et
1179 4589 1206 4636 in
1223 4593 1300 4636 coetu
1317 4590 1373 4649 pio·

92 4683 149 4719 rum
167 4668 251 4716 neoris
268 4667 346 4717 deum
363 4672 483 4718 vocatum
501 4670 592 4718 edesse
609 4683 660 4718 non
676 4672 762 4729 neget.
