3308 5436
716 562 756 620 73

98 743 217 804 κύκνων
251 743 389 826 ἀμήχανα
423 758 463 831 τῷ
496 747 607 826 πλήθει
633 745 668 808 τὰ
700 745 792 827 νέφη,
821 746 873 808 καί
901 747 1107 830 περιελθόντες
1138 747 1190 809 τὸν
1221 747 1298 809 νεὼν
1320 746 1372 808 καί

98 843 190 907 οἱονεί
219 847 408 928 καθήραντες
434 847 528 911 αὐτὸν
548 859 586 934 τῇ
608 849 711 927 πτήσει
734 843 795 910 elac
819 847 918 927 μίντοι
941 859 1075 911 κατιᾶσιν
1098 849 1140 922 είς
1161 847 1214 909 τὸν
1236 857 1290 910 τοῦ
1313 848 1371 911 νεὼ

97 948 288 1036 αερίβολον”,
311 954 384 1014 tum
416 952 654 1014 celebrantibus
677 969 753 1014 cum
776 954 956 1015 citharistis
979 953 1074 1016 deum
1100 952 1287 1015 cantoribus
1309 953 1371 1028 ipsi

99 1065 224 1126 quoque
255 1054 348 1128 cycni
379 1055 534 1116 concinne
565 1056 726 1138 accinunt.
754 1088 794 1099 -
819 1055 921 1116 Multa
952 1069 1047 1130 porro
1078 1054 1241 1116 adiecerat
1269 1054 1369 1114 Heca·

99 1153 192 1214 haene
222 1155 262 1215 de
284 1155 568 1232 Hyperboreorum
594 1157 731 1234 pietate,
752 1160 789 1218 ut
808 1157 875 1219 fere
894 1157 1043 1219 solebant
1070 1157 1140 1217 eius
1163 1156 1282 1218 aetatis
1304 1156 1371 1232 phi·

97 1252 226 1330 losophi
262 1258 346 1332 apud
382 1261 513 1319 exteras
542 1261 657 1333 gentes
687 1257 808 1334 fingere
839 1258 931 1319 illam
961 1258 1208 1334 simplicitatem
1242 1272 1372 1318 morum

98 1355 249 1430 vitaeque
271 1357 464 1420 felicitatem
487 1375 586 1435 quam
610 1361 699 1422 domi
722 1361 844 1422 frustra
866 1361 1066 1436 quaerebant
1087 1354 1118 1430 ¹).

140 1455 360 1546 Callimachus
379 1461 502 1536 scripta
516 1461 673 1523 Hecataei
695 1462 833 1522 minime
856 1461 1054 1538 neglexisse,
1076 1462 1133 1522 sed
1152 1464 1222 1522 arte
1242 1459 1372 1536 egregia

97 1560 130 1619 et
160 1559 303 1620 Graecae
334 1561 500 1636 religionis
527 1566 663 1638 patrone
687 1563 881 1637 dignissima
904 1563 950 1624 ita
973 1563 1156 1639 philosophi
1179 1563 1315 1634 inventa
1337 1562 1371 1621 in

97 1677 196 1723 suurn
225 1677 324 1724 usurn
355 1665 555 1725 convertisse
588 1666 724 1742 videtur,
757 1668 794 1726 ut
824 1666 896 1741 ipsa
927 1665 1110 1726 imitatione
1138 1665 1268 1725 doceret
1297 1678 1372 1724 eam

96 1762 288 1824 felicitatem
313 1780 411 1840 quam
446 1766 530 1841 apud
564 1767 848 1842 Hyperboreorum
882 1767 1015 1842 gentem
1042 1765 1224 1827 fabulosam
1248 1764 1372 1840 quaesi·

97 1866 203 1926 visset
232 1866 300 1942 ille,
332 1866 419 1926 veris
449 1867 500 1928 dei
529 1869 706 1930 cultoribus
735 1870 821 1930 haud
843 1870 891 1929 ita
913 1868 1024 1944 procul
1047 1884 1120 1930 esse
1143 1867 1372 1943 quaerendam.

98 1965 312 2028 Conferamus
335 1968 518 2030 enimcum
538 1970 697 2046 Apollinis
724 1971 808 2032 festo
832 1971 901 2047 illo,
927 1986 989 2046 quo
1013 1970 1156 2046 gaudent
1174 1967 1374 2044 Hyperborei

98 2069 269 2146 Hecataei,
294 2085 368 2131 eam
389 2070 597 2146 epiphaniam
617 2087 716 2147 quam
734 2073 769 2132 in
792 2071 924 2132 laudem
947 2071 1107 2147 Apollinis
1123 2070 1237 2132 (famei
1257 2071 1372 2131 descri-

98 2171 144 2232 bit
175 2170 396 2234 Oallimachus
430 2174 546 2248 hymni
578 2174 611 2233 in
642 2174 827 2250 Apollinem
858 2173 1008 2234 versibus
1037 2173 1162 2249 primis.
1195 2173 1305 2248 Surgit
1332 2173 1372 2233 ad

98 2273 200 2334 animi
224 2273 334 2334 divino
357 2273 471 2335 afflatu
494 2274 571 2336 elati
594 2290 781 2336 sermonem
804 2275 852 2335 sic
874 2274 1077 2336 declamans:

323 2367 397 2435 Οίον
421 2371 437 2435 6
461 2371 653 2447 ιώκιόλλωνος
677 2373 806 2436 ίσείσατο
831 2375 978 2453 δάφνινος
1000 2374 1111 2456 ὄραηξ,

321 2467 371 2536 olet
394 2470 422 2535 6’
449 2474 519 2537 ὅλον
541 2474 574 2537 τὸ
597 2473 758 2558 μέλαθρον·
783 2473 851 2549 ἑκὰς
875 2473 944 2549 ἑκὰς
967 2474 1046 2550 ὅστις
1069 2475 1194 2557 ἀλιτρός.

324 2577 376 2639 καί
399 2578 437 2657 δή
460 2599 521 2641 που
544 2577 580 2640 τὰ
602 2579 735 2660 θύρετρα
758 2584 838 2664 καλῷ
861 2578 933 2641 erodi
959 2579 1072 2658 Φοῖβος
1095 2575 1225 2658 ἀράσσει.

324 2679 379 2760 οὐχ
401 2677 510 2764 ὁράας;
533 2677 691 2743 salvenere
714 2679 730 2743 6
754 2681 864 2760 Δήλιος
886 2677 947 2760 666
969 2703 996 2740 τι
1020 2680 1120 2758 φοῖνιξ

323 2779 479 2861 ἐξαπίνης,
501 2780 517 2844 6
541 2778 574 2843 dl
597 2783 707 2856 κύκνος
731 2782 764 2844 ἔν
787 2780 851 2862 ἠέρι
874 2782 967 2843 καλὸν
991 2780 1090 2843 ἀείδει.

98 2885 160 2946 Hic
191 2885 348 2946 Hecataei
370 2886 442 2960 ipsa
466 2884 564 2945 verba
586 2887 726 2962 spectari
750 2902 813 2946 non
837 2885 945 2960 magis
968 2885 1126 2946 contendo
1157 2898 1257 2958 quam
1280 2882 1374 2942 illum

97 3001 175 3060 prae
205 2986 323 3046 ceteris
354 3001 473 3060 cycnos
504 2986 672 3048 addicasss
703 2986 845 3063 Phoebo,
875 2986 933 3047 sed
957 2985 1194 3061 quodammodo
1217 2984 1374 3045 Hecataei

97 3087 339 3148 narrationibus
359 3087 444 3148 hanc
466 3087 627 3163 Apollinis
650 3087 780 3148 laudem
805 3088 852 3147 ita
874 3088 1005 3164 opponi,
1030 3089 1067 3148 ut
1089 3087 1175 3148 festa
1197 3084 1375 3160 Cyrenaica

98 3190 130 3249 et
159 3189 293 3250 Deliaca
322 3189 500 3250 Helixeeae
529 3189 761 3266 anteferantur,
787 3188 866 3249 illud
890 3189 973 3249 mihi
997 3189 1053 3250 vix
1076 3188 1210 3249 dubium
1234 3187 1372 3263 videtur,

98 3305 175 3350 cum
205 3291 311 3365 cogito
341 3291 437 3366 plane
471 3290 585 3351 eadem
619 3291 744 3351 ratione
774 3305 838 3365 qua
868 3290 1060 3352 felicitatem
1090 3289 1374 3365 Hyperboreorum

96 3393 319 3468 praedicasset
337 3392 536 3454 Hecataeus:
563 3385 659 3468 ,elem
682 3387 710 3452 δ’
737 3391 846 3464 αὐτοὺς
866 3391 964 3471 ὥσπερ
985 3391 1071 3470 ίερεῐς
1091 3414 1173 3463 τινας
1193 3389 1374 3461 Ἀπόλλωνος

98 3492 147 3553 διὰ
183 3492 216 3554 τὸ
250 3492 303 3554 τὸν
329 3493 405 3554 θεὸν
434 3501 543 3554 τοῦτον
572 3488 642 3553 καθ’
674 3488 789 3572 ἡμέραν
820 3488 867 3553 ὑπ’
903 3491 1002 3553 αὐτῶν
1025 3491 1187 3569 ὑμνεῖσθαι
1210 3486 1266 3568 μετ’
1294 3490 1374 3574 ᾠδῆς

98 3603 228 3674 συνεχῶς
250 3593 301 3656 καλ
323 3599 468 3673 τιμᾶσθαι
492 3593 727 3676 διαφερόντως”,
753 3595 990 3657 Callimachum
1017 3596 1118 3656 Delon
1141 3593 1284 3654 insulam
1308 3592 1373 3655 lau-

98 3698 195 3758 dasse
218 3695 283 3769 (IV.
309 3698 384 3769 302)

321 3796 389 3859 οὕτε
413 3795 567 3875 σιωαηλὴν
591 3792 650 3859 olii
677 3795 803 3875 ἅψοφον
827 3788 916 3870 οὖλος
941 3795 1071 3876 ἐθείραις

313 3895 476 3978 Ἕσπερος,
498 3893 558 3958 ἀλλ’
583 3898 644 3959 αἰεί
664 3915 697 3960 σε
716 3896 892 3978 καταβλίαει
916 3896 1114 3978 ἀμφιβίητον.

141 4002 180 4061 In
200 4001 317 4062 ceteris
336 4017 401 4062 non
421 4002 483 4063 fuit
503 4017 560 4062 cur
578 4001 748 4077 Hecataei,
771 4000 953 4062 doctissimi
972 4000 1118 4061 historici
1135 4001 1168 4060 et
1179 4000 1372 4076 periegetae,

98 4101 289 4162 testimonia
305 4103 344 4163 de
364 4103 445 4179 ipsis
464 4103 683 4178 Hyperboreis
702 4106 869 4178 sperneret
889 4102 1118 4164 callimachus.
1139 4101 1223 4162 Nam
1236 4100 1373 4161 eandem

131 4333 151 4400 ι)
168 4337 251 4384 Antea
267 4336 330 4384 talia
347 4339 435 4397 egerat
452 4337 551 4384 (lissiae
568 4338 594 4384 in
613 4338 737 4398 Persicis,
755 4350 838 4397 nuper
854 4337 1034 4396 Megasthenes
1051 4337 1077 4385 in
1091 4337 1199 4392 Indicia,
1217 4337 1373 4396 quibuscum

97 4416 209 4465 conferri
231 4418 354 4478 poterunt
379 4430 445 4476 quae
472 4416 504 4465 de
532 4417 807 4477 Gymnosophistarum
831 4417 971 4477 Galaniqne
991 4417 1118 4479 sapientia
1140 4419 1243 4464 narrata
1262 4415 1373 4464 suntab

97 4496 212 4543 Arriano.
238 4495 426 4544 Historicorum
448 4499 535 4544 aufem
559 4509 648 4544 eorum
673 4495 834 4544 narrationes
859 4509 907 4556 pro
930 4497 997 4545 veris
1018 4497 1101 4558 accipi
1118 4497 1248 4558 solebant,
1269 4497 1373 4543 nonita

97 4575 220 4623 Hecataei
245 4575 377 4623 inventurn
404 4575 436 4623 de
463 4576 649 4638 Hyperboreis,
680 4576 725 4636 qui
749 4575 845 4622 tectim
869 4588 928 4623 cnm
951 4575 1081 4624 Atlantide
1102 4576 1215 4624 Platonis
1248 4576 1288 4622 vel
1314 4587 1373 4622 curn

97 4653 259 4716 Theopompi
276 4645 439 4716 Heropibna,
457 4668 517 4703 oum
534 4656 604 4705 Urbe
619 4656 726 4704 Piorum
751 4655 848 4702 eastris
865 4654 1022 4703 Bellatcrum
1040 4656 1137 4704 Fluviis
1153 4654 1278 4703 Laetihae
1295 4657 1395 4726 atque·

98 4732 213 4794 Dolor-is,
232 4737 427 4792 componentur.
1353 4737 1359 4752 '
