3090 5294
37 463 96 524 III.
124 463 257 523 74-79
659 461 700 522 67

42 649 128 729 ,ἀντὶ
163 660 222 711 τῶι
257 647 449 730 ὀατηρίανᾌ
480 653 625 713 ceterum
660 652 694 711 in
731 653 798 712 vita
832 651 1028 714 Graecorum
1055 651 1207 734 γενέθλιαι
1239 655 1315 718 11155

40 753 138 827 δόσεις
160 755 243 816 55115
264 754 361 837 55155
382 753 431 825 (ci.
456 753 616 814 Bruunnrr
635 753 795 816 11155151.
816 769 846 829 p.
871 754 946 816 282.
969 742 1009 827 7).
1033 755 1116 817 ium
1140 756 1253 835 χαίτη
1277 758 1315 819 55
1429 754 1434 765 ’

40 856 185 918 crinibus
218 855 273 929 qui
306 858 384 917 5551
414 856 446 917 15
481 858 621 932 pectore,
644 850 815 918 vellicanti
839 857 974 918 verbum
998 853 1185 919 ὀλόιττειν
1208 861 1314 922 admo·

41 960 120 1020 dum
150 959 329 1036 insolitum,
361 955 525 1039 ίτριχαν
548 960 632 1033 5551
655 959 763 1035 magis
790 959 989 1033 tragoediam
1013 961 1109 1021 sonat
1131 976 1228 1033 quam
1254 961 1314 1023 Ho-

41 1076 182 1138 merum,
213 1061 350 1134 denique
380 1062 469 1121 totus
499 1076 614 1123 versus
639 1062 680 1123 79
704 1061 878 1123 manifeste
901 1060 1003 1122 allum
1026 1060 1150 1123 fontem
1173 1063 1316 1125 indicant

40 1177 142 1237 quam
177 1177 258 1235 quos
292 1161 376 1223 solet
409 1162 497 1224 adire
527 1164 647 1224 noster.
679 1162 801 1224 Verum
831 1178 872 1223 ne
902 1162 954 1224 hic
981 1163 1111 1236 quidem
1136 1163 1314 1225 Homerum

40 1279 175 1340 prorsus
198 1263 355 1338 neglegit;
380 1264 497 1339 repetit
519 1264 608 1325 enim
631 1279 678 1324 vs.
704 1265 745 1326 73
769 1264 887 1325 Poetae
912 1263 1009 1324 verba
1031 1266 1068 1322 Σ.
1093 1266 1156 1326 555

222 1363 326 1435 παῖδες
349 1363 564 1444 δραγμεύοντες
588 1361 628 1424 έν
651 1362 914 1445 ἀγκαλίδεσσι
937 1361 1139 1444 φέροντες,

40 1470 75 1527 51
111 1467 182 1542 ipsa
215 1465 312 1526 huius
343 1465 405 1526 loci
435 1466 594 1528 memoria
621 1467 736 1527 statim
760 1467 834 1541 post
856 1468 969 1527 movet
992 1481 1069 1527 eum
1093 1468 1130 1527 ut
1153 1467 1193 1528 de
1215 1469 1335 1529 Diana

41 1568 130 1629 dicat
157 1565 278 1644 ,λασίης
298 1563 465 1647 λδραίξαο
485 1566 617 1646 χαίτης”,
640 1568 757 1641 551555
781 1567 888 1628 verbis
908 1568 1075 1630 occasione
1096 1569 1204 1644 oblata
1222 1570 1312 1632 lecto·

41 1686 114 1732 rem
149 1670 188 1730 de
216 1685 292 1730 vero
316 1684 415 1730 sensu
439 1670 528 1731 verbi
548 1670 725 1751 δραγμεύειν
749 1670 1010 1744 substantivique
1034 1668 1150 1750 δράγμα
1171 1674 1218 1743 (Σ.
1243 1673 1317 1743 552)

41 1772 187 1847 edoceat,
219 1771 319 1831 simul
349 1771 474 1832 erudite
491 1772 538 1852 15
570 1772 763 1851 memoriam
787 1773 882 1832 vocet
903 1772 1002 1837 verba
1023 1772 1195 1834 notissima
1218 1772 1318 1846 ιιίνισς

42 1869 243 1954 δεδραγμένος
266 1867 460 1951 αἱματοέσσης
483 1875 533 1944 (Π.
557 1875 642 1950 486;
671 1875 707 1933 Ν.
731 1875 816 1944 893).

87 1974 224 2046 λάσιος
259 1976 371 2035 autem
405 1974 469 2035 5115
504 1990 604 2036 55555
639 1975 855 2036 adhibuerunt
886 1973 1104 2036 callimachus
1130 1975 1319 2050 Apollonius

42 2077 234 2139 Theocritus
267 2091 367 2150 quam
402 2076 564 2138 Homerus
594 2078 692 2151 atque
726 2076 860 2151 antiqui.
895 2076 978 2137 Nam
1014 2092 1090 2138 cum
1131 2079 1318 2138 constanter

43 2179 208 2240 Homerus
241 2177 351 2253 ipsum
385 2180 499 2252 pectus
533 2193 690 2254 corpusve
721 2178 859 2239 dixisset
889 2176 1003 2264 λάσιον,
1025 2178 1193 2256 hirsutum,
1217 2180 1319 2242 veluti

43 2286 167 2360 στῆθος,
191 2276 327 2361 γαστέρα,
350 2275 407 2357 ὅτι,
429 2280 535 2342 551551
557 2281 696 2342 seriores
717 2280 825 2355 ipsam
847 2278 951 2358 χαίτην
971 2275 1317 2361 15551515515515555

43 2384 149 2445 λάσιον
168 2376 199 2454 ¹).
279 2373 283 2379 ’

88 2487 234 2560 Denique
257 2483 377 2558 aliquid
400 2485 549 2560 5511555
572 2499 712 2546 novasse
735 2486 792 2545 aut
816 2483 940 2545 515115
963 2487 1120 2546 novatum
1140 2485 1173 2546 in
1194 2486 1318 2561 epicam

43 2604 141 2651 suam
176 2586 349 2649 dictionem
381 2586 518 2648 libenter
549 2586 712 2661 accepisse
744 2585 963 2647 Callimachus
986 2586 1114 2654 videtur
1136 2602 1211 2649 cum
1235 2588 1315 2649 dice·
1406 2649 1408 2653 ,

42 2695 94 2754 ret
126 2706 174 2751 vs.
208 2691 248 2752 77
285 2685 425 2765 ,είσίτι
459 2686 524 2748 καί
559 2690 661 2748 55νὶ
696 2687 770 2763 Egit
803 2687 1047 2750 accuratissime
1078 2689 1117 2750 de
1149 2690 1317 2751 hac‘voce

43 2791 259 2855 Schneiderus
300 2791 341 2852 ad
378 2790 432 2852 IV.
467 2792 529 2852 189
572 2788 642 2867 ,τὸν
671 2787 757 2850 εἰσέτι
790 2785 906 2869 γαστέρι
941 2788 1067 2866 μάντιν”
1103 2792 1137 2851 et
1171 2791 1318 2852 maxima

42 2895 137 2972 copia
160 2894 383 2969 exemplorum
406 2893 516 2955 docuit
537 2894 570 2953 ln
593 2892 886 2954 Alexandrinorum
910 2892 1000 2967 poesi
1024 2906 1102 2953 mox
1124 2891 1218 2967 plane
1237 2892 1316 2953 nihil

42 2998 204 3058 interesse
238 2996 322 3056 inter
355 2992 396 3054 te
431 2996 464 3057 et
493 2991 588 3054 εἰσέτι.
620 2993 784 3069 originem
815 2995 927 3054 autem
963 2994 1059 3054 huius
1093 3009 1173 3054 usus
1207 2996 1325 3064 noster¹

41 3099 135 3160 locus
168 3097 426 3159 luculentissime
457 3097 615 3171 ostendlt;
649 3097 699 3158 hic
735 3096 822 3156 enim
847 3091 932 3154 είσίτι
954 3080 1007 3154 καί
1035 3104 1093 3155 νῦν
1119 3096 1205 3158 idem
1229 3096 1318 3158 valet

42 3204 143 3275 atque
167 3196 222 3271 ἕως
244 3206 298 3259 τοῦ
321 3205 387 3259 νῦν.
412 3198 500 3275 Quae
523 3199 620 3259 dictio
640 3198 780 3259 formata
804 3200 855 3259 est
878 3213 918 3258 ex
943 3198 1092 3271 analogia
1113 3206 1167 3258 τοῦ
1195 3196 1316 3276 ,ἐξέτι”.

42 3303 222 3364 Videbatur
255 3300 342 3362 enim
376 3300 601 3375 grammaticis
627 3299 854 3361 Alexandrinis
877 3315 941 3360 uno
967 3300 1063 3378 verbo
1087 3300 1120 3360 in
1144 3301 1317 3361 homericis

42 3403 252 3465 scribendum
286 3416 359 3462 esse
383 3403 409 3462 1.
443 3402 515 3462 106.
555 3400 658 3476 Quem
687 3400 796 3462 locum
828 3401 955 3475 spectat
984 3401 1094 3461 noster
1124 3402 1165 3463 11.
1191 3403 1232 3462 47
1265 3403 1316 3474 (51.

41 3505 190 3581 Apollon.
221 3503 322 3565 Rhod.
353 3502 407 3564 IV.
434 3504 515 3578 791;
547 3503 589 3564 ΙΙ.
624 3501 763 3564 78211.
788 3502 864 3579 430,
896 3500 1014 3563 collato
1036 3502 1148 3576 hymn.
1173 3505 1259 3566 hom.
1283 3505 1317 3563 in

43 3609 138 3670 Mero.
164 3607 251 3677 508).
274 3599 305 3676 ²).

88 3800 144 3870 Vs.
171 3798 225 3858 80.
271 3806 310 3881 τῷ
334 3795 411 3874 μάλα
434 3792 586 3874 θαρσαλέη
610 3810 666 3870 σφε
688 3793 757 3855 τάδε
779 3792 955 3875 προσελέξαο
977 3802 1077 3879 τῆμος·

274 3899 455 3976 ,Κύκλωπες
477 3894 569 3975 κάμοί
588 3918 615 3956 τι
639 3895 799 3958 Κνδώνιον
822 3894 849 3956 εἰ
871 3890 898 3957 δ’
924 3892 976 3977 itys
998 3895 1084 3970 τόξον

271 3997 321 4080 ἠδ’
343 3999 409 4073 ἰοὺς
431 3999 535 4078 κοίλην
557 4020 587 4059 τε
609 3999 790 4078 κατακληῖδα
814 3996 964 4078 βελέμνοον

270 4102 394 4175 τεύξατε·
416 4098 545 4182 καὶγὰρ
569 4097 625 4182 ἐγὼ
648 4098 787 4179 Λητωιὰς
810 4099 908 4180 ὥσπερ
931 4099 1085 4161 Ἀπόλλων.
1191 4163 1192 4166 ,

78 4328 98 4394 ¹)
115 4332 179 4393 1555
195 4341 258 4376 τοι-ο
278 4339 368 4374 versus
385 4325 539 4373 documento
557 4328 597 4373 551
613 4327 730 4373 nostrum
746 4337 797 4372 non
816 4325 908 4371 1551555
931 4336 989 4371 cum
1007 4323 1039 4370 115
1057 4322 1101 4383 qui
1122 4323 1155 4368 A.
1174 4321 1221 4368 iss
1240 4322 1327 4397 ’λάσιοι

43 4408 186 4476 (crismon
202 4408 314 4465 λασίοισι)
336 4406 511 4466 metaphorice
531 4405 620 4452 αυτιόι
636 4406 731 4452 curuato
751 4405 989 4465 interpretarentur,
1013 4400 1073 4466 (rid.
1091 4400 1176 4449 fichol.
1193 4402 1228 4446 A.
1247 4401 1318 4466 189),

45 4493 161 4537 ceterum
187 4487 221 4534 51.
245 4485 503 4546 conmunire.
525 4487 581 4533 192.
605 4485 644 4532 De
661 4483 738 4546 55515
761 4489 833 4545 χαίτη
854 4496 903 4531 555
927 4482 1094 4530 5515555555
1111 4480 1185 4540 plura
1202 4478 1320 4525 dicentur

45 4569 163 4617 151555
184 4567 227 4616 1v.
246 4568 286 4614 81.
558 4615 560 4621 s

80 4645 100 4700 ²)
118 4650 158 4697 (li.
176 4647 209 4695 de
227 4647 297 4694 vocis
315 4645 370 4700 ίξίτι
388 4645 521 4693 55515155
539 4643 571 4691 ad
588 4644 622 4691 IL
641 4644 681 4693 47.
