3068 5288
825 444 867 506 66

211 653 337 714 quoque
360 636 430 698 Deli
454 635 569 697 incolis
594 634 765 697 constabat
783 634 813 695 si
833 632 906 708 quis
925 634 1021 708 poeta
1040 633 1173 708 hymnis
1195 634 1326 695 fabulas
1342 634 1490 697 Deliacos

210 742 354 814 ornaret,
396 740 430 799 et
464 738 605 812 gratiam
643 737 762 798 referre
801 735 949 796 sciebant
987 734 1143 813 insulani,
1180 736 1267 797 sicut
1297 736 1489 799 Damotelen

209 840 365 915 Aeschyli
395 838 500 898 filium
534 838 695 900 Andrium
728 841 860 914 poetam
893 837 1014 913 insigni
1048 837 1143 897 laude
1178 837 1304 912 dignati
1341 842 1421 901 sunt
1457 843 1488 901 et

210 958 330 1006 corona
358 941 470 1001 laurea
499 940 703 1001 donaverunt
735 935 856 1016 ,ἐπειδὴ
888 934 1145 1018 ἐπεπραγμάτευτο
1174 937 1242 1020 περί
1273 937 1307 1000 τὸ
1333 938 1417 1020 ίερὸν
1439 938 1486 1001 καί

209 1041 265 1122 τὴν
295 1041 383 1104 πόλιν
411 1049 472 1101 τῶν
499 1039 620 1120 Δηλίαν
647 1037 697 1101 ιταί
720 1038 790 1113 τοὺς
814 1038 935 1118 μύθους
958 1038 1028 1113 τοὺς
1052 1036 1227 1122 ἐπιχωρίους
1251 1038 1445 1123 ἐγεγράφει”.
1467 1037 1486 1115 ¹)

255 1244 495 1308 Pentetericam
522 1258 677 1320 pompam
700 1258 720 1304 a
743 1241 940 1319 Ptolemaeis
963 1243 997 1304 in
1020 1243 1128 1304 insula
1150 1259 1245 1306 sacra
1267 1246 1376 1307 denuo
1400 1246 1485 1307 insti·

211 1351 319 1411 tutam
353 1349 497 1422 hymnus
527 1345 691 1421 Deliacos,
724 1344 795 1405 sive
826 1344 866 1405 ad
898 1345 1007 1420 ipsum
1038 1345 1159 1406 festum
1191 1348 1396 1423 compositus
1419 1348 1486 1408 siva

210 1452 294 1513 aliae
324 1449 486 1511 occasioni
509 1448 693 1508 destinatus
713 1446 863 1522 plurimis
887 1445 1028 1507 celebrat
1050 1446 1214 1522 versibus;
1239 1463 1302 1522 quo
1328 1449 1485 1524 carmine,

210 1553 360 1629 exemplo
392 1550 507 1625 hymni
534 1548 691 1610 homerici
721 1548 851 1624 ductus,
884 1550 981 1624 poeta
1002 1548 1185 1622 mythicam
1208 1551 1313 1611 sacris
1341 1550 1408 1611 illis
1431 1551 1487 1612 ori·

210 1657 319 1732 ginem
343 1653 483 1728 quaerit,
508 1653 541 1711 et
563 1652 724 1725 quantum
746 1665 803 1725 per
826 1649 1017 1709 eruditionis
1041 1650 1168 1725 copiam
1192 1654 1250 1712 aut
1269 1668 1328 1728 per
1347 1653 1487 1715 feracem

210 1756 434 1818 inventionem
467 1752 557 1813 valet
587 1752 696 1832 γροίφει
725 1749 795 1823 τοὺς
818 1747 994 1830 ἐπιχωρίους
1016 1750 1145 1827 μύθους.
1169 1753 1249 1814 Nolo
1274 1755 1388 1817 omnia
1411 1756 1486 1817 indi·

211 1875 284 1922 care
315 1872 397 1933 quae
427 1856 468 1916 ad
498 1870 592 1915 sacra
613 1854 744 1915 Deliaca
767 1853 912 1914 ornanda
934 1853 1155 1929 suppeditavit
1178 1853 1381 1918 Callimacho
1405 1859 1487 1919 mira

210 1961 401 2023 eruditionis
432 1956 644 2030 abundantia;
678 1971 760 2030 quae
788 1955 1006 2031 praetermitti
1030 1970 1096 2016 non
1117 1959 1269 2034 possunt,
1294 1962 1485 2036 sequuntur,

210 2066 244 2125 et
274 2079 312 2124 eo
343 2059 497 2121 libentius
528 2075 566 2119 ea
595 2057 755 2119 adducam
787 2059 863 2132 quia
894 2059 1051 2119 eximiam
1083 2059 1247 2132 quandam
1280 2061 1486 2122 consociandi

209 2168 316 2226 artem
336 2164 369 2222 in
388 2163 484 2237 poeta
503 2160 712 2236 patefaciunt.
737 2160 808 2220 Nou
828 2160 916 2220 enim
936 2160 989 2220 hic
1008 2159 1154 2221 obruitur
1173 2161 1341 2223 doctrinae
1354 2162 1485 2239 divitiis,

210 2267 268 2328 sed
291 2265 474 2326 adiuvatur.

255 2367 333 2429 Erat
367 2366 451 2425 inter
486 2363 538 2423 dei
567 2362 761 2436 cognomina
792 2377 895 2422 unum
926 2362 1011 2435 quod
1041 2362 1095 2423 vel
1126 2363 1274 2425 maxime
1304 2365 1485 2427 detrectare

210 2467 331 2530 Deliaci
362 2465 413 2527 dei
444 2464 637 2539 dignitatem
660 2462 847 2524 videbatur:
876 2467 1038 2542 Λυκηγενη
1062 2479 1159 2539 saepe
1182 2480 1259 2525 eum
1286 2465 1485 2527 salutabant.

210 2570 291 2647 Quid
314 2568 377 2628 sibi
395 2566 495 2627 vellet
514 2565 575 2625 hoc
593 2565 773 2640 epitheton,
786 2566 838 2626 'de
858 2580 897 2625 ea
913 2581 948 2625 re
970 2566 1113 2641 profecto
1137 2566 1215 2626 olim
1239 2567 1298 2626 vix
1321 2568 1484 2629 dubitavc-

209 2675 262 2734 rat
283 2671 461 2744 Homerus,
487 2682 561 2727 cum
582 2656 767 2726 Pandarum
787 2666 955 2727 hominem
975 2667 1112 2741 Lycium
1132 2665 1305 2746 Λυκηγενέϊ
1321 2669 1484 2754 κλυτοτόξῳ

209 2772 447 2848 supplicantem
482 2768 624 2829 iecisset.
659 2767 781 2829 Deinde
813 2784 889 2829 vero
920 2769 997 2843 quid
1028 2769 1061 2829 in
1092 2770 1154 2830 hoc
1176 2771 1309 2831 nomine
1334 2771 1484 2848 luserint,

209 2871 465 2946 inventaverint,
487 2869 758 2944 investigaverint
777 2872 892 2945 poetae
912 2872 1010 2944 atque
1030 2872 1252 2948 grammatici,
1266 2874 1339 2935 sive
1352 2874 1485 2949 Lycium

209 2977 280 3036 sive
314 2975 458 3047 Lyceum
492 2970 642 3031 dicebant
676 2971 788 3048 deum,
825 2972 857 3032 id
891 2972 1043 3033 omnibus
1074 2976 1190 3034 notum
1222 2967 1329 3045 est.²)
1363 2975 1486 3036 Sufficit

209 3075 334 3137 scholia
363 3075 398 3133 in
427 3073 563 3134 Diadem
594 3073 758 3148 evolvere,
793 3088 875 3147 quae
907 3073 936 3134 si
964 3089 1029 3135 non
1051 3075 1313 3153 Aristarcheam,
1339 3080 1485 3138 attamen

211 3174 468 3237 Alexandrinam
490 3174 672 3235 doctrinam
696 3174 835 3235 reddunt
858 3175 914 3247 (ad
925 3177 961 3234 Δ.
981 3176 1071 3247 101):
1098 3173 1305 3256 ,Λυκηγενίϊι
1330 3174 1364 3238 ἐν
1386 3178 1485 3261 Aonia

211 3273 370 3362 γενομένῳ·
394 3272 615 3352 ἀψευδέστατον
634 3274 691 3355 γάρ
711 3272 790 3336 ἐστιν
810 3273 891 3356 ἱερὸν
910 3276 1092 3351 Ἀπόλλωνος
1111 3275 1144 3338 ἐν
1164 3277 1274 3362 Λυκίᾳ.
1293 3275 1313 3358 ἢ
1334 3277 1380 3340 ὅτι
1398 3280 1485 3352 λιίιιος

210 3376 341 3460 ἡγήσατο
364 3375 436 3455 μετὰ
458 3374 509 3451 τὰς
533 3374 643 3450 ὠδῖνας
666 3382 778 3455 Λητοῖ,
801 3376 872 3438 ὥστε
895 3382 1108 3457 καθαρθῆναι,
1134 3378 1175 3453 είς
1198 3378 1250 3441 τὸν
1274 3378 1432 3460 Ξάνθον,”
1455 3385 1485 3443 et

211 3483 307 3559 paulo
331 3480 429 3541 infra:
457 3484 639 3559 ,Λυκηγενῆ
660 3478 752 3541 αὐτὸν
771 3480 1012 3559 προσηγόρευσεν
1034 3479 1089 3560 οὐχ
1108 3478 1148 3554 ὡς
1171 3479 1204 3542 ἐν
1227 3481 1330 3566 Λυκίᾳ
1349 3504 1485 3564 γεγεννη

212 3582 311 3662 με’νον·
342 3578 397 3654 ἔξω
426 3581 482 3661 γάρ
510 3579 569 3642 ἐστι
595 3589 647 3660 τῆς
662 3576 823 3660 Ὁμηρικῆς
847 3578 1042 3662 ἀναγνώσεως
1065 3579 1081 3643 ὁ
1104 3582 1245 3664 νεώτερος
1268 3575 1356 3658 οὗτος
1379 3590 1485 3664 μῦθος·

211 3680 271 3746 ἀλλ’
297 3683 409 3762 ὥσπερ,
432 3675 528 3761 οἶμαι,
550 3680 606 3760 τὴν
628 3677 742 3763 ἡμέραν
762 3679 931 3763 ἠριγένειαν
951 3679 1088 3761 ὀνομάζει
1106 3682 1161 3762 τὴν
1179 3682 1213 3745 τὸ
1232 3675 1306 3764 ἦρος
1323 3696 1486 3767 γεννῶσαν,

212 3784 342 3849 τουτέστι
352 3782 404 3844 τὸν
417 3781 542 3863 ὄρθρον,
553 3783 631 3845 οίίτω
642 3789 791 3865 ίυιιηγενῆ
804 3782 856 3844 τὸν
868 3783 954 3863 ἥλιον
964 3785 1217 3866 προσηγόρευσεν,
1233 3784 1336 3866 ἐπειδὴ
1348 3797 1402 3849 τοῦ
1414 3786 1485 3849 κατὰ

212 3890 267 3968 τὴν
290 3886 416 3967 ὄρθριον
440 3884 522 3965 ὥραν
544 3889 714 3966 ίυκαυγοῦς
730 3885 827 3959 αὐτός
852 3884 930 3947 ἔστιν
950 3886 1073 3959 αίτιος.”
1103 3887 1162 3966 Qui
1180 3888 1277 3964 paulo
1297 3890 1484 3953 interiorem

211 3991 334 4053 habent
363 3988 555 4049 Callimachi
573 3987 726 4049 notitiam
755 3988 871 4049 statim
902 3990 1080 4050 concedent
1109 3990 1262 4051 ultimam
1286 4006 1368 4054 sane
1390 3995 1484 4056 huius

212 4091 416 4170 cognominis
445 4089 696 4166 explicationem
727 4090 797 4151 sive
824 4090 978 4152 eomodo
1001 4107 1064 4165 quo
1089 4092 1143 4153 hic
1166 4092 1243 4153 data
1265 4096 1318 4154 est
1344 4097 1483 4173 accipias

212 4198 285 4258 sive
302 4195 367 4256 lace
388 4193 527 4268 pendam
550 4194 648 4253 deum
668 4192 904 4270 interpretaris,
926 4208 991 4253 non
1010 4192 1129 4255 habere
1151 4195 1236 4268 quod
1258 4210 1336 4256 eum
1356 4202 1483 4274 poetam

211 4310 409 4373 magnopere
434 4293 563 4356 allicere
592 4294 706 4369 possit.
731 4294 841 4369 Neque
863 4295 952 4355 enim
974 4295 1022 4356 ita
1037 4296 1230 4372 simpliciter
1248 4296 1415 4375 Apollinis
1432 4315 1483 4361 nu·

154 4579 156 4583 Α
247 4538 267 4606 ¹)
285 4540 354 4589 Ball.
373 4538 438 4587 Gerr.
456 4537 524 4585 Ητίί.
544 4536 559 4584 Ι
565 4536 591 4585 V.
609 4540 667 4586 346.

244 4617 267 4688 ²)
283 4622 350 4681 Apte
367 4618 451 4666 varias
467 4617 603 4677 opiniones
621 4617 725 4676 collegit
741 4619 876 4668 Dlimmlar
892 4621 918 4667 in
935 4620 1072 4670 Wissouas
1088 4621 1183 4670 Lexico
1199 4622 1233 4669 11.
1251 4624 1301 4672 col.
1319 4626 1361 4673 59.
