3068 5288
667 448 708 508 23

45 636 181 709 ceteros,
205 634 322 708 quibus
338 651 394 710 per
416 637 523 696 totum
546 635 657 698 orbern
680 640 842 699 terrarum
866 639 985 713 gaudet
1004 641 1164 717 ArtemiS,
1190 643 1318 704 coniun-

43 738 109 812 gat,
135 736 213 810 quin
237 736 340 797 immo
362 736 487 812 Virgini
505 739 663 799 venatrici
684 754 723 798 ea
747 755 872 814 quoque
896 756 1032 802 munera
1052 744 1214 819 conciliet,
1236 761 1318 819 quae

43 852 61 898 a
79 837 217 912 virginis
233 836 348 898 officiis
372 840 558 912 ceteroquin
578 839 685 900 aliena
705 855 776 901 esse
797 842 978 904 videantur.
1002 842 1124 905 Dianae
1144 847 1320 907 venatricis

41 939 166 1015 laudes,
188 941 358 1012 questam
382 940 461 1000 deae
481 941 577 1000 rebus
597 940 699 1016 gestis
719 943 880 1002 enarratis
901 942 1080 1018 amplificat
1097 951 1137 1017 (v.
1153 948 1319 1018 98-112)

41 1056 139 1115 quam
158 1041 293 1101 adiectis
313 1040 490 1101 illustrium
506 1043 723 1103 venatricium
743 1044 930 1104 nominibus
952 1048 1046 1106 ornat
1059 1051 1100 1117 (v.
1115 1049 1316 1124 aee-220),

40 1142 194 1204 facillime
218 1142 259 1202 ad
281 1142 455 1202 Arcadiam
479 1142 592 1218 refert,
619 1143 763 1218 pluribus
787 1145 826 1205 de
850 1145 1004 1205 Atalante
1025 1163 1123 1221 quam
1143 1150 1183 1210 de
1202 1151 1319 1211 ceteris

39 1244 191 1304 omnibus
214 1243 387 1303 disserens.
416 1235 436 1313 ¹)
468 1243 590 1304 Verum
622 1245 697 1319 quid
722 1246 760 1306 de
784 1261 823 1306 ea
845 1247 1018 1307 dicendum
1042 1251 1126 1326 erat,
1152 1267 1234 1326 quae
1257 1252 1319 1313 fuit

42 1346 189 1422 ,Lucina
218 1344 443 1405 dolentibus’'?
476 1345 623 1406 Reticere
653 1347 797 1407 enimin
822 1349 945 1422 hymno
976 1349 1098 1429 Dianae
1128 1355 1256 1414 sacrato
1280 1370 1319 1414 ea

40 1462 191 1523 munera,
216 1448 346 1523 propter
366 1462 448 1520 quae
469 1449 561 1508 tanto
581 1449 703 1509 eratin
723 1449 844 1510 honore
865 1451 950 1525 apud
969 1452 1134 1529 aequales,
1156 1469 1221 1515 non
1233 1456 1318 1516 vole·

39 1549 102 1610 bat.
124 1548 214 1624 Vide,
235 1564 335 1622 quam
354 1564 469 1624 parum
486 1549 517 1608 id
531 1551 607 1623 agat
624 1548 852 1626 callimachus,
867 1554 903 1611 ut
916 1552 1058 1628 theologi
1070 1555 1141 1614 vice
1154 1555 1317 1631 fungatur.

39 1653 128 1712 Licet
146 1652 345 1726 potestatem
364 1657 415 1726 τῆς
435 1649 614 1727 λοοιζώνοο,
639 1666 737 1725 quarn
758 1653 866 1728 populi
886 1651 967 1714 fides
987 1670 1025 1716 ac
1044 1654 1131 1716 fictio
1147 1658 1318 1732 poetarum

40 1753 161 1813 Dianae
184 1751 332 1826 mandat,
359 1764 434 1810 cum
457 1751 581 1812 lanaria
605 1752 683 1812 deae
707 1755 825 1813 natura
848 1755 1020 1816 cohaerere
1040 1761 1195 1820 censeant
1217 1759 1316 1835 philo-

39 1855 132 1929 sophi
156 1855 254 1927 atque
276 1855 391 1928 poetae
406 1856 496 1913 —ut
519 1868 555 1914 se
578 1869 710 1915 censere
731 1856 873 1917 ostendit
892 1857 1060 1933 Euripides
1079 1857 1133 1937 τήν
1152 1860 1318 1940 φωσφόρον

39 1953 112 2014 θεὸν
134 1955 248 2014 eodem
267 1956 379 2014 tenore
399 1954 565 2029 puerperis
582 1969 692 2015 caram
705 1955 830 2016 dicens:
847 1955 920 2032 ,τὰν
933 1954 1054 2037 εόλοχον
1067 1959 1212 2039 οὐρανίαν
1224 1962 1317 2036 τόξων

40 2052 227 2132 μεδὲοοοαν”
249 2055 355 2130 (Hipp.
379 2057 452 2125 166)
468 2049 771 2125 i—Oallimachus
790 2058 871 2118 talia
890 2060 1171 2136 philosophemata
1190 2079 1319 2140 semper

39 2158 172 2233 sprevit.
198 2157 293 2233 Quin,
317 2171 358 2216 ne
382 2171 468 2217 vana
491 2157 758 2233 philosophentur
777 2159 832 2232 qui
851 2161 1010 2222 mirantes
1030 2167 1161 2241 rogent,
1184 2166 1317 2240 quinam

40 2259 106 2321 fleri
130 2259 281 2336 potuerit,
301 2260 339 2319 ut
358 2255 510 2335 παρθένος
530 2254 606 2337 ἁγνή
627 2259 726 2319 simul
744 2259 790 2320 sit
808 2260 905 2339 λοχεία
924 2263 958 2322 et
976 2263 1194 2343 κουροτρόφος,
1212 2268 1318 2342 ipsam

42 2362 118 2424 facit
141 2363 236 2422 deam
260 2362 465 2437 monentem,
489 2361 552 2420 sibi
575 2361 706 2434 quidem
730 2361 795 2422 alia
813 2378 950 2424 munera
968 2365 1143 2442 placuisse,
1165 2368 1226 2428 hoc
1249 2370 1317 2429 tan·

42 2467 111 2523 tum
135 2463 318 2545 suscepisse
342 2465 513 2538 tamquam
537 2461 682 2523 debitum
706 2464 790 2538 grati
814 2464 916 2525 animi
939 2464 1083 2527 officium
1107 2472 1166 2538 (vs.
1192 2471 1258 2540 20):

264 2560 407 2644 ,οὔρεσιν
431 2563 550 2642 οίκήσοο·
574 2562 694 2625 πόλεσιν
717 2559 745 2624 ‹i‘
772 2562 941 2643 ἐπιμίξομαι
965 2564 1083 2647 ἀνδρῶν

265 2675 380 2743 μοῦνον
404 2661 440 2728 ὅτ’
468 2662 595 2749 όξείήσιν
618 2661 667 2726 ὑπ’
694 2663 831 2727 ὠδίνεσσι
854 2673 992 2748 γυναῖκες

263 2767 428 2849 τειρόμενοι
451 2765 590 2829 καλέουσι
613 2768 764 2847 βοηθόον,
790 2763 841 2853 ήσί
861 2791 896 2847 με
920 2772 1038 2850 Μοῖραι

262 2869 438 2951 γειναμένην
461 2870 494 2931 τὸ
517 2880 635 2949 πρῶτον
659 2869 866 2950 ἕκεκλήροισαν
889 2869 1026 2954 ἀρήγειν,

263 2972 321 3033 ὅττι
344 2995 379 3051 με
402 2971 452 3033 καί
475 2972 613 3034 τίκτουσα
633 2971 683 3033 καί
708 2971 763 3034 οὐκ
787 2971 902 3053 ήλγήσεΙ
918 2973 1053 3055 φέρουσα

260 3075 369 3155 μήτηρ,
392 3070 450 3135 ἀλλ’
478 3072 602 3156 ἀμογητί
627 3075 723 3151 φίλων
746 3073 920 3154 ἀπεθήκατο
944 3077 1069 3158 γυίων”.

81 3179 210 3254 Frigido
233 3180 313 3241 haec
336 3180 507 3254 argutatur
529 3180 638 3254 poeta,
664 3180 699 3238 at
721 3179 924 3255 doctissime;
946 3196 1024 3241 nam
1047 3179 1176 3240 Pindari
1196 3183 1314 3256 premit

39 3281 176 3355 vestigia
205 3280 326 3341 Dianae
356 3281 508 3355 ilithyiae
539 3278 645 3341 officia
676 3297 751 3341 cum
782 3281 892 3342 Parcis
916 3282 1133 3357 coniungens,
1162 3282 1314 3343 Thebano

38 3382 125 3441 enirn
148 3382 262 3456 poetae
287 3382 420 3456 ilithyia
443 3382 534 3442 audit
556 3380 701 3461 πάρεδρος
728 3384 850 3461 Μοιρᾶν
873 3383 1081 3463 βαθυφρόνων
1096 3376 1127 3454 ³).
1161 3385 1222 3444 Sed
1246 3385 1312 3444 iam

72 3526 89 3588 Ι)
107 3529 224 3587 Gyrenmr
249 3527 311 3574 alibi
337 3531 423 3573 cantat
447 3527 573 3587 pluribus.
596 3528 700 3575 Procrin
724 3532 750 3575 ct
770 3529 906 3577 Atalanten
924 3531 1074 3578 coniunctas
1091 3532 1201 3579 fortasse
1218 3533 1316 3579 invenit

38 3609 62 3654 in
79 3607 186 3667 antiqno
203 3606 320 3666 catalogo
338 3606 475 3653 mulierum
494 3607 538 3664 (cf.
557 3607 672 3668 Xenoph.
698 3605 753 3654 Vera.
770 3609 808 3654 18.
826 3606 876 3671 ia),
893 3609 940 3655 sed
954 3610 1070 3656 Anticlea
1088 3624 1171 3670 neque
1186 3610 1248 3669 qnid
1266 3611 1315 3657 sibi

38 3687 112 3747 velit,
130 3699 215 3746 neque
233 3689 320 3733 utrum
339 3685 420 3733 Ulixis
435 3689 518 3733 mater
535 3700 567 3732 an
585 3686 634 3733 alia
652 3687 779 3746 quaedam
799 3688 959 3747 designetur,
976 3689 1057 3736 video.
1075 3691 1138 3736 Nam
1157 3703 1215 3736 cnm
1231 3691 1315 3737 Sohir-

38 3779 108 3814 mero
124 3766 225 3825 (Bosch.
239 3765 300 3813 Lex„
318 3765 334 3812 i.
344 3762 379 3827 ν.)
397 3778 429 3813 ex
442 3765 572 3823 Odysseae
585 3770 605 3812 a.
617 3766 664 3813 1⁷2
679 3764 705 3830 (ή
716 3766 826 3829 ’Λρτιμις
835 3769 943 3830 ἰοχέαιρα
952 3763 1087 3827 οίςὰγανοτς
1095 3769 1212 3830 (τελέεσσιν
1221 3774 1314 3828 lunayo·

36 3846 92 3905 μόνη
106 3844 256 3906 mannaan)
270 3844 374 3892 efficere
392 3848 421 3892 nt
435 3847 548 3892 Homero
565 3847 621 3906 ipsa
637 3859 740 3907 qnoque
758 3847 874 3895 Anticlea
888 3849 1004 3895 venatrix
1019 3850 1073 3895 risa
1087 3850 1129 3903 sit,
1144 3848 1170 3894 id
1186 3849 1248 3895 mihi
1260 3850 1315 3909 qni·

37 3922 94 3972 dem
112 3923 226 3970 nondum
244 3924 358 3983 eonaigh.
369 3951 399 3959 -
417 3926 456 3971 An
474 3925 540 3972 torte
555 3926 619 3972 haee
638 3925 670 3972 de
688 3929 816 3974 senatrice
834 3927 950 3974 Anticlea
968 3927 1056 3974 fabula
1073 3927 1193 3974 cohaeret
1207 3940 1265 3975 curn
1284 3942 1314 3976 eo

37 4002 105 4062 qnod
120 4002 240 4060 Autolyci
255 4004 383 4050 venatoris
397 4003 450 4050 fllia
466 4017 523 4051 oum
541 4005 652 4065 Sisypho
667 4018 721 4052 rem
736 4004 859 4052 habuisse
873 4009 899 4053 et
908 4006 962 4053 sive
971 4006 997 4053 in
1006 4005 1104 4067 Ithaca,
1113 4007 1166 4053 aive
1176 4006 1202 4052 in
1211 4007 1316 4054 Euboea

33 4097 78 4144 per
98 4084 190 4128 ιιιοκίτε
205 4079 261 4130 duaa
279 4085 390 4143 ναοαίνν,
406 4083 488 4131 tilium
506 4084 598 4132 Ulixen
617 4085 749 4145 peperisse
767 4084 902 4132 dicebatur
918 4081 1055 4147 (Lycophr.
1072 4098 1110 4132 vs.
1129 4085 1203 4142 784)θ

69 4160 206 4208 Atalanten
232 4161 356 4209 Arcadiae
383 4165 469 4209 servat
494 4163 667 4210 callimachus
690 4177 748 4210 curn
777 4177 813 4210 vs.
832 4165 880 4211 aia
898 4163 960 4211 Iasii
983 4165 1063 4211 tiliam
1084 4164 1148 4212 dicit
1164 4177 1230 4227 eam,
1247 4178 1314 4225 qnae

37 4240 150 4287 Hesiodo
168 4240 253 4288 fuerat
270 4240 324 4288 dlis
342 4241 475 4289 Schoenei.

68 4314 207 4378 ’JDiaerte
229 4321 392 4380 antiquorum
414 4321 561 4368 testimonia
587 4323 668 4368 refert
684 4322 839 4369 Plutarchus
860 4321 950 4385 (Syap.
961 4318 1016 4371 ‘111.
1036 4325 1075 4371 10.
1086 4325 1139 4381 Idi:
1160 4325 1234 4380 „don
1251 4318 1314 4383 οἶμαι

36 4401 73 4444 καί
91 4399 133 4458 τήν
150 4399 263 4464 Ἄρτεμιν
287 4405 382 4461 λυχνίαν
404 4402 442 4447 καί
465 4403 607 4456 Εἰλείθυιαν,
630 4405 673 4449 οὐκ
691 4397 764 4449 οὖσαν
783 4402 863 4467 aspa.
881 4401 894 4463 ή
912 4402 953 4462 τήν
969 4407 1074 4464 Σελήνην,
1092 4400 1257 4462 όννυμάσθαν”.
1276 4404 1316 4452 Of.

37 4478 148 4526 timoth
166 4478 382 4540 faathtPoet.
395 4475 593 4543 Lyr.111.eao):
612 4481 651 4528 διὰ
669 4484 765 4528 κυάνεον
779 4483 851 4527 πόλον
867 4481 959 4547 ἄστρων
976 4483 1015 4530 διό
1032 4483 1051 4529 a'
1067 4486 1192 4531 ὠκυτόκοιο
1211 4486 1316 4543 σελάνας,

70 4552 90 4614 ⁸)
108 4556 174 4605 Nem.
192 4559 249 4607 VII.
268 4562 291 4607 1.
308 4560 340 4608 of.
365 4557 402 4608 Ol.
421 4556 463 4606 Vl.
481 4561 511 4607 41
541 4568 592 4622 ,νή
614 4562 658 4618 μὶν
680 4562 692 4608 ό
715 4563 873 4625 Χρυσοκόμας
894 4561 1027 4627 πραΰμητίν
1050 4562 1068 4611 l
1090 4563 1225 4610 Ἐλείθυιαν
1245 4564 1313 4627 παρό·

40 4637 126 4686 masis
143 4653 167 4685 ar
187 4641 289 4704 Molpea.
