3104 5296
63 446 120 507 iv.
149 448 326 507 lov-110
682 448 742 507 135

62 634 192 695 dictum
223 636 262 696 de
292 635 402 695 animo
432 635 534 695 fracto
560 651 602 696 ex
633 636 724 694 metu
747 635 816 695 sive
839 634 956 696 dolore.
982 638 1108 698 Adiecit
1131 653 1170 698 ne
1198 639 1343 697 errarent

61 735 206 796 lectores
239 756 287 811 ,τε
316 733 368 795 καὶ
398 735 554 819 ᾤκτισας”,
587 737 818 811 interpretatus
849 737 1069 800 additamento
1101 740 1235 800 verbum
1258 740 1342 812 quod

62 838 131 899 alio
160 853 260 899 sensu
289 853 390 913 quam
412 839 574 900 Homerus
598 838 752 899 adhibuit.
786 839 875 915 Quod
898 840 1021 900 iaciens
1043 841 1179 902 forsitan
1201 841 1344 901 tennerit

61 940 228 1001 memoria
257 940 460 1015 praeclarum
487 940 594 1001 locum
618 939 763 1000 Platonis
787 942 820 1001 in
844 941 1006 1002 Phaedone
1026 944 1100 1013 (117
1124 943 1161 1012 D)
1189 941 1341 1016 ,Ἀπολλό-

61 1040 164 1119 δωρος
185 1036 217 1100 δὲ
240 1037 290 1100 καὶ
313 1038 344 1101 ἐν
367 1050 407 1124 τῷ
430 1039 601 1120 ἔμπροσθεν
624 1038 720 1125 χρόνῳ
744 1038 833 1102 οὐδὲν
858 1040 981 1103 ἐπαύετο
1006 1042 1145 1122 δακρύων
1164 1040 1215 1101 καὶ
1234 1040 1272 1119 δὴ
1292 1040 1342 1102 καὶ

59 1141 130 1202 τότε
150 1139 433 1221 ἀναβροχησάμενος
452 1141 563 1201 κλαίων
580 1139 630 1202 καὶ
642 1138 818 1220 ἀγανακτῶν
831 1140 941 1203 οὐδένα
955 1142 1056 1203 ὅντινα
1068 1144 1104 1205 οὐ
1125 1167 1171 1203 κα
1180 1166 1194 1203 τ
1203 1140 1242 1203 ἐκ
1251 1147 1266 1202 l
1275 1167 1294 1202 α
1303 1161 1342 1204 σε

59 1253 126 1304 τῶν
151 1243 338 1320 captured&
362 1246 407 1305 At
428 1244 461 1304 in
486 1259 521 1304 re
543 1244 762 1305 incertissima
786 1244 865 1306 nihil
888 1261 945 1321 pro
969 1249 1056 1306 certo
1077 1245 1318 1306 affirmaverim.

110 1354 234 1424 τῆμος
264 1348 298 1407 et
327 1347 437 1407 hicet
469 1346 526 1406 111.
552 1347 593 1406 80
622 1345 717 1406 aliter
740 1347 872 1407 adhibet
898 1362 996 1420 quam
1020 1347 1145 1408 solebat
1169 1347 1341 1423 Homerus,

58 1449 123 1522 qui
158 1450 215 1508 aut
245 1447 426 1522 praemittit
455 1436 530 1524 ἦμος
561 1449 618 1507 aut
648 1447 695 1507 ita
717 1448 836 1508 saltem
859 1449 950 1522 pouit
977 1449 1175 1510 sententiam
1199 1451 1236 1508 ut
1260 1450 1340 1522 eogi-

58 1550 166 1610 taudo
193 1549 314 1609 adicias
336 1549 521 1610 relativum.
550 1549 602 1608 ita
625 1548 787 1608 Hesiodus
810 1556 937 1623 qnoque
960 1551 1037 1611 iecit
1064 1551 1138 1625 Opp.
1163 1553 1238 1627 557,
1265 1552 1339 1612 607.

56 1652 185 1713 Noster
197 1667 273 1712 vero
285 1653 342 1712 111.
353 1652 395 1712 80
403 1670 411 1727 ;
423 1651 477 1711 IV.
489 1652 562 1724 147,
576 1651 622 1711 ita
633 1658 724 1727 τῆμος
737 1652 867 1725 scripsit
878 1652 972 1724 quasi
984 1652 1071 1712 idem
1084 1653 1208 1713 valeret
1219 1668 1257 1714 ao
1270 1652 1342 1729 τότε,

58 1754 116 1823 (cf.
131 1752 322 1829 Apollonius
342 1753 442 1813 Rhod.
466 1752 519 1812 IV.
546 1753 630 1822 252).
653 1750 771 1812 Contra
794 1753 827 1811 in
851 1767 888 1812 eo
914 1768 1009 1813 versu
1033 1754 1072 1815 de
1092 1769 1154 1826 quo
1174 1769 1259 1814 nunc
1278 1755 1341 1829 agi·

56 1871 153 1931 mus,
182 1856 277 1917 modo
308 1854 597 1919 Wilamovvitzium
628 1854 752 1929 audias,
780 1856 854 1928 post
888 1850 1027 1931 Τεμπέων
1058 1856 1340 1929 interpungentem

57 1953 141 2040 μέσῃ
160 1965 276 2039 οτιγμῆ,
297 1956 476 2016 secundum
495 1955 620 2029 antiqui
644 1955 805 2015 sermonis
828 1969 977 2015 normam
999 1954 1179 2016 adhibitum
1199 1954 1231 2015 τὸ
1250 1963 1341 2034 τῆμος

56 2059 185 2135 poterit
204 2058 315 2119 videri.
341 2060 384 2120 At
406 2058 508 2118 oritur
531 2073 569 2117 eo
592 2057 687 2118 modo
710 2057 784 2117 inde
807 2072 827 2116 a
852 2071 948 2116 versu
972 2059 1150 2118 centesimo
1175 2057 1341 2132 inelegans

57 2162 243 2222 admodum
277 2160 515 2221 sententiarum
547 2160 634 2235 ordo,
666 2161 700 2219 et
729 2159 763 2219 ni
798 2157 891 2219 fallor
921 2173 985 2219 non
1011 2162 1142 2232 poetam
1169 2161 1226 2221 sed
1249 2160 1341 2222 libra·

58 2264 154 2322 rium
179 2263 378 2336 corrigemus
400 2262 429 2321 si
452 2261 530 2322 illud
555 2254 585 2319 δ’
616 2261 820 2321 incommode
842 2261 916 2333 post
938 2255 984 2333 ilo
1012 2261 1158 2320 additum
1182 2276 1340 2335 expunge-

58 2373 159 2425 mus:
185 2364 217 2424 id
242 2364 296 2424 nbi
320 2364 494 2425 fecerimus
517 2378 581 2424 non
605 2363 657 2423 hic
680 2363 717 2422 ut
744 2362 801 2424 ΙΙΙ.
828 2361 871 2421 80
893 2368 984 2437 τῆμος
1006 2363 1148 2437 positum
1169 2365 1231 2424 erit
1254 2365 1341 2426 nullo

57 2466 178 2526 addito
200 2465 347 2542 relativo,
371 2466 428 2527 sed
446 2465 626 2540 praemisso
647 2471 738 2541 τῆμος
761 2464 915 2536 sequetur
934 2458 1023 2540 ἡνίκα
1044 2480 1140 2524 versu
1163 2466 1235 2539 107,
1257 2467 1341 2526 siout

56 2568 193 2628 factum
219 2567 366 2628 videmus
389 2567 423 2627 in
447 2563 573 2644 τῆμόσδε
596 2600 635 2610 -
661 2563 706 2624 ὅτε
729 2566 754 2624 l.
781 2566 822 2624 26
847 2570 955 2640 (supra
978 2580 1049 2640 pag.
1078 2568 1139 2627 141.

107 2768 167 2830 Vs,
192 2771 264 2831 109.
292 2770 442 2847 ,Νύμφαι
467 2767 652 2844 Θεσσαλίδες,
673 2775 809 2844 ποταμοῦ
833 2763 928 2846 γένος,
951 2767 1049 2827 εἴπατε
1073 2765 1162 2846 πατρὶ

291 2879 432 2949 κοιμῆσαι
455 2868 528 2951 μέγα
551 2878 652 2949 χεῦμα·
677 2865 893 2947 περιπλέξασθε
914 2868 1017 2953 γενείῳ

291 2972 460 3050 λισσόμενοι
482 2969 517 3031 τὰ
541 2969 639 3048 Ζηνὸς
664 2967 695 3030 ἐν
719 2969 806 3030 ὕδατι
829 2968 916 3030 τέκνα
939 2968 1106 3031 τεκέσθαι”.

58 3075 110 3135 Ut
135 3074 219 3134 solet
245 3073 381 3136 libenter
402 3075 552 3136 adhibere
576 3074 750 3135 femininae
773 3073 895 3133 formas
920 3074 952 3134 in
976 3076 1003 3146 ις
1027 3090 1200 3134 numerose
1225 3075 1335 3134 eaden·

60 3180 130 3250 tete,
153 3174 304 3255 χορίτιδες,
326 3176 481 3256 ζευγίτιδες
501 3177 551 3247 (cf.
565 3191 637 3250 pag.
651 3176 715 3252 52),
737 3176 783 3235 ita
806 3175 997 3253 Θεσσαλίδας,
1010 3191 1075 3237 non
1089 3174 1238 3247 Θεσσαλὰς
1250 3193 1339 3250 nym·
1386 3194 1388 3197 ·

61 3278 150 3353 phas
171 3278 304 3354 salutet,
328 3280 485 3353 tragicam
505 3279 644 3339 formam
664 3276 787 3352 eligens
808 3293 873 3351 qua
892 3277 1060 3352 Euripides
1085 3278 1151 3338 Alc.
1167 3280 1228 3338 331
1250 3294 1338 3352 prae·

61 3381 167 3439 ierat:
191 3379 315 3457 ,νύμφη
338 3379 511 3450 Θεσσαλίς”.
532 3379 635 3440 Simul
656 3386 839 3454 ποταμοῦ
859 3375 973 3456 γένος
994 3394 1050 3440 eas
1073 3379 1166 3454 dixit,
1180 3382 1216 3439 ut
1228 3380 1341 3441 eodem

62 3479 162 3540 modo
185 3477 271 3558 γένος
294 3483 333 3543 ed
357 3497 511 3558 personas
529 3481 673 3557 referret,
699 3496 762 3555 quo
782 3482 815 3540 et
835 3480 912 3540 alibi
935 3496 1032 3555 saepe
1057 3481 1218 3542 Homerus
1241 3484 1275 3542 et
1302 3483 1339 3542 Φ.

68 3581 146 3658 186,
174 3583 244 3644 1000
265 3584 443 3660 simillimO,
475 3587 600 3661 ,φῆσθα
621 3581 659 3642 σὺ
684 3578 738 3660 μὲν
760 3589 896 3657 ποταμοῦ
919 3580 1005 3660 γένος
1025 3581 1147 3659 ἔμμεναι
1168 3581 1240 3660 εὐρὺ
1259 3580 1341 3661 ῥέον-

63 3686 138 3755 τος”
156 3685 206 3755 (ci.
219 3685 353 3747 inlraad
366 3687 408 3747 11.
423 3688 484 3757 74).
496 3685 655 3758 -Neque
676 3700 751 3745 vero
771 3692 967 3760 κοιμῆσαι
988 3684 1028 3745 ab
1049 3685 1183 3745 Homeri
1202 3684 1340 3745 dictione

62 3786 221 3859 abscedit,
256 3789 340 3861 quod
371 3788 535 3849 immerito
566 3787 758 3847 Ruhnkenio
777 3788 968 3861 suspectum
993 3790 1062 3846 erat
1086 3786 1193 3859 legere
1218 3785 1340 3847 iubenti

62 3888 227 3965 aorplooar,
255 3891 330 3963 quin
362 3892 387 3951 1.
412 3892 453 3951 47
480 3889 697 3951 callimachus
721 3885 867 3964 ἐκοίμισεν
892 3889 1079 3964 scripsisset
1102 3888 1153 3957 (cf.
1177 3901 1250 3961 pag.
1276 3888 1338 3955 23).

65 3991 156 4068 Quod
191 3992 347 4068 sequitur,
383 3999 516 4070 χεῦμα,
549 3991 578 4051 si
609 4005 672 4051 non
703 3990 904 4051 homericum
931 3992 1078 4050 attamen
1102 3989 1255 4062 antiquae
1279 3990 1340 4048 tra·

63 4092 200 4167 goediae
229 4094 394 4168 proprium
425 4096 486 4169 est,
510 4107 709 4166 quamquam
733 4092 905 4165 genetivus
927 4091 1011 4152 adici
1034 4091 1126 4166 solet,
1152 4090 1206 4162 qui
1230 4092 1340 4149 nostro

65 4194 137 4255 loco
162 4194 219 4253 vix
238 4195 420 4267 requiritur.
445 4194 566 4255 Verum
589 4195 622 4253 in
647 4193 754 4254 verbis
777 4188 1077 4270 περιπλέξαοθε
1101 4190 1239 4275 γενείῳ
1262 4193 1339 4252 dati-

67 4312 139 4372 vus,
163 4310 262 4369 quem
279 4298 399 4358 ’omnes
423 4298 548 4359 codices
571 4310 703 4356 summa
723 4294 891 4355 eoncordia
911 4294 1075 4370 exhibent,
1097 4295 1264 4368 tantopere
1278 4294 1339 4354 fuit

66 4398 238 4460 offensioni
261 4401 294 4458 et
317 4399 493 4460 editoribus
515 4400 549 4458 et
571 4398 745 4459 lectoribus
768 4401 804 4457 ut
829 4396 971 4472 plerique
997 4395 1190 4457 Schneidero
1213 4396 1340 4456 assensi

65 4501 134 4561 sint
159 4498 282 4580 γενείων
304 4501 468 4576 scribenti,
492 4514 590 4573 quem
612 4499 803 4574 genetivum
827 4514 903 4560 oum
926 4499 1076 4573 sequenti
1105 4498 1201 4559 verbo
1228 4497 1340 4557 λίσσεσ-

66 4607 123 4662 θαι
161 4602 314 4677 coniungi
347 4602 445 4663 iubet.
490 4601 528 4662 ut
563 4616 641 4661 sane
676 4601 786 4661 minus
822 4599 991 4674 vulgatum
1023 4603 1073 4660 est
1107 4595 1339 4677 περιπλέξασθαι
