3068 5288
841 440 883 499 38

223 643 285 702 que
307 628 355 688 lta
373 628 583 703 conveniunt,
608 627 646 686 ut
668 624 797 686 credere
822 626 920 686 liceat
942 627 1043 688 etiam
1067 627 1256 689 Callimachi
1277 632 1387 691 aemio
1410 646 1486 705 prae·

224 729 368 790 valuisse
387 745 462 791 eam
481 729 565 804 apud
585 727 790 802 cyrenenses
806 728 1015 789 traditionem
1036 745 1134 804 quam
1153 731 1253 792 refert
1264 730 1448 792 Herodotus
1461 726 1486 801 ¹).

268 831 317 892 Ab
349 832 428 892 urbe
459 831 575 906 Sparta
604 830 728 905 primas
759 830 900 904 origines
926 845 998 891 esse
1021 832 1177 906 petendas
1200 835 1337 908 uterque
1360 834 1487 910 scriptor

225 933 400 994 contendit.
420 932 605 994 Herodotus
624 945 666 991 ex
686 930 752 991 alto
771 946 841 991 rem
861 934 1012 1007 repetens
1031 932 1136 1008 capite
1158 934 1220 995 145
1242 934 1343 996 refert
1355 935 1485 1010 Minyas,

223 1036 487 1110 Argonautarum
510 1035 645 1108 nepotes
667 1033 746 1093 olim
766 1047 784 1092 e
803 1032 926 1093 Lemno
945 1034 1075 1108 fugatos
1092 1035 1277 1096 consedisse
1290 1037 1325 1097 in
1337 1037 1485 1113 Taygeto,

224 1137 298 1214 inde
320 1136 483 1211 supplices
505 1134 613 1196 adisse
635 1133 910 1194 Lacedaemonios
933 1137 970 1195 ut
991 1135 1024 1195 in
1049 1135 1218 1196 civitatem
1244 1151 1280 1197 se
1300 1139 1485 1213 reciperent,
1525 1152 1526 1156 ’

223 1239 371 1314 receptos
401 1237 511 1297 autem
542 1235 713 1310 praecipue
743 1237 913 1310 propterea
943 1236 1027 1309 quod
1053 1236 1201 1298 Dioscuri
1231 1239 1486 1314 Argonautarum

223 1339 422 1415 expeditioni
444 1338 683 1414 interfuissent,
707 1339 834 1412 postea,
867 1337 1100 1412 Spartanorum
1123 1339 1304 1415 virginibus
1328 1343 1362 1402 in
1385 1344 1485 1403 matri·
1525 1365 1526 1368 ¹

223 1441 371 1501 monium
402 1440 557 1516 acceptis,
589 1441 622 1499 in
653 1439 871 1514 suspicionem
902 1441 1032 1500 venisse
1062 1442 1154 1516 regni
1180 1442 1372 1518 affectandi3
1398 1460 1485 1519 quam

224 1544 263 1604 ob
307 1558 440 1604 causam
479 1543 512 1602 in
547 1541 678 1602 vincula
712 1541 848 1601 coniecti
882 1541 954 1602 dolo
989 1544 1102 1603 tamen
1139 1559 1279 1605 uxorum
1312 1561 1330 1606 e
1369 1561 1485 1608 carone

224 1644 432 1721 aufugerunt,
465 1646 499 1704 et
528 1658 604 1703 cum
630 1643 714 1703 forte
737 1642 851 1703 eodem
875 1644 1021 1717 tempore
1044 1643 1167 1705 Theras
1190 1640 1207 1704 d
1230 1643 1422 1719 Αὐτεσίωνος
1441 1655 1485 1707 του

227 1749 394 1823 Τισαμενοῦ
429 1753 482 1805 τοῦ
520 1743 711 1823 Θερσάνδρου
745 1751 798 1803 τοῦ
833 1743 1046 1822 Πολυνείκεος,
1086 1747 1142 1820 qui
1175 1748 1389 1810 matrimonio
1419 1765 1483 1811 cum

223 1863 341 1923 genere
371 1846 619 1908 Heraclidarum
649 1846 779 1906 iunctus
809 1848 909 1922 esset,
934 1848 1008 1921 post
1039 1850 1190 1908 exactam
1216 1849 1435 1924 Eurysthenis
1455 1866 1486 1911 ac

223 1949 346 2010 Proclis
387 1947 540 2024 tutelam,
581 1947 615 2007 in
653 1961 690 2007 eo
728 1949 816 2007 esset
854 1948 891 2007 ut
922 1947 1083 2009 coloniam
1114 1950 1148 2009 in
1179 1950 1321 2011 Theram
1352 1952 1485 2013 insulam

222 2049 407 2125 deduceret,
442 2049 505 2125 ,cd
535 2051 678 2122 τοςποίοο
703 2049 807 2125 ουοο”,
831 2062 944 2108 secum
967 2048 1094 2123 Minyas
1117 2051 1264 2128 deduxit,
1294 2055 1353 2114 aut
1376 2054 1485 2115 saltem

223 2153 352 2227 partem
383 2165 496 2211 eorum
525 2145 573 2221 (οὔ
603 2171 630 2209 τι
659 2149 773 2221 πάντας
804 2146 887 2229 άγοτν
917 2148 986 2222 τοὺς
1018 2150 1143 2223 Μινύας
1166 2145 1226 2211 ἄλλ’
1253 2149 1373 2234 ὀλίγους
1400 2155 1485 2230 τινάς,

224 2253 446 2327 oap.148).-
459 2253 504 2312 At
527 2250 760 2328 Callimachus,
785 2252 902 2328 quippe
921 2253 976 2326 qui
996 2253 1119 2327 hymno
1140 2254 1179 2315 de
1198 2270 1261 2330 quo
1281 2257 1414 2331 agimus
1433 2273 1486 2318 non

223 2355 312 2415 urbis
354 2355 531 2430 primordia
573 2354 630 2415 sed
671 2355 828 2415 honorem
845 2346 847 2350 '
863 2354 978 2415 (larnei
1013 2358 1135 2432 cantet,
1175 2372 1261 2418 nunc
1295 2360 1428 2433 quidem
1455 2359 1486 2419 de

223 2456 406 2530 Minyarum
430 2456 602 2532 nepotibus
624 2459 726 2532 tacet,
750 2457 831 2517 duas
858 2458 970 2517 autem
993 2472 1045 2517 res
1069 2458 1218 2533 inprimis
1241 2463 1378 2534 urguet:
1403 2462 1485 2523 Lace·

223 2557 373 2618 daemoni
401 2558 545 2634 patriam
575 2573 670 2618 suam
702 2558 799 2618 deum
829 2558 938 2633 ipsum
969 2556 1131 2619 Carneum
1162 2562 1334 2635 acceptum
1361 2564 1484 2638 referre,

222 2660 256 2720 et
283 2674 395 2720 curam
419 2657 534 2720 Gamei
553 2658 660 2719 cultus
684 2657 879 2733 Cyrenaicos
905 2659 1021 2719 debere
1044 2659 1182 2737 Therae,
1207 2661 1277 2722 viro
1300 2677 1320 2723 e
1343 2664 1485 2725 Boeotia

221 2763 318 2835 gente
341 2763 421 2821 orto.
445 2759 496 2820 Ad
518 2762 691 2834 utramque
714 2775 784 2820 rem
808 2759 892 2821 infra
914 2775 1090 2821 recurram.

265 2861 405 2922 Theram
436 2860 578 2922 insulam
601 2860 778 2921 Phoenices
809 2860 888 2921 olim
919 2861 1093 2923 incoluisse
1124 2866 1217 2936 (quae
1243 2868 1315 2926 erat
1338 2866 1484 2928 Herodoti

220 2963 327 3041 opinio
353 2963 469 3024 multis
497 2965 610 3039 postea
641 2978 767 3037 quoque
798 2957 974 3039 acceptat
1002 2966 1117 3026 reticet
1136 2964 1358 3029 Callimachus
1381 2971 1483 3030 nostro

217 3065 303 3139 loco;
338 3074 385 3140 et,
425 3079 466 3125 ne
499 3079 560 3124 sua
593 3064 670 3125 urbs
701 3065 801 3126 etiam
833 3080 874 3125 ex
909 3066 1080 3127 elementis
1114 3067 1225 3128 minus
1256 3068 1390 3131 Graecis
1421 3086 1482 3132 oon·

217 3169 306 3227 stare
348 3166 521 3241 videretur,
560 3166 673 3226 reiecit
709 3166 811 3227 etiarn
846 3167 986 3227 fortasse
1023 3167 1107 3228 hanc
1137 3168 1320 3232 historiam.
1357 3171 1484 3233 Constat

219 3267 308 3327 enirn
339 3267 506 3328 Strabonis
529 3267 718 3328 testimonio
738 3268 774 3340 (Ι.
794 3285 824 3343 p.
849 3269 903 3339 46)
926 3269 959 3328 in
983 3269 1247 3344 Argonautarum
1270 3272 1379 3334 reditu
1403 3290 1482 3335 enar·

154 3351 157 3354 ⁴
216 3368 317 3429 rande
348 3369 446 3430 huius
476 3368 601 3430 insulae
631 3369 834 3430 mentionem
863 3369 980 3430 iecisse
1002 3373 1150 3445 poetam:
1174 3369 1286 3452 λέγεται
1309 3373 1406 3435 πολλὰ
1428 3397 1482 3435 τει-

216 3469 309 3549 μηρια
331 3478 382 3549 τῆς
406 3492 435 3531 τε
454 3465 586 3542 Ἰάσονος
610 3469 760 3551 στρατείας
783 3468 908 3549 καὶτῆς
935 3469 1056 3549 Φρίξου·
1080 3479 1132 3549 τῆς
1156 3466 1184 3532 δ’
1206 3467 1341 3546 Ἰάσονος
1362 3473 1483 3536 καὶτῶν

217 3568 436 3645 ἐπιδιωξάντων
466 3570 591 3651 Κόλχων
620 3569 671 3631 καί
701 3567 783 3652 μέηρι
812 3578 865 3648 τῆς
896 3570 1016 3651 Κρήτης
1046 3568 1096 3632 καὶ
1127 3581 1180 3651 τῆς
1207 3567 1333 3648 Ἰταλίας
1363 3575 1415 3637 ιιαλ
1436 3585 1483 3638 τοῦ

217 3672 347 3752 Ἀδρίου,
377 3664 419 3735 ὧν
449 3672 514 3735 ἔνια
544 3671 595 3733 ιιαλ
626 3670 642 3734 ὁ
671 3674 859 3752 Καλλίμαχος
882 3670 1119 3752 ἐπισημαίνεται,
1141 3671 1205 3736 τοτὲ
1235 3671 1290 3754 μὲν
1316 3678 1483 3760 ,Αἰγλήτην

216 3772 350 3852 Ἀνάφην
372 3796 402 3836 τε
424 3773 581 3835 Λακωνίδι
603 3774 721 3854 γείτονα
746 3773 852 3858 Θήρη”
875 3771 969 3853 λέγων
992 3797 1019 3834 ιι.
1042 3797 1065 3834 τ.
1089 3779 1114 3833 λ.
1138 3776 1189 3847 (cf.
1213 3777 1390 3842 Schneider
1415 3780 1482 3843 Gall.

216 3877 257 3937 Π.
269 3893 300 3954 p.
313 3878 399 3949 882).
420 3877 491 3939 Hoc
512 3877 583 3938 loco
606 3877 706 3953 igitur
728 3876 757 3936 si
781 3877 911 3937 constat
934 3875 1171 3938 Callimachum
1194 3879 1234 3940 de
1257 3879 1364 3943 Thera
1382 3883 1484 3944 insula

217 3978 322 4053 egisse
336 4012 377 4022 —
387 3978 519 4040 Calliste
539 3994 622 4054 quae
642 3981 720 4039 tuno
739 3977 851 4039 luit—
864 3977 1027 4053 probabile
1040 3981 1092 4039 est
1103 3994 1179 4040 eum
1190 3983 1325 4057 putasse
1337 3982 1377 4044 ab
1390 3985 1482 4061 Argo·

215 4081 325 4141 nautis
347 4080 489 4141 insulam
508 4080 691 4141 habitatam
715 4095 804 4141 esse:
824 4079 939 4155 quodsi
958 4081 1143 4155 Minyarum
1154 4082 1266 4144 sedem
1285 4083 1326 4144 ab
1346 4085 1483 4162 antiquis

248 4357 256 4390 ¹
374 4396 380 4409 .
433 4395 440 4409 .
509 4363 574 4408 -14
592 4395 599 4409 .

247 4359 372 4502 '35:1³⁰ss
392 4358 636 4507 ἐξηιάίῦιμβλίάρος,
651 4450 720 4502 νῆσος
734 4446 832 4503 πλησίω
848 4444 937 4506 Θήρας,
951 4443 1023 4504 (ἢ)
1036 4445 1074 4490 aral
1088 4445 1188 4506 Ἀνάφη,
1201 4442 1249 4490 ἀπὸ
1270 4447 1428 4511 Μεμβλιάρου
1444 4451 1480 4493 τοῦ

214 4520 294 4584 Gripus
311 4523 445 4580 οἰκήσαντος
463 4525 581 4576 Φοίνικος,
599 4528 644 4568 τῶν
661 4523 721 4580 μετὰ
739 4523 840 4583 Κάδμου
856 4525 911 4576 troc
929 4524 962 4571 ol.
982 4522 1137 4571 Studniczks
1154 4523 1172 4571 l.
1188 4523 1313 4572 Bosoheri
1324 4524 1420 4573 Lexioo
1431 4537 1479 4571 ιτ.

212 4598 308 4662 Kyrene
324 4595 368 4664 (IL
388 4597 471 4664 1⁷89).
