3068 5288
676 1638 712 1717 V

598 1919 794 1930 *-

97 2132 316 2208 antiquitatis
338 2147 450 2193 sacrae
473 2133 591 2194 studiis
614 2148 652 2193 eo
675 2134 834 2194 adductus
856 2146 929 2192 esse
949 2131 1079 2192 videtur
1097 2130 1331 2207 Callimachus,

58 2237 92 2295 ut
121 2249 369 2308 nonnumquam
400 2235 566 2309 religionis
597 2235 767 2295 cuiusdam
790 2235 886 2295 sedes
909 2233 1157 2308 antiquissimas
1180 2236 1333 2295 accurata

56 2337 307 2412 investigatione
328 2336 517 2397 etiamnunc
539 2337 678 2397 inveniri
701 2351 797 2412 posse
817 2335 984 2396 indicaret.
1005 2334 1126 2396 Verum
1146 2335 1235 2396 enim
1256 2352 1332 2397 vero

57 2438 136 2498 nihil
171 2438 338 2512 antiquius
371 2438 451 2498 nihil
486 2437 634 2513 diligenti
668 2438 776 2513 studio
811 2437 940 2512 dignius
975 2437 1129 2497 censebat
1166 2452 1265 2510 quam
1299 2438 1332 2499 id

57 2541 139 2614 quod
167 2556 243 2601 cum
261 2541 385 2617 patriae
409 2539 605 2615 Cyrenaicae
629 2540 807 2618 originibus
831 2540 1027 2600 cohaereret.
1060 2539 1111 2599 Ita
1136 2554 1194 2614 per
1223 2541 1332 2601 totum

57 2643 254 2718 hymnorum
278 2644 312 2703 et
333 2642 517 2703 carminum
541 2657 673 2704 emaum
700 2643 831 2703 tantum
855 2656 919 2701 non
943 2655 1073 2716 semper
1118 2655 1155 2701 eo
1179 2641 1248 2716 ipse
1271 2657 1332 2704 sua

56 2746 197 2806 trahitur
230 2744 410 2821 voluptate,
447 2748 484 2806 ut
517 2745 643 2806 simodo
675 2745 780 2821 possit
809 2745 849 2806 ad
882 2746 1013 2819 patrum
1044 2742 1235 2817 religionem
1262 2758 1331 2818 pro-

55 2861 255 2920 avorumque
277 2847 461 2921 liinyamm
484 2848 562 2908 deos
584 2849 718 2909 tandem
742 2848 878 2922 denique
902 2863 938 2908 se
962 2846 1110 2922 applicet.

99 2948 163 3008 Sed
202 2951 377 3023 antequam
408 2950 489 3011 haec
519 2951 666 3025 pluribus
697 2964 861 3026 exponam
890 2950 1035 3024 primum
1065 2949 1210 3009 statuere
1242 2964 1330 3024 opor·

55 3053 117 3126 tet,
151 3050 227 3125 quid
257 3051 297 3111 de
327 3052 451 3127 patriae
480 3053 700 3114 conditoribus
723 3055 838 3128 poetae
864 3052 973 3112 visum
996 3051 1053 3128 sit,
1083 3051 1224 3125 quidex
1251 3052 1331 3112 anti-

55 3166 193 3225 quorum
216 3152 415 3213 testimoniis
437 3153 599 3230 reiecerit,
624 3154 700 3230 quid
724 3154 842 3215 ceteris
865 3153 1095 3227 anteposuerit.

98 3253 138 3313 In
171 3253 295 3328 hymno
330 3255 373 3322 ad
403 3254 593 3333 Apollinem,
626 3257 682 3331 qui
712 3257 857 3331 hymnus
892 3254 1052 3330 Apollinis
1083 3253 1198 3316 carnei
1228 3253 1332 3315 sacris

55 3355 238 3415 destinatus
288 3370 385 3430 super
426 3356 560 3423 solitam
603 3356 795 3418 Callimachi
837 3357 1127 3431 aequanimitatem
1170 3355 1331 3433 adsurgit,

55 3456 225 3532 Cyrenaici
248 3457 298 3517 dei
322 3457 479 3518 honorem
502 3458 622 3519 diserte
647 3458 814 3520 celebrans
837 3458 958 3534 raptim
978 3473 1035 3533 per
1055 3458 1195 3533 quinque
1215 3472 1332 3518 versus

55 3559 100 3619 ita
119 3558 160 3619 de
184 3557 328 3633 cyrenae
352 3559 537 3634 primordiis
561 3561 709 3637 exponit,
735 3563 772 3621 ut
796 3575 878 3635 quas
901 3560 1068 3622 reticuerit
1087 3560 1235 3622 consulto
1255 3575 1331 3621 eum

56 3661 250 3735 praeterisse
273 3661 360 3722 haud
383 3660 558 3723 obscurum
581 3662 626 3723 sit
649 3667 708 3732 (vs.
734 3662 805 3732 72);

278 3760 403 3842 Σπάρτη
426 3783 470 3823 τοι
493 3764 632 3842 Καρνεῖε,
654 3761 720 3824 τόδε
744 3761 908 3842 πρώτιστον
931 3761 1056 3823 ἔδεθλον
1071 3758 1103 3839 ¹),

279 3849 417 3943 διάτορον
441 3854 480 3924 αὖ
507 3863 602 3943 Θήρη,
624 3863 758 3944 τρίτατδν
780 3885 813 3944 γε
837 3859 891 3942 μὲν
914 3860 988 3925 ἄστυ
1012 3861 1165 3944 Κυρήνης.

279 3961 311 4025 ἔτι
333 3961 388 4042 μέν
411 3981 444 4026 σε
465 3963 608 4046 Σπάρτης
631 3962 716 4027 ἕκτον
738 3963 825 4048 γένος
851 3964 1017 4027 Οἰδιπόδαο

278 4062 370 4146 ἤγαγε
395 4065 531 4145 Θηραίην
554 4064 584 4140 ἔς
607 4064 772 4130 ἀπόκτισιν·
796 4064 828 4128 ἐκ
852 4064 885 4127 δέ
908 4082 940 4127 σε
966 4065 1066 4147 Θήρης

279 4157 367 4239 οὖλος
391 4165 587 4247 Ἀριστοτέλης
611 4168 781 4249 ardentior
800 4168 932 4248 πάρθετο
955 4168 1035 4252 γαίη.

98 4270 189 4331 Haec
213 4269 243 4329 si
266 4284 339 4330 cum
364 4270 483 4345 duplici
507 4272 693 4333 narratione
714 4286 814 4346 quam
837 4272 972 4332 tradidit
994 4270 1179 4333 Herodotus
1202 4285 1328 4345 compa·

55 4388 168 4434 ramus
184 4386 289 4447 pauca
310 4372 471 4446 quaedam
490 4372 547 4434 aad
567 4388 762 4448 magnopere
786 4374 968 4449 discrepare
981 4374 1145 4447 videmus;
1158 4372 1216 4434 sed
1227 4373 1328 4447 plara·

88 4628 108 4696 ¹)
125 4631 165 4680 Oi.
183 4631 216 4680 ds
233 4631 311 4679 huius
328 4643 404 4679 versu
421 4629 672 4692 complananda
691 4629 753 4680 call.
771 4631 793 4679 1.
811 4644 837 4692 p.
856 4633 913 4679 ala.
