3090 5294
55 473 80 533 Ι.
107 475 149 533 64
677 474 716 533 31

56 662 102 721 ita
124 661 323 723 substantivi
345 660 414 721 ioco
437 660 635 721 adiectivum
655 660 811 734 adhibuit,
832 661 868 719 ut
900 658 1024 718 viderat
1046 655 1096 732 ἴσῃ
1121 655 1160 715 ab
1184 654 1328 715 Homero

56 762 200 824 adhiberi
223 762 274 833 (ci.
295 764 341 822 M.
362 763 447 831 423.)
471 762 540 823 Non
567 762 664 837 enim,
688 777 763 823 cum
787 761 937 821 dicuntur
960 761 991 821 di
1018 750 1080 834 ηἐπ’
1102 755 1151 840 ἴσῃ
1175 754 1332 833 avitacum

57 866 99 935 (in
134 879 198 938 quo
232 864 328 924 verbo
362 864 482 924 iterum
517 864 650 924 Homeri
685 863 793 923 locum
829 876 926 935 quem
960 863 1124 936 oppugnat
1159 866 1328 943 spectavit,

58 967 94 1026 0.
121 967 196 1034 191)
227 965 408 1027 addendum
433 967 485 1026 est
509 964 587 1048 δίκῃ,
609 966 693 1038 quod
716 965 749 1024 in
778 963 874 1023 solita
897 962 1036 1023 formula
1060 957 1101 1021 ἐπ’
1129 961 1178 1046 ἴσῃ
1202 965 1328 1035 (Herod.

57 1067 114 1127 IX.
130 1069 159 1127 7.
183 1067 282 1127 Thuc.
306 1066 332 1127 1.
358 1067 398 1126 27
424 1065 511 1136 alibi)
535 1066 735 1141 subauditur,
763 1079 874 1125 verum
899 1060 988 1144 μοίρῃ
1012 1078 1102 1124 more
1126 1066 1298 1129 homerico.

102 1170 146 1228 At
169 1168 261 1243 plura
284 1167 418 1228 dicenda
442 1169 537 1228 erunt
556 1168 594 1228 de
618 1168 724 1228 verbis
751 1163 804 1242 ,rb
825 1160 857 1224 δὲ
880 1163 1023 1224 τόσσον
1047 1163 1137 1226 ἴσον
1160 1166 1211 1228 διὰ
1233 1174 1331 1231 πλεῖσ-

56 1291 109 1328 τον
144 1267 272 1348 ἔχουσι.”
305 1268 385 1329 Cum
418 1270 506 1331 enim
541 1268 759 1343 compluribus
789 1268 869 1327 locis
905 1266 1121 1328 Callimachus
1148 1274 1181 1331 et
1203 1269 1331 1343 τόσ(σ)ον
1457 1264 1460 1270 “

57 1375 91 1431 et
115 1369 227 1442 triolov
251 1371 397 1431 adhibuit
418 1370 515 1431 solito
538 1370 623 1445 apud
643 1369 824 1429 Homerum
844 1368 1035 1441 Atticosque
1055 1384 1154 1447 more,
1172 1371 1234 1434 duo
1254 1377 1331 1435 sunt

56 1472 120 1534 loci
150 1472 190 1533 de
221 1472 337 1545 quibus
367 1472 552 1532 accuratius
572 1470 802 1546 disputandum
828 1471 886 1530 ost.
910 1469 951 1530 Et
974 1472 1084 1530 nostro
1108 1472 1238 1544 quidem
1261 1475 1330 1536 loco
1420 1473 1422 1477 ’

56 1590 122 1635 non
154 1574 333 1636 Homerum
358 1574 545 1649 exemplum
568 1574 629 1633 sibi
657 1572 832 1648 proposuit,
857 1572 924 1647 sed,
949 1574 986 1632 ut
1009 1574 1177 1635 taceamus
1200 1576 1240 1636 de
1263 1593 1330 1638 ver·
1367 1595 1371 1606 ’

56 1677 175 1737 borum
210 1677 320 1737 ordine
355 1675 555 1750 ineleganter
590 1674 729 1750 turbato,
762 1674 907 1761 pluribus
947 1674 1053 1734 verbis
1088 1675 1170 1736 dixit
1207 1676 1331 1752 ,τόσσον

57 1777 132 1838 ἴσον
165 1779 321 1837 πλεῖστον’
355 1777 440 1851 quod
471 1777 653 1838 Herodotus
677 1778 702 1837 1.
730 1778 787 1851 14;
813 1776 866 1835 VI.
891 1775 933 1834 44
964 1775 1095 1835 brevius
1127 1774 1180 1835 ἴσα
1203 1781 1332 1858 πλεῖστα,

57 1880 117 1941 alii
143 1876 294 1955 »ἄφθονοι
316 1877 411 1954 ὅσοι”,
433 1875 609 1959 ,ὑπερφυὴς
622 1876 711 1949 ὅσος”
733 1877 864 1953 similia,
882 1878 915 1937 et
928 1878 1123 1938 recentiores
1133 1881 1252 1938 πλεῖστα
1265 1879 1329 1958 ὅσα,

56 1976 143 2059 ὀλίῃα
179 1978 242 2039 ὅσα.
277 1981 346 2040 Ηοο
380 1981 489 2054 itaque
520 1995 583 2040 non
614 1995 745 2055 prorsus
776 1979 954 2039 insolitum.
979 1979 1053 2040 Alia
1076 1994 1151 2039 vero
1174 1982 1257 2043 ratio
1280 1986 1332 2043 est

57 2097 175 2143 versus
213 2096 308 2154 quem
348 2085 476 2157 propter
509 2083 555 2142 rei
594 2081 842 2142 similitudinem
882 2081 933 2140 hic
976 2082 1089 2141 statim
1124 2082 1329 2161 subiungam,

56 2183 100 2244 H.
128 2185 170 2244 36

749 2279 856 2344 οὔποτε
882 2282 997 2362 Φοίβου

307 2384 442 2462 θηλείαις
466 2379 537 2446 οὐδ’
564 2384 653 2446 ὅσσον
677 2383 725 2446 ἐπί
748 2384 834 2465 χνόος
858 2375 934 2463 ἦλθε
956 2389 1100 2464 παρειαῖς·

56 2487 114 2547 ubi
135 2487 174 2547 de
194 2485 428 2560 significatione
447 2503 543 2549 nemo
555 2488 715 2549 dubitabit
733 2503 811 2548 nam
828 2489 958 2562 poetam
970 2487 1074 2548 dicere
1091 2489 1233 2551 voluisse
1247 2492 1329 2553 vide·

56 2603 136 2648 mus
159 2603 293 2663 omneS,
320 2605 358 2649 ac
380 2590 537 2649 tantillam
557 2590 703 2663 quidem
727 2589 773 2649 De
793 2589 914 2663 origine
934 2588 1083 2649 dictionis
1103 2590 1131 2649 si
1139 2594 1331 2672 quaerimus

56 2691 299 2751 observandum
335 2693 385 2751 est
418 2707 483 2752 non
517 2693 659 2766 primum
694 2692 754 2752 hoc
785 2705 903 2751 ausum
935 2706 1007 2751 esse
1039 2689 1272 2754 callimachum
1296 2699 1331 2755 at

56 2792 216 2867 praeiisse
240 2792 410 2853 Prrrnnran
435 2793 532 2864 (Stob.
560 2794 631 2855 104.
659 2794 720 2863 12).

306 2884 326 2971 ἦ
349 2890 403 2972 μὲν
427 2893 464 2972 δὴ
483 2892 617 2955 πολέεσσι
638 2893 810 2973 πεφύρῃσαι
832 2896 992 2972 χαλεποῖσι,

306 2991 397 3073 θυμὲ,
421 2996 568 3079 γαληναίῃ
593 2989 621 3055 δ’
649 2993 813 3074 ἔπιμῖσῃεαι
836 2987 903 3054 οὐδ’
932 2992 1002 3054 ὅσον
1027 2992 1126 3072 ὅσσον,

2 3098 4 3101 ’
56 3097 177 3174 idest,
216 3113 273 3171 ,ac
302 3100 425 3157 turrium
456 3099 581 3173 quictem
605 3101 760 3172 quonium
783 3101 823 3158 cot
845 3090 1187 3172 emmerammum.
1212 3099 1330 3162 Multos

57 3199 116 3272 qui
140 3184 214 3269 eam
237 3199 396 3259 rationem
419 3201 522 3261 secuti
546 3202 624 3261 sunt
646 3199 776 3261 adducit
795 3199 1018 3261 Schneiderus.
1039 3201 1136 3262 Ortus
1157 3217 1232 3263 vero
1251 3219 1331 3263 usus

58 3301 190 3361 videtur
213 3316 254 3360 ex
278 3300 424 3375 neglecto
444 3302 594 3362 adverbio
617 3291 673 3360 οὖν
695 3301 745 3362 vel
769 3298 824 3378 δὴ;
845 3317 923 3362 nam
947 3317 1064 3363 sensus
1083 3304 1234 3363 convenit
1256 3320 1332 3365 cum

58 3400 296 3475 significatione
327 3404 477 3464 adiectivi
508 3401 576 3475 ἴσος
608 3393 663 3463 οὖν
694 3403 823 3476 qualem
857 3404 998 3480 praebet,
1033 3406 1071 3464 ut
1099 3420 1202 3465 unum
1237 3407 1332 3467 addu-

58 3519 135 3564 cam
167 3505 365 3582 exemplum,
397 3505 579 3566 Herodotus
607 3506 648 3566 11.
674 3506 726 3566 22.
755 3503 801 3580 ,ei
822 3503 924 3564 τοίνυν
952 3502 1070 3583 ἐχιόνιζε
1093 3503 1143 3564 καλ
1165 3504 1259 3566 ἴσον
1282 3499 1331 3567 ὧν

58 3604 172 3682 ταύτην
210 3602 264 3681 τὴν
297 3607 397 3686 χώρην
431 3630 458 3669 κ.
472 3611 553 3667 τ.λ.”
600 3608 711 3681 Neque
745 3608 779 3667 in
814 3607 990 3667 recentiore
1025 3622 1174 3669 sermone
1212 3608 1332 3671 Graeco

57 3707 137 3766 talis
160 3707 285 3768 abactio
308 3709 448 3770 insolita.
481 3709 560 3770 Cum
586 3709 674 3770 enim
697 3709 880 3769 Herodotus
906 3709 964 3769 III.
996 3710 1058 3768 159
1089 3710 1227 3771 dixisset
1260 3734 1331 3790 ,yv-

59 3813 168 3879 ναῖκας
199 3806 293 3880 ὅσας
325 3808 370 3887 δὴ
394 3807 590 3889 ἕποσολσσων”,
611 3811 768 3871 Arrianus
792 3811 817 3871 I.
843 3813 862 3871 5
886 3811 1019 3886 scripsit
1043 3807 1250 3891 ,ἀναλαβόντα
1274 3822 1333 3874 τῶν

58 3905 177 3969 ἱππέων
201 3907 319 3984 ὅσους
343 3909 372 3984 ἴς
395 3911 624 3991 πραφολακήν”.
648 3913 769 3974 Eodem
788 3913 883 3974 modo
904 3912 1092 3974 Callimachi
1112 3916 1332 3977 astateetiam

60 4009 134 4071 ὅσον
169 4012 313 4086 positum
347 4030 419 4075 esse
450 4016 504 4076 ubi
528 4013 598 4075 ἴσον
626 4004 682 4074 οὖν
712 4015 829 4076 dicturi
854 4016 984 4076 fuerant
1006 4016 1204 4088 antiquiores
1227 4020 1334 4093 arguit

59 4128 188 4187 quoque
209 4112 757 4194 ManethonislocusII.159,ppd’
782 4115 902 4177 ὅσσον
922 4115 979 4178 ἑῶν
998 4118 1129 4178 κτεάνων
1149 4114 1332 4199 ὀρέγοντες”,

59 4217 94 4276 et
114 4215 236 4276 diserto
255 4219 544 4291 grammaticorum
565 4219 753 4279 testimonio
774 4221 903 4280 constat
921 4213 953 4290 ¹).
973 4220 1014 4280 Et
1032 4220 1171 4281 fortasse
1196 4255 1237 4265 —
1256 4238 1334 4285 nam

59 4317 234 4392 aristoph,
268 4318 352 4395 Vcep.
389 4321 452 4381 213
491 4320 601 4381 minus
632 4321 695 4380 huc
729 4320 869 4395 pertinet
901 4355 942 4366 -
973 4322 1107 4382 Homeri
1141 4325 1333 4387 auctoritate

94 4564 113 4625 ¹)
133 4569 171 4616 Os·
194 4569 338 4616 Pimmcil.
365 4569 390 4616 in
413 4570 522 4617 Bokkeri
540 4570 674 4618 adsedi.
693 4571 715 4617 8.
733 4571 772 4618 il.
799 4572 925 4635 „dpyupror
950 4572 998 4632 ¹1¹¹
1017 4572 1069 4619 οὐδ’
1089 4572 1152 4619 ὅσω·
1174 4568 1222 4619 010,
1239 4573 1292 4620 „pap
1309 4575 1336 4620 ft

58 4652 218 4712 βραχύτατον.
236 4656 398 4710 πανταχοῦ
415 4658 483 4715 χρῶ.
