<?xml version="1.0" encoding="UTF-8"?>
<!DOCTYPE html PUBLIC "-//W3C//DTD XHTML 1.0 Transitional//EN"
    "http://www.w3.org/TR/xhtml1/DTD/xhtml1-transitional.dtd">
<html xmlns="http://www.w3.org/1999/xhtml" xml:lang="en" lang="en">
 <head>
  <title>
</title>
<meta http-equiv="Content-Type" content="text/html;charset=utf-8" />
  <meta name='ocr-system' content='tesseract 3.04.00' />
  <meta name='ocr-capabilities' content='ocr_page ocr_carea ocr_par ocr_line ocrx_word'/>
</head>
<body>
  <div class='ocr_page' id='page_1' title='image "./studiacallimach01kuipgoog_0077.png"; bbox 0 0 3090 5294; ppageno 0'>
   <div class='ocr_carea' id='block_1_1' title="bbox 844 434 1496 501">
    <p class='ocr_par' dir='ltr' id='par_1_1' title="bbox 844 434 1496 501">
     <span class='ocr_line' id='line_1_1' title="bbox 844 434 1496 501; baseline -0.008 -1"><span class='ocrx_word' id='word_1_1' title='bbox 844 439 887 501; x_wconf 85' lang='lat'><strong>64</strong></span> <span class='ocrx_word' id='word_1_2' title='bbox 1281 436 1340 496; x_wconf 90' lang='grc' dir='ltr'><strong>ΙΙΙ.</strong></span> <span class='ocrx_word' id='word_1_3' title='bbox 1366 434 1496 496; x_wconf 79' lang='grc'><strong>63-65</strong></span> 
     </span>
    </p>
   </div>
   <div class='ocr_carea' id='block_1_2' title="bbox 175 622 1499 4679">
    <p class='ocr_par' dir='ltr' id='par_1_2' title="bbox 224 622 1493 2129">
     <span class='ocr_line' id='line_1_2' title="bbox 225 622 1493 705; baseline -0.003 -17"><span class='ocrx_word' id='word_1_4' title='bbox 225 622 552 705; x_wconf 78' lang='grc' dir='ltr'><strong><em>έναλασσαν...έι’ντην</em></strong></span> <span class='ocrx_word' id='word_1_5' title='bbox 575 623 672 687; x_wconf 77' lang='grc' dir='ltr'><strong><em>ἰδέειν.</em></strong></span> <span class='ocrx_word' id='word_1_6' title='bbox 695 627 808 688; x_wconf 83' lang='lat' dir='ltr'><strong>Altera</strong></span> <span class='ocrx_word' id='word_1_7' title='bbox 832 643 908 688; x_wconf 88' lang='lat' dir='ltr'><strong>vero</strong></span> <span class='ocrx_word' id='word_1_8' title='bbox 931 627 1072 688; x_wconf 76' lang='lat' dir='ltr'><strong>imitatio</strong></span> <span class='ocrx_word' id='word_1_9' title='bbox 1097 642 1138 687; x_wconf 86' lang='lat' dir='ltr'><strong>ex</strong></span> <span class='ocrx_word' id='word_1_10' title='bbox 1160 626 1202 686; x_wconf 89' lang='lat' dir='ltr'><strong>iis</strong></span> <span class='ocrx_word' id='word_1_11' title='bbox 1223 627 1277 686; x_wconf 88' lang='lat' dir='ltr'><strong>est</strong></span> <span class='ocrx_word' id='word_1_12' title='bbox 1299 640 1383 698; x_wconf 89' lang='lat' dir='ltr'><strong>quae</strong></span> <span class='ocrx_word' id='word_1_13' title='bbox 1406 640 1493 685; x_wconf 84' lang='lat' dir='ltr'><strong>sono·</strong></span> 
     </span>
     <span class='ocr_line' id='line_1_3' title="bbox 225 727 1493 804; baseline -0.004 -13"><span class='ocrx_word' id='word_1_14' title='bbox 225 746 299 791; x_wconf 93' lang='lat' dir='ltr'><strong>rum</strong></span> <span class='ocrx_word' id='word_1_15' title='bbox 318 732 450 790; x_wconf 89' lang='lat' dir='ltr'><strong>tantum</strong></span> <span class='ocrx_word' id='word_1_16' title='bbox 468 728 680 790; x_wconf 89' lang='lat' dir='ltr'><strong>similitudine</strong></span> <span class='ocrx_word' id='word_1_17' title='bbox 703 729 910 790; x_wconf 79' lang='lat' dir='ltr'><strong>audientibus</strong></span> <span class='ocrx_word' id='word_1_18' title='bbox 933 728 1121 804; x_wconf 85' lang='lat' dir='ltr'><strong>exemplum</strong></span> <span class='ocrx_word' id='word_1_19' title='bbox 1141 727 1344 788; x_wconf 86' lang='lat' dir='ltr'><strong>homericum</strong></span> <span class='ocrx_word' id='word_1_20' title='bbox 1364 727 1396 786; x_wconf 90' lang='lat' dir='ltr'><strong>in</strong></span> <span class='ocrx_word' id='word_1_21' title='bbox 1410 742 1493 786; x_wconf 88' lang='lat' dir='ltr'><strong>men·</strong></span> 
     </span>
     <span class='ocr_line' id='line_1_4' title="bbox 224 824 1493 906; baseline -0.006 -12"><span class='ocrx_word' id='word_1_22' title='bbox 224 835 293 894; x_wconf 87' lang='lat' dir='ltr'><strong>tem</strong></span> <span class='ocrx_word' id='word_1_23' title='bbox 321 832 483 893; x_wconf 90' lang='lat' dir='ltr'><strong>revocant.</strong></span> <span class='ocrx_word' id='word_1_24' title='bbox 506 830 659 892; x_wconf 86' lang='lat' dir='ltr'><strong>Numeris</strong></span> <span class='ocrx_word' id='word_1_25' title='bbox 681 831 770 892; x_wconf 90' lang='lat' dir='ltr'><strong>enim</strong></span> <span class='ocrx_word' id='word_1_26' title='bbox 787 846 919 906; x_wconf 87' lang='lat' dir='ltr'><strong>prorsus</strong></span> <span class='ocrx_word' id='word_1_27' title='bbox 949 831 1101 893; x_wconf 87' lang='lat' dir='ltr'><strong>convenit</strong></span> <span class='ocrx_word' id='word_1_28' title='bbox 1130 829 1381 891; x_wconf 90' lang='lat' dir='ltr'><strong>callimacheum</strong></span> <span class='ocrx_word' id='word_1_29' title='bbox 1411 824 1493 904; x_wconf 77' lang='grc' dir='ltr'><strong><em>,οδιε</em></strong></span> 
     </span>
     <span class='ocr_line' id='line_1_5' title="bbox 224 928 1471 1012; baseline -0.001 -19"><span class='ocrx_word' id='word_1_30' title='bbox 224 933 338 994; x_wconf 80' lang='grc' dir='ltr'><strong><em>κτύπον</em></strong></span> <span class='ocrx_word' id='word_1_31' title='bbox 358 930 446 994; x_wconf 77' lang='grc' dir='ltr'><strong><em>οὔασι</em></strong></span> <span class='ocrx_word' id='word_1_32' title='bbox 463 931 600 1012; x_wconf 81' lang='grc' dir='ltr'><strong><em>δέχθαι”,</em></strong></span> <span class='ocrx_word' id='word_1_33' title='bbox 621 933 785 995; x_wconf 78' lang='lat' dir='ltr'><strong>homerico</strong></span> <span class='ocrx_word' id='word_1_34' title='bbox 812 929 909 1010; x_wconf 72' lang='grc' dir='ltr'><strong><em>,ἀμφὶ</em></strong></span> <span class='ocrx_word' id='word_1_35' title='bbox 928 932 1038 1005; x_wconf 79' lang='grc' dir='ltr'><strong><em>κτύπος</em></strong></span> <span class='ocrx_word' id='word_1_36' title='bbox 1061 928 1155 992; x_wconf 78' lang='grc' dir='ltr'><strong><em>οὔατα</em></strong></span> <span class='ocrx_word' id='word_1_37' title='bbox 1174 929 1293 1010; x_wconf 52' lang='lat' dir='ltr'><strong>pius?</strong></span> <span class='ocrx_word' id='word_1_38' title='bbox 1319 932 1368 1002; x_wconf 88' lang='lat' dir='ltr'><strong>(K.</strong></span> <span class='ocrx_word' id='word_1_39' title='bbox 1386 933 1471 1002; x_wconf 83' lang='lat'><strong>535).</strong></span> 
     </span>
     <span class='ocr_line' id='line_1_6' title="bbox 269 1031 1491 1112; baseline -0.002 -17"><span class='ocrx_word' id='word_1_40' title='bbox 269 1031 435 1112; x_wconf 79' lang='grc' dir='ltr'><strong><em>ἀκηδέες</em></strong></span> <span class='ocrx_word' id='word_1_41' title='bbox 466 1036 577 1096; x_wconf 90' lang='lat' dir='ltr'><strong>autem</strong></span> <span class='ocrx_word' id='word_1_42' title='bbox 601 1033 836 1108; x_wconf 78' lang='lat' dir='ltr'><strong>significatione</strong></span> <span class='ocrx_word' id='word_1_43' title='bbox 860 1034 1006 1096; x_wconf 89' lang='lat' dir='ltr'><strong>nonnihil</strong></span> <span class='ocrx_word' id='word_1_44' title='bbox 1029 1034 1158 1095; x_wconf 91' lang='lat' dir='ltr'><strong>aberrat</strong></span> <span class='ocrx_word' id='word_1_45' title='bbox 1184 1033 1224 1093; x_wconf 94' lang='lat' dir='ltr'><strong>ab</strong></span> <span class='ocrx_word' id='word_1_46' title='bbox 1246 1033 1412 1093; x_wconf 91' lang='lat' dir='ltr'><strong>homerica</strong></span> <span class='ocrx_word' id='word_1_47' title='bbox 1435 1032 1491 1093; x_wconf 86' lang='lat' dir='ltr'><strong>dio·</strong></span> 
     </span>
     <span class='ocr_line' id='line_1_7' title="bbox 225 1130 1491 1214; baseline -0.003 -18"><span class='ocrx_word' id='word_1_48' title='bbox 225 1137 322 1214; x_wconf 85' lang='lat' dir='ltr'><strong>tione,</strong></span> <span class='ocrx_word' id='word_1_49' title='bbox 357 1151 421 1198; x_wconf 91' lang='lat' dir='ltr'><strong>non</strong></span> <span class='ocrx_word' id='word_1_50' title='bbox 455 1136 542 1199; x_wconf 90' lang='lat' dir='ltr'><strong>enim</strong></span> <span class='ocrx_word' id='word_1_51' title='bbox 577 1131 691 1207; x_wconf 78' lang='grc' dir='ltr'><strong><em>έλαιιος</em></strong></span> <span class='ocrx_word' id='word_1_52' title='bbox 724 1138 836 1197; x_wconf 89' lang='lat' dir='ltr'><strong>nostro</strong></span> <span class='ocrx_word' id='word_1_53' title='bbox 866 1136 936 1198; x_wconf 88' lang='lat' dir='ltr'><strong>loco</strong></span> <span class='ocrx_word' id='word_1_54' title='bbox 959 1135 1121 1210; x_wconf 80' lang='lat' dir='ltr'><strong>significat</strong></span> <span class='ocrx_word' id='word_1_55' title='bbox 1147 1150 1262 1196; x_wconf 86' lang='lat' dir='ltr'><strong>verum</strong></span> <span class='ocrx_word' id='word_1_56' title='bbox 1285 1130 1411 1212; x_wconf 75' lang='grc' dir='ltr'><strong><em>ἄφοβος.</em></strong></span> <span class='ocrx_word' id='word_1_57' title='bbox 1436 1133 1491 1193; x_wconf 84' lang='lat' dir='ltr'><strong>Ad·</strong></span> 
     </span>
     <span class='ocr_line' id='line_1_8' title="bbox 225 1234 1493 1316; baseline -0.005 -16"><span class='ocrx_word' id='word_1_58' title='bbox 225 1239 360 1300; x_wconf 91' lang='lat' dir='ltr'><strong>ductum</strong></span> <span class='ocrx_word' id='word_1_59' title='bbox 391 1253 464 1299; x_wconf 87' lang='lat' dir='ltr'><strong>esse</strong></span> <span class='ocrx_word' id='word_1_60' title='bbox 493 1238 633 1300; x_wconf 80' lang='lat' dir='ltr'><strong>dixerim</strong></span> <span class='ocrx_word' id='word_1_61' title='bbox 657 1237 902 1316; x_wconf 76' lang='lat' dir='ltr'><strong>Callimachum,</strong></span> <span class='ocrx_word' id='word_1_62' title='bbox 926 1239 982 1312; x_wconf 85' lang='lat' dir='ltr'><strong>qui</strong></span> <span class='ocrx_word' id='word_1_63' title='bbox 1004 1239 1085 1300; x_wconf 89' lang='lat' dir='ltr'><strong>bene</strong></span> <span class='ocrx_word' id='word_1_64' title='bbox 1112 1240 1224 1299; x_wconf 89' lang='lat' dir='ltr'><strong>nosset</strong></span> <span class='ocrx_word' id='word_1_65' title='bbox 1249 1236 1326 1310; x_wconf 89' lang='lat' dir='ltr'><strong>quid</strong></span> <span class='ocrx_word' id='word_1_66' title='bbox 1348 1234 1442 1313; x_wconf 80' lang='grc' dir='ltr'><strong><em>κῆδος</em></strong></span> <span class='ocrx_word' id='word_1_67' title='bbox 1464 1239 1493 1295; x_wconf 88' lang='lat' dir='ltr'><strong>et</strong></span> 
     </span>
     <span class='ocr_line' id='line_1_9' title="bbox 225 1337 1492 1418; baseline -0.002 -19"><span class='ocrx_word' id='word_1_68' title='bbox 225 1339 328 1418; x_wconf 81' lang='grc' dir='ltr'><strong><em>κήδειν</em></strong></span> <span class='ocrx_word' id='word_1_69' title='bbox 351 1339 570 1414; x_wconf 76' lang='lat' dir='ltr'><strong>significarent</strong></span> <span class='ocrx_word' id='word_1_70' title='bbox 591 1340 642 1411; x_wconf 83' lang='lat' dir='ltr'><strong>(cf.</strong></span> <span class='ocrx_word' id='word_1_71' title='bbox 662 1341 720 1402; x_wconf 89' lang='lat' dir='ltr'><strong>iii.</strong></span> <span class='ocrx_word' id='word_1_72' title='bbox 742 1341 823 1416; x_wconf 82' lang='lat'>231;</span> <span class='ocrx_word' id='word_1_73' title='bbox 844 1341 959 1415; x_wconf 80' lang='lat' dir='ltr'><strong>fragm.</strong></span> <span class='ocrx_word' id='word_1_74' title='bbox 984 1343 1060 1412; x_wconf 84' lang='grc'>536)</span> <span class='ocrx_word' id='word_1_75' title='bbox 1084 1341 1124 1402; x_wconf 83' lang='grc' dir='ltr'><strong><em>οδ</em></strong></span> <span class='ocrx_word' id='word_1_76' title='bbox 1152 1354 1248 1400; x_wconf 91' lang='lat' dir='ltr'><strong>usum</strong></span> <span class='ocrx_word' id='word_1_77' title='bbox 1273 1338 1363 1399; x_wconf 86' lang='lat' dir='ltr'><strong>vocis</strong></span> <span class='ocrx_word' id='word_1_78' title='bbox 1387 1337 1492 1397; x_wconf 87' lang='lat' dir='ltr'><strong>minus</strong></span> 
     </span>
     <span class='ocr_line' id='line_1_10' title="bbox 225 1434 1492 1522; baseline -0.004 -19"><span class='ocrx_word' id='word_1_79' title='bbox 225 1442 359 1503; x_wconf 89' lang='lat' dir='ltr'><strong>solitum</strong></span> <span class='ocrx_word' id='word_1_80' title='bbox 379 1445 438 1504; x_wconf 85' lang='lat' dir='ltr'><strong>aut</strong></span> <span class='ocrx_word' id='word_1_81' title='bbox 456 1458 552 1504; x_wconf 84' lang='lat' dir='ltr'><strong>versu</strong></span> <span class='ocrx_word' id='word_1_82' title='bbox 582 1443 620 1503; x_wconf 86' lang='grc' dir='ltr'><strong>Φ.</strong></span> <span class='ocrx_word' id='word_1_83' title='bbox 643 1443 705 1503; x_wconf 88' lang='grc'><strong>123</strong></span> <span class='ocrx_word' id='word_1_84' title='bbox 729 1434 807 1519; x_wconf 79' lang='grc' dir='ltr'><strong><em>,αἷμ’</em></strong></span> <span class='ocrx_word' id='word_1_85' title='bbox 833 1439 1084 1522; x_wconf 75' lang='grc' dir='ltr'><strong><em>ἀπολιχμήσονται</em></strong></span> <span class='ocrx_word' id='word_1_86' title='bbox 1103 1437 1245 1519; x_wconf 52' lang='lat' dir='ltr'><strong>dapib&amp;</strong></span> <span class='ocrx_word' id='word_1_87' title='bbox 1276 1440 1331 1500; x_wconf 90' lang='lat' dir='ltr'><strong>ubi</strong></span> <span class='ocrx_word' id='word_1_88' title='bbox 1351 1438 1492 1500; x_wconf 88' lang='lat' dir='ltr'><strong>nonnulli</strong></span> 
     </span>
     <span class='ocr_line' id='line_1_11' title="bbox 226 1539 1490 1621; baseline -0.006 -15"><span class='ocrx_word' id='word_1_89' title='bbox 226 1560 339 1606; x_wconf 87' lang='lat' dir='ltr'><strong>vocem</strong></span> <span class='ocrx_word' id='word_1_90' title='bbox 370 1544 664 1620; x_wconf 88' lang='lat' dir='ltr'><strong>interpretabantur</strong></span> <span class='ocrx_word' id='word_1_91' title='bbox 689 1544 840 1621; x_wconf 80' lang='lat' dir='ltr'><strong>„eeouri”,</strong></span> <span class='ocrx_word' id='word_1_92' title='bbox 868 1548 935 1621; x_wconf 86' lang='lat' dir='ltr'><strong>aut,</strong></span> <span class='ocrx_word' id='word_1_93' title='bbox 959 1543 1042 1618; x_wconf 90' lang='lat' dir='ltr'><strong>quod</strong></span> <span class='ocrx_word' id='word_1_94' title='bbox 1066 1543 1170 1604; x_wconf 90' lang='lat' dir='ltr'><strong>multo</strong></span> <span class='ocrx_word' id='word_1_95' title='bbox 1193 1540 1392 1617; x_wconf 83' lang='lat' dir='ltr'><strong>probabilius</strong></span> <span class='ocrx_word' id='word_1_96' title='bbox 1415 1539 1490 1601; x_wconf 90' lang='lat' dir='ltr'><strong>mihi</strong></span> 
     </span>
     <span class='ocr_line' id='line_1_12' title="bbox 227 1646 882 1708; baseline 0.002 -2"><span class='ocrx_word' id='word_1_97' title='bbox 227 1646 354 1708; x_wconf 89' lang='lat' dir='ltr'><strong>videtur</strong></span> <span class='ocrx_word' id='word_1_98' title='bbox 375 1647 559 1707; x_wconf 82' lang='lat' dir='ltr'><strong>notissimis</strong></span> <span class='ocrx_word' id='word_1_99' title='bbox 582 1646 730 1708; x_wconf 88' lang='lat' dir='ltr'><strong>versibus</strong></span> <span class='ocrx_word' id='word_1_100' title='bbox 752 1646 794 1708; x_wconf 75' lang='lat' dir='ltr'><strong>a.</strong></span> <span class='ocrx_word' id='word_1_101' title='bbox 819 1647 882 1708; x_wconf 83' lang='grc'><strong>526</strong></span> 
     </span>
     <span class='ocr_line' id='line_1_13' title="bbox 453 1737 1254 1828; baseline -0.002 -21"><span class='ocrx_word' id='word_1_102' title='bbox 453 1737 512 1825; x_wconf 73' lang='grc' dir='ltr'><strong>,ὥς</strong></span> <span class='ocrx_word' id='word_1_103' title='bbox 533 1744 590 1828; x_wconf 77' lang='grc' dir='ltr'><strong>γὰρ</strong></span> <span class='ocrx_word' id='word_1_104' title='bbox 612 1744 814 1808; x_wconf 74' lang='grc' dir='ltr'><strong><em>ἐπεκλώσαντο</em></strong></span> <span class='ocrx_word' id='word_1_105' title='bbox 836 1744 905 1808; x_wconf 75' lang='grc' dir='ltr'><strong><em>θεοὶ</em></strong></span> <span class='ocrx_word' id='word_1_106' title='bbox 928 1746 1101 1807; x_wconf 78' lang='grc' dir='ltr'><strong><em>δειλοῖσι</em></strong></span> <span class='ocrx_word' id='word_1_107' title='bbox 1123 1747 1254 1827; x_wconf 80' lang='grc' dir='ltr'><strong><em>βροτοῖσι</em></strong></span> 
     </span>
     <span class='ocr_line' id='line_1_14' title="bbox 448 1842 1259 1929; baseline -0.005 -19"><span class='ocrx_word' id='word_1_108' title='bbox 448 1846 557 1927; x_wconf 81' lang='grc' dir='ltr'><strong><em>ζωέμεν</em></strong></span> <span class='ocrx_word' id='word_1_109' title='bbox 579 1846 774 1929; x_wconf 73' lang='grc' dir='ltr'><strong><em>ἀχνυμένους,</em></strong></span> <span class='ocrx_word' id='word_1_110' title='bbox 796 1846 882 1911; x_wconf 72' lang='grc' dir='ltr'><strong><em>αὐτοὶ</em></strong></span> <span class='ocrx_word' id='word_1_111' title='bbox 905 1845 938 1909; x_wconf 91' lang='grc' dir='ltr'><strong>δέ</strong></span> <span class='ocrx_word' id='word_1_112' title='bbox 959 1842 981 1908; x_wconf 87' lang='grc' dir='ltr'><strong>τ’</strong></span> <span class='ocrx_word' id='word_1_113' title='bbox 1007 1845 1172 1927; x_wconf 76' lang='grc' dir='ltr'><strong><em>ἀκηδέες</em></strong></span> <span class='ocrx_word' id='word_1_114' title='bbox 1196 1845 1259 1907; x_wconf 85' lang='grc' dir='ltr'><strong><em>εέσέ·</em></strong></span> 
     </span>
     <span class='ocr_line' id='line_1_15' title="bbox 226 1946 1493 2035; baseline -0.002 -24"><span class='ocrx_word' id='word_1_115' title='bbox 226 1951 281 2012; x_wconf 91' lang='lat' dir='ltr'><strong>ubi</strong></span> <span class='ocrx_word' id='word_1_116' title='bbox 315 1946 429 2029; x_wconf 73' lang='grc' dir='ltr'><strong><em>ἀκηδὴς</em></strong></span> <span class='ocrx_word' id='word_1_117' title='bbox 459 1951 643 2027; x_wconf 89' lang='lat' dir='ltr'><strong>oppositum</strong></span> <span class='ocrx_word' id='word_1_118' title='bbox 674 1967 747 2013; x_wconf 86' lang='lat' dir='ltr'><strong>esse</strong></span> <span class='ocrx_word' id='word_1_119' title='bbox 777 1961 817 2035; x_wconf 74' lang='grc' dir='ltr'><strong>τῷ</strong></span> <span class='ocrx_word' id='word_1_120' title='bbox 853 1950 974 2011; x_wconf 75' lang='grc' dir='ltr'><strong><em>δειλοῖσι</em></strong></span> <span class='ocrx_word' id='word_1_121' title='bbox 1004 1951 1220 2011; x_wconf 82' lang='lat' dir='ltr'><strong>arbitrabatur</strong></span> <span class='ocrx_word' id='word_1_122' title='bbox 1247 1951 1280 2010; x_wconf 93' lang='lat' dir='ltr'><strong>et</strong></span> <span class='ocrx_word' id='word_1_123' title='bbox 1302 1963 1367 2010; x_wconf 94' lang='lat' dir='ltr'><strong>non</strong></span> <span class='ocrx_word' id='word_1_124' title='bbox 1391 1948 1493 2010; x_wconf 89' lang='lat' dir='ltr'><strong>solum</strong></span> 
     </span>
     <span class='ocr_line' id='line_1_16' title="bbox 225 2051 1493 2129; baseline -0.003 -15"><span class='ocrx_word' id='word_1_125' title='bbox 225 2069 303 2114; x_wconf 90' lang='lat' dir='ltr'><strong>cura</strong></span> <span class='ocrx_word' id='word_1_126' title='bbox 336 2068 457 2114; x_wconf 87' lang='lat' dir='ltr'><strong>vacuos</strong></span> <span class='ocrx_word' id='word_1_127' title='bbox 490 2054 546 2115; x_wconf 89' lang='lat' dir='ltr'><strong>sed</strong></span> <span class='ocrx_word' id='word_1_128' title='bbox 577 2056 669 2114; x_wconf 91' lang='lat' dir='ltr'><strong>metu</strong></span> <span class='ocrx_word' id='word_1_129' title='bbox 703 2068 829 2127; x_wconf 89' lang='lat' dir='ltr'><strong>quoque</strong></span> <span class='ocrx_word' id='word_1_130' title='bbox 863 2053 980 2115; x_wconf 90' lang='lat' dir='ltr'><strong>liberos</strong></span> <span class='ocrx_word' id='word_1_131' title='bbox 1014 2052 1165 2129; x_wconf 88' lang='lat' dir='ltr'><strong>indicare,</strong></span> <span class='ocrx_word' id='word_1_132' title='bbox 1190 2066 1289 2126; x_wconf 89' lang='lat' dir='ltr'><strong>quam</strong></span> <span class='ocrx_word' id='word_1_133' title='bbox 1313 2051 1493 2126; x_wconf 89' lang='lat' dir='ltr'><strong>opinionem</strong></span> 
     </span>
    </p>

    <p class='ocr_par' dir='ltr' id='par_1_3' title="bbox 175 2151 1495 2335">
     <span class='ocr_line' id='line_1_17' title="bbox 226 2151 1495 2231; baseline -0.002 -16"><span class='ocrx_word' id='word_1_134' title='bbox 226 2156 463 2228; x_wconf 87' lang='lat' dir='ltr'><strong>quodammodo</strong></span> <span class='ocrx_word' id='word_1_135' title='bbox 493 2154 624 2217; x_wconf 84' lang='lat' dir='ltr'><strong>firmare</strong></span> <span class='ocrx_word' id='word_1_136' title='bbox 651 2157 777 2231; x_wconf 90' lang='lat' dir='ltr'><strong>poterat</strong></span> <span class='ocrx_word' id='word_1_137' title='bbox 803 2154 964 2217; x_wconf 89' lang='lat' dir='ltr'><strong>hesiodeis</strong></span> <span class='ocrx_word' id='word_1_138' title='bbox 991 2155 1098 2215; x_wconf 88' lang='lat' dir='ltr'><strong>verbis</strong></span> <span class='ocrx_word' id='word_1_139' title='bbox 1123 2154 1163 2215; x_wconf 92' lang='lat' dir='ltr'><strong>de</strong></span> <span class='ocrx_word' id='word_1_140' title='bbox 1190 2154 1266 2215; x_wconf 90' lang='lat' dir='ltr'><strong>love</strong></span> <span class='ocrx_word' id='word_1_141' title='bbox 1301 2153 1410 2228; x_wconf 74' lang='lat' dir='ltr'><strong>ilaop.</strong></span> <span class='ocrx_word' id='word_1_142' title='bbox 1435 2151 1495 2214; x_wconf 82' lang='lat'><strong>489</strong></span> 
     </span>
     <span class='ocr_line' id='line_1_18' title="bbox 175 2240 632 2335; baseline 0 -19"><span class='ocrx_word' id='word_1_143' title='bbox 175 2240 180 2245; x_wconf 40' lang='lat'><strong>⁴</strong></span> <span class='ocrx_word' id='word_1_144' title='bbox 233 2253 389 2335; x_wconf 79' lang='grc' dir='ltr'><strong><em>,ἀνίκητος</em></strong></span> <span class='ocrx_word' id='word_1_145' title='bbox 412 2255 463 2317; x_wconf 71' lang='grc' dir='ltr'><strong><em>καὶ</em></strong></span> <span class='ocrx_word' id='word_1_146' title='bbox 486 2253 632 2335; x_wconf 74' lang='grc' dir='ltr'><strong>ἀκηδής”.</strong></span> 
     </span>
    </p>

    <p class='ocr_par' dir='ltr' id='par_1_4' title="bbox 226 2354 1499 3842">
     <span class='ocr_line' id='line_1_19' title="bbox 273 2354 1495 2436; baseline 0 -19"><span class='ocrx_word' id='word_1_147' title='bbox 273 2355 317 2418; x_wconf 82' lang='grc' dir='ltr'><strong><em>οδ</em></strong></span> <span class='ocrx_word' id='word_1_148' title='bbox 340 2354 500 2436; x_wconf 83' lang='grc' dir='ltr'><strong><em>νέμεσις</em></strong></span> <span class='ocrx_word' id='word_1_149' title='bbox 531 2358 626 2432; x_wconf 83' lang='lat' dir='ltr'><strong>(quod</strong></span> <span class='ocrx_word' id='word_1_150' title='bbox 656 2358 767 2420; x_wconf 90' lang='lat' dir='ltr'><strong>dubito</strong></span> <span class='ocrx_word' id='word_1_151' title='bbox 790 2372 870 2418; x_wconf 93' lang='lat' dir='ltr'><strong>num</strong></span> <span class='ocrx_word' id='word_1_152' title='bbox 894 2358 981 2418; x_wconf 90' lang='lat' dir='ltr'><strong>recte</strong></span> <span class='ocrx_word' id='word_1_153' title='bbox 1005 2355 1145 2418; x_wconf 79' lang='lat' dir='ltr'><strong>Oobetus</strong></span> <span class='ocrx_word' id='word_1_154' title='bbox 1168 2356 1370 2418; x_wconf 86' lang='lat' dir='ltr'><strong>contenderit</strong></span> <span class='ocrx_word' id='word_1_155' title='bbox 1393 2371 1495 2433; x_wconf 93' lang='lat' dir='ltr'><strong>perpe·</strong></span> 
     </span>
     <span class='ocr_line' id='line_1_20' title="bbox 228 2456 1497 2537; baseline 0.002 -20"><span class='ocrx_word' id='word_1_156' title='bbox 228 2473 299 2519; x_wconf 88' lang='lat' dir='ltr'><strong>ram</strong></span> <span class='ocrx_word' id='word_1_157' title='bbox 322 2475 378 2534; x_wconf 90' lang='lat' dir='ltr'><strong>pro</strong></span> <span class='ocrx_word' id='word_1_158' title='bbox 409 2457 446 2519; x_wconf 82' lang='grc' dir='ltr'><strong><em>οδ</em></strong></span> <span class='ocrx_word' id='word_1_159' title='bbox 469 2463 576 2537; x_wconf 79' lang='grc' dir='ltr'><strong><em>θαῦμα</em></strong></span> <span class='ocrx_word' id='word_1_160' title='bbox 599 2459 779 2520; x_wconf 90' lang='lat' dir='ltr'><strong>adhibitum</strong></span> <span class='ocrx_word' id='word_1_161' title='bbox 802 2463 885 2530; x_wconf 88' lang='lat' dir='ltr'><strong>esse)</strong></span> <span class='ocrx_word' id='word_1_162' title='bbox 908 2458 971 2518; x_wconf 89' lang='lat' dir='ltr'><strong>nisi</strong></span> <span class='ocrx_word' id='word_1_163' title='bbox 999 2473 1074 2518; x_wconf 95' lang='lat' dir='ltr'><strong>cum</strong></span> <span class='ocrx_word' id='word_1_164' title='bbox 1103 2456 1263 2519; x_wconf 86' lang='lat' dir='ltr'><strong>infinitivo</strong></span> <span class='ocrx_word' id='word_1_165' title='bbox 1290 2459 1497 2520; x_wconf 89' lang='lat' dir='ltr'><strong>coniunctum</strong></span> 
     </span>
     <span class='ocr_line' id='line_1_21' title="bbox 229 2560 1496 2638; baseline 0.001 -18"><span class='ocrx_word' id='word_1_166' title='bbox 229 2561 262 2620; x_wconf 91' lang='lat' dir='ltr'><strong>in</strong></span> <span class='ocrx_word' id='word_1_167' title='bbox 292 2561 465 2623; x_wconf 81' lang='lat' dir='ltr'><strong>homericis</strong></span> <span class='ocrx_word' id='word_1_168' title='bbox 493 2577 560 2624; x_wconf 91' lang='lat' dir='ltr'><strong>non</strong></span> <span class='ocrx_word' id='word_1_169' title='bbox 589 2563 737 2624; x_wconf 85' lang='lat' dir='ltr'><strong>occurrit.</strong></span> <span class='ocrx_word' id='word_1_170' title='bbox 762 2562 847 2623; x_wconf 89' lang='lat' dir='ltr'><strong>Leve</strong></span> <span class='ocrx_word' id='word_1_171' title='bbox 871 2563 983 2623; x_wconf 86' lang='lat' dir='ltr'><strong>autem</strong></span> <span class='ocrx_word' id='word_1_172' title='bbox 1006 2562 1066 2622; x_wconf 91' lang='lat' dir='ltr'><strong>boc</strong></span> <span class='ocrx_word' id='word_1_173' title='bbox 1089 2565 1150 2638; x_wconf 87' lang='lat' dir='ltr'><strong>esi,</strong></span> <span class='ocrx_word' id='word_1_174' title='bbox 1174 2561 1260 2622; x_wconf 90' lang='lat' dir='ltr'><strong>haud</strong></span> <span class='ocrx_word' id='word_1_175' title='bbox 1283 2560 1388 2622; x_wconf 89' lang='lat' dir='ltr'><strong>semel</strong></span> <span class='ocrx_word' id='word_1_176' title='bbox 1413 2561 1496 2622; x_wconf 88' lang='lat' dir='ltr'><strong>enim</strong></span> 
     </span>
     <span class='ocr_line' id='line_1_22' title="bbox 228 2659 1495 2740; baseline 0.001 -19"><span class='ocrx_word' id='word_1_177' title='bbox 228 2661 275 2722; x_wconf 84' lang='lat' dir='ltr'><strong>ita</strong></span> <span class='ocrx_word' id='word_1_178' title='bbox 304 2663 398 2735; x_wconf 85' lang='lat' dir='ltr'><strong>quasi</strong></span> <span class='ocrx_word' id='word_1_179' title='bbox 432 2663 465 2723; x_wconf 94' lang='lat' dir='ltr'><strong>in</strong></span> <span class='ocrx_word' id='word_1_180' title='bbox 496 2664 682 2739; x_wconf 82' lang='lat' dir='ltr'><strong>parenthesi</strong></span> <span class='ocrx_word' id='word_1_181' title='bbox 712 2663 859 2725; x_wconf 88' lang='lat' dir='ltr'><strong>adhibuit</strong></span> <span class='ocrx_word' id='word_1_182' title='bbox 881 2663 1044 2724; x_wconf 87' lang='lat' dir='ltr'><strong>Homerus</strong></span> <span class='ocrx_word' id='word_1_183' title='bbox 1079 2660 1275 2740; x_wconf 75' lang='grc' dir='ltr'><strong><em>,νεμεσσητὸν</em></strong></span> <span class='ocrx_word' id='word_1_184' title='bbox 1299 2659 1333 2722; x_wconf 90' lang='grc' dir='ltr'><strong>δέ</strong></span> <span class='ocrx_word' id='word_1_185' title='bbox 1358 2683 1411 2722; x_wconf 85' lang='grc' dir='ltr'><strong><em>κεν</em></strong></span> <span class='ocrx_word' id='word_1_186' title='bbox 1434 2661 1495 2739; x_wconf 63' lang='grc' dir='ltr'><strong><em>εἴιμ’</em></strong></span> 
     </span>
     <span class='ocr_line' id='line_1_23' title="bbox 227 2762 1495 2843; baseline 0.002 -21"><span class='ocrx_word' id='word_1_187' title='bbox 227 2765 272 2833; x_wconf 84' lang='grc' dir='ltr'><strong>(Γ.</strong></span> <span class='ocrx_word' id='word_1_188' title='bbox 286 2765 352 2824; x_wconf 85' lang='grc'><strong>410</strong></span> <span class='ocrx_word' id='word_1_189' title='bbox 363 2767 397 2825; x_wconf 88' lang='lat' dir='ltr'><strong>et</strong></span> <span class='ocrx_word' id='word_1_190' title='bbox 409 2764 462 2836; x_wconf 83' lang='lat' dir='ltr'><strong>al.)</strong></span> <span class='ocrx_word' id='word_1_191' title='bbox 481 2780 584 2839; x_wconf 90' lang='lat' dir='ltr'><strong>neque</strong></span> <span class='ocrx_word' id='word_1_192' title='bbox 605 2766 689 2827; x_wconf 89' lang='lat' dir='ltr'><strong>inter</strong></span> <span class='ocrx_word' id='word_1_193' title='bbox 707 2762 823 2842; x_wconf 87' lang='grc' dir='ltr'><strong><em>νέμεσις</em></strong></span> <span class='ocrx_word' id='word_1_194' title='bbox 843 2768 878 2827; x_wconf 85' lang='lat' dir='ltr'><strong>et</strong></span> <span class='ocrx_word' id='word_1_195' title='bbox 892 2763 1053 2843; x_wconf 77' lang='grc' dir='ltr'><strong><em>νεμεσητὸν</em></strong></span> <span class='ocrx_word' id='word_1_196' title='bbox 1066 2765 1241 2838; x_wconf 84' lang='lat' dir='ltr'><strong>quidquam</strong></span> <span class='ocrx_word' id='word_1_197' title='bbox 1255 2765 1365 2826; x_wconf 84' lang='lat' dir='ltr'><strong>dietat.</strong></span> <span class='ocrx_word' id='word_1_198' title='bbox 1387 2766 1495 2840; x_wconf 90' lang='lat' dir='ltr'><strong>Ipsum</strong></span> 
     </span>
     <span class='ocr_line' id='line_1_24' title="bbox 226 2865 1497 2943; baseline 0.001 -18"><span class='ocrx_word' id='word_1_199' title='bbox 226 2865 471 2927; x_wconf 88' lang='lat' dir='ltr'><strong>substantivum</strong></span> <span class='ocrx_word' id='word_1_200' title='bbox 492 2867 580 2927; x_wconf 93' lang='lat' dir='ltr'><strong>nullo</strong></span> <span class='ocrx_word' id='word_1_201' title='bbox 603 2868 727 2929; x_wconf 88' lang='lat' dir='ltr'><strong>adiecto</strong></span> <span class='ocrx_word' id='word_1_202' title='bbox 747 2866 907 2929; x_wconf 88' lang='lat' dir='ltr'><strong>infinitivo</strong></span> <span class='ocrx_word' id='word_1_203' title='bbox 926 2868 1052 2943; x_wconf 88' lang='lat' dir='ltr'><strong>primus</strong></span> <span class='ocrx_word' id='word_1_204' title='bbox 1071 2866 1217 2928; x_wconf 88' lang='lat' dir='ltr'><strong>adhibuit</strong></span> <span class='ocrx_word' id='word_1_205' title='bbox 1236 2866 1411 2941; x_wconf 83' lang='lat' dir='ltr'><strong>sophocles</strong></span> <span class='ocrx_word' id='word_1_206' title='bbox 1432 2866 1497 2927; x_wconf 82' lang='lat' dir='ltr'><strong>(led.</strong></span> 
     </span>
     <span class='ocr_line' id='line_1_25' title="bbox 231 2965 1498 3043; baseline 0 -16"><span class='ocrx_word' id='word_1_207' title='bbox 231 2965 290 3028; x_wconf 80' lang='lat' dir='ltr'><strong>Coi.</strong></span> <span class='ocrx_word' id='word_1_208' title='bbox 303 2969 397 3029; x_wconf 79' lang='lat'><strong>1750.</strong></span> <span class='ocrx_word' id='word_1_209' title='bbox 413 3002 453 3012; x_wconf 96' lang='lat'>-</span> <span class='ocrx_word' id='word_1_210' title='bbox 466 2968 601 3029; x_wconf 81' lang='lat' dir='ltr'><strong>Insolito</strong></span> <span class='ocrx_word' id='word_1_211' title='bbox 620 2971 732 3030; x_wconf 89' lang='lat' dir='ltr'><strong>autem</strong></span> <span class='ocrx_word' id='word_1_212' title='bbox 752 2971 876 3031; x_wconf 88' lang='lat' dir='ltr'><strong>ratione</strong></span> <span class='ocrx_word' id='word_1_213' title='bbox 896 2971 930 3031; x_wconf 90' lang='lat' dir='ltr'><strong>et</strong></span> <span class='ocrx_word' id='word_1_214' title='bbox 944 2970 1054 3032; x_wconf 89' lang='lat' dir='ltr'><strong>ordine</strong></span> <span class='ocrx_word' id='word_1_215' title='bbox 1064 2969 1194 3030; x_wconf 89' lang='lat' dir='ltr'><strong>inverso</strong></span> <span class='ocrx_word' id='word_1_216' title='bbox 1206 2969 1349 3043; x_wconf 92' lang='lat' dir='ltr'><strong>primum</strong></span> <span class='ocrx_word' id='word_1_217' title='bbox 1361 2968 1498 3030; x_wconf 86' lang='lat' dir='ltr'><strong>intuenti</strong></span> 
     </span>
     <span class='ocr_line' id='line_1_26' title="bbox 229 3068 1498 3150; baseline 0.002 -21"><span class='ocrx_word' id='word_1_218' title='bbox 229 3068 389 3130; x_wconf 74' lang='lat' dir='ltr'><strong>videbitur</strong></span> <span class='ocrx_word' id='word_1_219' title='bbox 410 3069 534 3131; x_wconf 77' lang='lat' dir='ltr'><strong>dicium</strong></span> <span class='ocrx_word' id='word_1_220' title='bbox 565 3069 626 3148; x_wconf 69' lang='grc' dir='ltr'><strong><em>,αι’</em></strong></span> <span class='ocrx_word' id='word_1_221' title='bbox 646 3069 745 3148; x_wconf 78' lang='grc' dir='ltr'><strong><em>μάλα</em></strong></span> <span class='ocrx_word' id='word_1_222' title='bbox 777 3069 915 3150; x_wconf 81' lang='grc' dir='ltr'><strong><em>μηκέτι</em></strong></span> <span class='ocrx_word' id='word_1_223' title='bbox 943 3069 1120 3135; x_wconf 81' lang='grc' dir='ltr'><strong><em>τοτθαί”.</em></strong></span> <span class='ocrx_word' id='word_1_224' title='bbox 1152 3070 1262 3143; x_wconf 78' lang='lat' dir='ltr'><strong>Neque</strong></span> <span class='ocrx_word' id='word_1_225' title='bbox 1285 3073 1399 3131; x_wconf 79' lang='lat' dir='ltr'><strong>tamen</strong></span> <span class='ocrx_word' id='word_1_226' title='bbox 1423 3072 1498 3132; x_wconf 87' lang='lat' dir='ltr'><strong>haec</strong></span> 
     </span>
     <span class='ocr_line' id='line_1_27' title="bbox 227 3165 1499 3249; baseline 0.002 -20"><span class='ocrx_word' id='word_1_227' title='bbox 227 3169 321 3245; x_wconf 86' lang='lat' dir='ltr'><strong>longe</strong></span> <span class='ocrx_word' id='word_1_228' title='bbox 341 3171 487 3234; x_wconf 89' lang='lat' dir='ltr'><strong>recedere</strong></span> <span class='ocrx_word' id='word_1_229' title='bbox 518 3173 557 3234; x_wconf 89' lang='lat' dir='ltr'><strong>ab</strong></span> <span class='ocrx_word' id='word_1_230' title='bbox 582 3173 672 3248; x_wconf 88' lang='lat' dir='ltr'><strong>opica</strong></span> <span class='ocrx_word' id='word_1_231' title='bbox 694 3174 832 3235; x_wconf 86' lang='lat' dir='ltr'><strong>dictione</strong></span> <span class='ocrx_word' id='word_1_232' title='bbox 855 3176 951 3249; x_wconf 89' lang='lat' dir='ltr'><strong>poeta</strong></span> <span class='ocrx_word' id='word_1_233' title='bbox 972 3173 1125 3249; x_wconf 87' lang='lat' dir='ltr'><strong>putabat:</strong></span> <span class='ocrx_word' id='word_1_234' title='bbox 1149 3165 1212 3248; x_wconf 78' lang='grc' dir='ltr'><strong><em>μέλ’</em></strong></span> <span class='ocrx_word' id='word_1_235' title='bbox 1245 3169 1283 3231; x_wconf 79' lang='grc' dir='ltr'><strong><em>οὐ</em></strong></span> <span class='ocrx_word' id='word_1_236' title='bbox 1307 3172 1396 3232; x_wconf 92' lang='lat' dir='ltr'><strong>enim</strong></span> <span class='ocrx_word' id='word_1_237' title='bbox 1421 3173 1499 3233; x_wconf 88' lang='lat' dir='ltr'><strong>satia</strong></span> 
     </span>
     <span class='ocr_line' id='line_1_28' title="bbox 227 3273 1497 3350; baseline 0.003 -19"><span class='ocrx_word' id='word_1_238' title='bbox 227 3273 341 3332; x_wconf 90' lang='lat' dir='ltr'><strong>notum</strong></span> <span class='ocrx_word' id='word_1_239' title='bbox 362 3275 432 3333; x_wconf 87' lang='lat' dir='ltr'><strong>erat</strong></span> <span class='ocrx_word' id='word_1_240' title='bbox 450 3273 500 3344; x_wconf 87' lang='lat' dir='ltr'><strong>(oi.</strong></span> <span class='ocrx_word' id='word_1_241' title='bbox 524 3289 623 3349; x_wconf 90' lang='lat' dir='ltr'><strong>supra</strong></span> <span class='ocrx_word' id='word_1_242' title='bbox 641 3290 671 3350; x_wconf 93' lang='lat' dir='ltr'><strong>p.</strong></span> <span class='ocrx_word' id='word_1_243' title='bbox 693 3276 735 3336; x_wconf 90' lang='grc'><strong>30</strong></span> <span class='ocrx_word' id='word_1_244' title='bbox 756 3277 789 3337; x_wconf 91' lang='lat' dir='ltr'><strong>et</strong></span> <span class='ocrx_word' id='word_1_245' title='bbox 808 3275 904 3337; x_wconf 92' lang='lat' dir='ltr'><strong>Hom.</strong></span> <span class='ocrx_word' id='word_1_246' title='bbox 926 3277 960 3336; x_wconf 91' lang='grc' dir='ltr'><strong>Β.</strong></span> <span class='ocrx_word' id='word_1_247' title='bbox 975 3276 1050 3346; x_wconf 84' lang='grc'>241)</span> <span class='ocrx_word' id='word_1_248' title='bbox 1074 3277 1109 3335; x_wconf 89' lang='lat' dir='ltr'><strong>at</strong></span> <span class='ocrx_word' id='word_1_249' title='bbox 1132 3274 1269 3335; x_wconf 89' lang='lat' dir='ltr'><strong>ulterius</strong></span> <span class='ocrx_word' id='word_1_250' title='bbox 1292 3290 1497 3349; x_wconf 80' lang='lat' dir='ltr'><strong>progressum</strong></span> 
     </span>
     <span class='ocr_line' id='line_1_29' title="bbox 227 3372 1498 3450; baseline 0.002 -17"><span class='ocrx_word' id='word_1_251' title='bbox 227 3387 301 3434; x_wconf 88' lang='lat' dir='ltr'><strong>esse</strong></span> <span class='ocrx_word' id='word_1_252' title='bbox 335 3372 515 3435; x_wconf 91' lang='lat' dir='ltr'><strong>Homerum</strong></span> <span class='ocrx_word' id='word_1_253' title='bbox 552 3376 693 3450; x_wconf 84' lang='lat' dir='ltr'><strong>profecto</strong></span> <span class='ocrx_word' id='word_1_254' title='bbox 727 3376 890 3437; x_wconf 89' lang='lat' dir='ltr'><strong>iudicabat</strong></span> <span class='ocrx_word' id='word_1_255' title='bbox 930 3375 1158 3449; x_wconf 77' lang='lat' dir='ltr'><strong>callimachus,</strong></span> <span class='ocrx_word' id='word_1_256' title='bbox 1195 3390 1299 3449; x_wconf 89' lang='lat' dir='ltr'><strong>neque</strong></span> <span class='ocrx_word' id='word_1_257' title='bbox 1334 3376 1498 3438; x_wconf 85' lang='lat' dir='ltr'><strong>dubitasse</strong></span> 
     </span>
     <span class='ocr_line' id='line_1_30' title="bbox 228 3472 1498 3555; baseline 0.003 -21"><span class='ocrx_word' id='word_1_258' title='bbox 228 3475 355 3536; x_wconf 89' lang='lat' dir='ltr'><strong>videtur</strong></span> <span class='ocrx_word' id='word_1_259' title='bbox 396 3476 473 3549; x_wconf 89' lang='lat' dir='ltr'><strong>quin</strong></span> <span class='ocrx_word' id='word_1_260' title='bbox 516 3497 537 3536; x_wconf 84' lang='grc' dir='ltr'><strong>ε.</strong></span> <span class='ocrx_word' id='word_1_261' title='bbox 576 3478 637 3538; x_wconf 84' lang='grc'><strong>103</strong></span> <span class='ocrx_word' id='word_1_262' title='bbox 676 3475 754 3554; x_wconf 79' lang='grc' dir='ltr'><strong><em>,ὅττι</em></strong></span> <span class='ocrx_word' id='word_1_263' title='bbox 788 3472 851 3555; x_wconf 82' lang='grc' dir='ltr'><strong><em>μάλ’</em></strong></span> <span class='ocrx_word' id='word_1_264' title='bbox 889 3473 991 3549; x_wconf 80' lang='grc' dir='ltr'><strong><em>οδιιος</em></strong></span> <span class='ocrx_word' id='word_1_265' title='bbox 1024 3474 1084 3537; x_wconf 83' lang='grc' dir='ltr'><strong><em>έσιι</em></strong></span> <span class='ocrx_word' id='word_1_266' title='bbox 1117 3498 1145 3538; x_wconf 91' lang='grc' dir='ltr'><strong>κ.</strong></span> <span class='ocrx_word' id='word_1_267' title='bbox 1169 3499 1191 3536; x_wconf 86' lang='grc' dir='ltr'><strong>ι.</strong></span> <span class='ocrx_word' id='word_1_268' title='bbox 1215 3479 1261 3536; x_wconf 88' lang='grc' dir='ltr'><strong>λ”.</strong></span> <span class='ocrx_word' id='word_1_269' title='bbox 1301 3492 1365 3540; x_wconf 92' lang='lat' dir='ltr'><strong>uno</strong></span> <span class='ocrx_word' id='word_1_270' title='bbox 1404 3479 1498 3539; x_wconf 86' lang='lat' dir='ltr'><strong>verbo</strong></span> 
     </span>
     <span class='ocr_line' id='line_1_31' title="bbox 228 3575 1497 3654; baseline 0.003 -18"><span class='ocrx_word' id='word_1_271' title='bbox 228 3576 432 3638; x_wconf 89' lang='lat' dir='ltr'><strong>scribendum</strong></span> <span class='ocrx_word' id='word_1_272' title='bbox 474 3581 562 3639; x_wconf 88' lang='lat' dir='ltr'><strong>esset</strong></span> <span class='ocrx_word' id='word_1_273' title='bbox 604 3575 704 3650; x_wconf 81' lang='grc' dir='ltr'><strong><em>οδιιως</em></strong></span> <span class='ocrx_word' id='word_1_274' title='bbox 742 3580 826 3653; x_wconf 85' lang='lat' dir='ltr'><strong>quod</strong></span> <span class='ocrx_word' id='word_1_275' title='bbox 861 3580 955 3640; x_wconf 91' lang='lat' dir='ltr'><strong>hodie</strong></span> <span class='ocrx_word' id='word_1_276' title='bbox 989 3579 1165 3654; x_wconf 92' lang='lat' dir='ltr'><strong>separatim</strong></span> <span class='ocrx_word' id='word_1_277' title='bbox 1201 3581 1287 3640; x_wconf 89' lang='lat' dir='ltr'><strong>recte</strong></span> <span class='ocrx_word' id='word_1_278' title='bbox 1322 3579 1373 3641; x_wconf 91' lang='lat' dir='ltr'><strong>edi</strong></span> <span class='ocrx_word' id='word_1_279' title='bbox 1408 3580 1497 3642; x_wconf 90' lang='lat' dir='ltr'><strong>solet.</strong></span> 
     </span>
     <span class='ocr_line' id='line_1_32' title="bbox 228 3673 1496 3766; baseline 0.003 -29"><span class='ocrx_word' id='word_1_280' title='bbox 228 3677 348 3739; x_wconf 89' lang='lat' dir='ltr'><strong>Praeiit</strong></span> <span class='ocrx_word' id='word_1_281' title='bbox 370 3679 403 3739; x_wconf 92' lang='lat' dir='ltr'><strong>in</strong></span> <span class='ocrx_word' id='word_1_282' title='bbox 426 3679 487 3739; x_wconf 89' lang='lat' dir='ltr'><strong>hac</strong></span> <span class='ocrx_word' id='word_1_283' title='bbox 506 3694 541 3740; x_wconf 91' lang='lat' dir='ltr'><strong>re</strong></span> <span class='ocrx_word' id='word_1_284' title='bbox 560 3680 725 3755; x_wconf 89' lang='lat' dir='ltr'><strong>Lycophro</strong></span> <span class='ocrx_word' id='word_1_285' title='bbox 752 3681 807 3754; x_wconf 88' lang='lat' dir='ltr'><strong>qui</strong></span> <span class='ocrx_word' id='word_1_286' title='bbox 837 3682 901 3743; x_wconf 82' lang='grc'><strong>766</strong></span> <span class='ocrx_word' id='word_1_287' title='bbox 927 3676 1031 3758; x_wconf 71' lang='lat' dir='ltr'><strong>„odae</strong></span> <span class='ocrx_word' id='word_1_288' title='bbox 1055 3673 1117 3758; x_wconf 87' lang='grc' dir='ltr'><strong><em>μαλ’</em></strong></span> <span class='ocrx_word' id='word_1_289' title='bbox 1144 3675 1249 3766; x_wconf 79' lang='grc' dir='ltr'><strong><em>οδιια”</em></strong></span> <span class='ocrx_word' id='word_1_290' title='bbox 1274 3681 1415 3743; x_wconf 89' lang='lat' dir='ltr'><strong>scribere</strong></span> <span class='ocrx_word' id='word_1_291' title='bbox 1438 3695 1496 3743; x_wconf 90' lang='lat' dir='ltr'><strong>non</strong></span> 
     </span>
     <span class='ocr_line' id='line_1_33' title="bbox 228 3780 453 3842; baseline 0.009 -3"><span class='ocrx_word' id='word_1_292' title='bbox 228 3780 351 3840; x_wconf 84' lang='lat' dir='ltr'><strong>veritus</strong></span> <span class='ocrx_word' id='word_1_293' title='bbox 373 3783 453 3842; x_wconf 88' lang='lat' dir='ltr'><strong>erat.</strong></span> 
     </span>
    </p>

    <p class='ocr_par' dir='ltr' id='par_1_5' title="bbox 225 3880 1498 4679">
     <span class='ocr_line' id='line_1_34' title="bbox 272 3880 1496 3948; baseline 0.005 -8"><span class='ocrx_word' id='word_1_294' title='bbox 272 3880 440 3943; x_wconf 89' lang='lat' dir='ltr'><strong>Postremo</strong></span> <span class='ocrx_word' id='word_1_295' title='bbox 464 3881 533 3943; x_wconf 86' lang='lat' dir='ltr'><strong>loco</strong></span> <span class='ocrx_word' id='word_1_296' title='bbox 556 3897 708 3945; x_wconf 90' lang='lat' dir='ltr'><strong>moneam</strong></span> <span class='ocrx_word' id='word_1_297' title='bbox 732 3884 872 3946; x_wconf 85' lang='lat' dir='ltr'><strong>formam</strong></span> <span class='ocrx_word' id='word_1_298' title='bbox 896 3885 1088 3946; x_wconf 84' lang='lat' dir='ltr'><strong>femininam</strong></span> <span class='ocrx_word' id='word_1_299' title='bbox 1111 3880 1281 3946; x_wconf 80' lang='grc' dir='ltr'><strong><em>ταιθαέα</em></strong></span> <span class='ocrx_word' id='word_1_300' title='bbox 1304 3885 1496 3948; x_wconf 77' lang='lat' dir='ltr'><strong>callimacho</strong></span> 
     </span>
     <span class='ocr_line' id='line_1_35' title="bbox 228 3985 1497 4058; baseline 0.005 -15"><span class='ocrx_word' id='word_1_301' title='bbox 228 3985 419 4058; x_wconf 86' lang='lat' dir='ltr'><strong>usurpatam</strong></span> <span class='ocrx_word' id='word_1_302' title='bbox 453 4000 528 4046; x_wconf 91' lang='lat' dir='ltr'><strong>oum</strong></span> <span class='ocrx_word' id='word_1_303' title='bbox 563 3988 675 4047; x_wconf 89' lang='lat' dir='ltr'><strong>temen</strong></span> <span class='ocrx_word' id='word_1_304' title='bbox 710 3989 838 4048; x_wconf 88' lang='lat' dir='ltr'><strong>veteres</strong></span> <span class='ocrx_word' id='word_1_305' title='bbox 872 3987 975 4048; x_wconf 92' lang='lat' dir='ltr'><strong>critici</strong></span> <span class='ocrx_word' id='word_1_306' title='bbox 1003 4001 1069 4048; x_wconf 92' lang='lat' dir='ltr'><strong>non</strong></span> <span class='ocrx_word' id='word_1_307' title='bbox 1096 3988 1284 4049; x_wconf 88' lang='lat' dir='ltr'><strong>omisissent</strong></span> <span class='ocrx_word' id='word_1_308' title='bbox 1306 3988 1422 4049; x_wconf 86' lang='lat' dir='ltr'><strong>notare</strong></span> <span class='ocrx_word' id='word_1_309' title='bbox 1445 4002 1497 4049; x_wconf 88' lang='lat' dir='ltr'><strong>eas</strong></span> 
     </span>
     <span class='ocr_line' id='line_1_36' title="bbox 228 4085 1496 4165; baseline 0.003 -20"><span class='ocrx_word' id='word_1_310' title='bbox 228 4085 349 4146; x_wconf 88' lang='lat' dir='ltr'><strong>iormas</strong></span> <span class='ocrx_word' id='word_1_311' title='bbox 380 4086 431 4157; x_wconf 81' lang='lat' dir='ltr'><strong>(of.</strong></span> <span class='ocrx_word' id='word_1_312' title='bbox 462 4088 605 4150; x_wconf 83' lang='lat' dir='ltr'><strong>Ariston.</strong></span> <span class='ocrx_word' id='word_1_313' title='bbox 637 4089 678 4150; x_wconf 90' lang='lat' dir='ltr'><strong>ad</strong></span> <span class='ocrx_word' id='word_1_314' title='bbox 701 4091 739 4150; x_wconf 90' lang='grc' dir='ltr'><strong>Σ.</strong></span> <span class='ocrx_word' id='word_1_315' title='bbox 765 4089 829 4149; x_wconf 94' lang='grc'><strong>222</strong></span> <span class='ocrx_word' id='word_1_316' title='bbox 858 4089 1042 4164; x_wconf 88' lang='lat' dir='ltr'><strong>culpantem</strong></span> <span class='ocrx_word' id='word_1_317' title='bbox 1067 4089 1265 4152; x_wconf 88' lang='lat' dir='ltr'><strong>Zenodotum</strong></span> <span class='ocrx_word' id='word_1_318' title='bbox 1289 4092 1419 4165; x_wconf 88' lang='lat' dir='ltr'><strong>propter</strong></span> <span class='ocrx_word' id='word_1_319' title='bbox 1442 4087 1496 4150; x_wconf 79' lang='grc' dir='ltr'><strong><em>ὄντα</em></strong></span> 
     </span>
     <span class='ocr_line' id='line_1_37' title="bbox 226 4182 1494 4266; baseline 0.006 -22"><span class='ocrx_word' id='word_1_320' title='bbox 226 4182 373 4264; x_wconf 78' lang='grc' dir='ltr'><strong><em>χαλκέην),</em></strong></span> <span class='ocrx_word' id='word_1_321' title='bbox 406 4188 439 4249; x_wconf 90' lang='lat' dir='ltr'><strong>in</strong></span> <span class='ocrx_word' id='word_1_322' title='bbox 473 4189 589 4262; x_wconf 86' lang='lat' dir='ltr'><strong>quibus</strong></span> <span class='ocrx_word' id='word_1_323' title='bbox 624 4189 787 4252; x_wconf 92' lang='lat' dir='ltr'><strong>Homerus</strong></span> <span class='ocrx_word' id='word_1_324' title='bbox 822 4192 1003 4253; x_wconf 90' lang='lat' dir='ltr'><strong>masculino</strong></span> <span class='ocrx_word' id='word_1_325' title='bbox 1035 4206 1092 4266; x_wconf 92' lang='lat' dir='ltr'><strong>pro</strong></span> <span class='ocrx_word' id='word_1_326' title='bbox 1116 4191 1271 4253; x_wconf 85' lang='lat' dir='ltr'><strong>feminino</strong></span> <span class='ocrx_word' id='word_1_327' title='bbox 1294 4207 1376 4252; x_wconf 87' lang='lat' dir='ltr'><strong>usus</strong></span> <span class='ocrx_word' id='word_1_328' title='bbox 1400 4194 1494 4253; x_wconf 88' lang='lat' dir='ltr'><strong>esset.</strong></span> 
     </span>
     <span class='ocr_line' id='line_1_38' title="bbox 226 4288 1496 4367; baseline 0.006 -19"><span class='ocrx_word' id='word_1_329' title='bbox 226 4288 307 4348; x_wconf 89' lang='lat' dir='ltr'><strong>Res</strong></span> <span class='ocrx_word' id='word_1_330' title='bbox 325 4289 517 4351; x_wconf 89' lang='lat' dir='ltr'><strong>documento</strong></span> <span class='ocrx_word' id='word_1_331' title='bbox 551 4292 689 4353; x_wconf 85' lang='lat' dir='ltr'><strong>fortasse</strong></span> <span class='ocrx_word' id='word_1_332' title='bbox 721 4293 783 4354; x_wconf 91' lang='lat' dir='ltr'><strong>erit</strong></span> <span class='ocrx_word' id='word_1_333' title='bbox 817 4292 1054 4355; x_wconf 75' lang='lat' dir='ltr'><strong>Callimachum</strong></span> <span class='ocrx_word' id='word_1_334' title='bbox 1085 4308 1211 4367; x_wconf 88' lang='lat' dir='ltr'><strong>quoque</strong></span> <span class='ocrx_word' id='word_1_335' title='bbox 1241 4293 1309 4354; x_wconf 90' lang='lat' dir='ltr'><strong>iam</strong></span> <span class='ocrx_word' id='word_1_336' title='bbox 1333 4295 1496 4356; x_wconf 86' lang='lat' dir='ltr'><strong>censuisse</strong></span> 
     </span>
     <span class='ocr_line' id='line_1_39' title="bbox 225 4391 1496 4471; baseline 0.006 -22"><span class='ocrx_word' id='word_1_337' title='bbox 225 4404 290 4450; x_wconf 93' lang='lat' dir='ltr'><strong>non</strong></span> <span class='ocrx_word' id='word_1_338' title='bbox 324 4391 387 4451; x_wconf 93' lang='lat' dir='ltr'><strong>nisi</strong></span> <span class='ocrx_word' id='word_1_339' title='bbox 418 4391 458 4452; x_wconf 94' lang='lat' dir='ltr'><strong>ob</strong></span> <span class='ocrx_word' id='word_1_340' title='bbox 488 4394 643 4454; x_wconf 88' lang='lat' dir='ltr'><strong>metricas</strong></span> <span class='ocrx_word' id='word_1_341' title='bbox 672 4395 814 4457; x_wconf 88' lang='lat' dir='ltr'><strong>rationes</strong></span> <span class='ocrx_word' id='word_1_342' title='bbox 845 4395 986 4457; x_wconf 89' lang='lat' dir='ltr'><strong>Homero</strong></span> <span class='ocrx_word' id='word_1_343' title='bbox 1010 4395 1171 4471; x_wconf 90' lang='lat' dir='ltr'><strong>placuisse</strong></span> <span class='ocrx_word' id='word_1_344' title='bbox 1194 4393 1306 4455; x_wconf 79' lang='grc' dir='ltr'><strong><em>τυτθὸν</em></strong></span> <span class='ocrx_word' id='word_1_345' title='bbox 1329 4392 1441 4457; x_wconf 80' lang='grc' dir='ltr'><strong><em>έοῦσαν</em></strong></span> <span class='ocrx_word' id='word_1_346' title='bbox 1466 4398 1496 4456; x_wconf 85' lang='grc' dir='ltr'><strong>Χ.</strong></span> 
     </span>
     <span class='ocr_line' id='line_1_40' title="bbox 226 4488 1498 4573; baseline 0.006 -24"><span class='ocrx_word' id='word_1_347' title='bbox 226 4491 301 4552; x_wconf 87' lang='grc'><strong>480.</strong></span> <span class='ocrx_word' id='word_1_348' title='bbox 325 4525 365 4535; x_wconf 96' lang='grc'>-</span> <span class='ocrx_word' id='word_1_349' title='bbox 389 4488 555 4571; x_wconf 79' lang='grc' dir='ltr'><strong><em>διφριιιιδ</em></strong></span> <span class='ocrx_word' id='word_1_350' title='bbox 584 4496 717 4557; x_wconf 86' lang='lat' dir='ltr'><strong>tandem</strong></span> <span class='ocrx_word' id='word_1_351' title='bbox 751 4512 815 4558; x_wconf 92' lang='lat' dir='ltr'><strong>non</strong></span> <span class='ocrx_word' id='word_1_352' title='bbox 846 4497 988 4559; x_wconf 89' lang='lat' dir='ltr'><strong>Homero</strong></span> <span class='ocrx_word' id='word_1_353' title='bbox 1020 4497 1115 4559; x_wconf 88' lang='lat' dir='ltr'><strong>debet</strong></span> <span class='ocrx_word' id='word_1_354' title='bbox 1144 4499 1179 4557; x_wconf 89' lang='lat' dir='ltr'><strong>at</strong></span> <span class='ocrx_word' id='word_1_355' title='bbox 1201 4497 1323 4573; x_wconf 89' lang='lat' dir='ltr'><strong>optime</strong></span> <span class='ocrx_word' id='word_1_356' title='bbox 1350 4499 1498 4562; x_wconf 86' lang='lat' dir='ltr'><strong>convenii</strong></span> 
     </span>
     <span class='ocr_line' id='line_1_41' title="bbox 226 4593 1477 4679; baseline 0.008 -26"><span class='ocrx_word' id='word_1_357' title='bbox 226 4593 409 4655; x_wconf 78' lang='lat' dir='ltr'><strong>homericae</strong></span> <span class='ocrx_word' id='word_1_358' title='bbox 443 4594 575 4655; x_wconf 73' lang='lat' dir='ltr'><strong>dictioni</strong></span> <span class='ocrx_word' id='word_1_359' title='bbox 598 4598 635 4656; x_wconf 77' lang='lat' dir='ltr'><strong>iit</strong></span> <span class='ocrx_word' id='word_1_360' title='bbox 658 4593 802 4675; x_wconf 73' lang='grc' dir='ltr'><strong><em>ἆνοονητὶ</em></strong></span> <span class='ocrx_word' id='word_1_361' title='bbox 824 4595 964 4677; x_wconf 77' lang='grc' dir='ltr'><strong><em>ἀνιδρωτὶ</em></strong></span> <span class='ocrx_word' id='word_1_362' title='bbox 987 4596 1122 4679; x_wconf 77' lang='grc' dir='ltr'><strong><em>ἀμογητί,</em></strong></span> <span class='ocrx_word' id='word_1_363' title='bbox 1146 4598 1185 4659; x_wconf 84' lang='lat' dir='ltr'><strong>ef.</strong></span> <span class='ocrx_word' id='word_1_364' title='bbox 1210 4613 1308 4674; x_wconf 80' lang='lat' dir='ltr'><strong>supra</strong></span> <span class='ocrx_word' id='word_1_365' title='bbox 1332 4617 1406 4676; x_wconf 80' lang='lat' dir='ltr'><strong>pag.</strong></span> <span class='ocrx_word' id='word_1_366' title='bbox 1426 4602 1477 4663; x_wconf 79' lang='lat'><strong>54.</strong></span> 
     </span>
    </p>
   </div>
   <div class='ocr_carea' id='block_1_3' title="bbox 0 0 1553 5294">
    <p class='ocr_par' dir='ltr' id='par_1_6' title="bbox 0 0 1553 5294">
     <span class='ocr_line' id='line_1_42' title="bbox 0 0 1553 5294; baseline 0 0"><span class='ocrx_word' id='word_1_367' title='bbox 0 0 1553 5294; x_wconf 95' lang='lat' dir='ltr'><strong> </strong></span> 
     </span>
    </p>
   </div>
  </div>
 </body>
</html>
