3104 5296
70 432 129 491 [Π.
157 433 333 492 lua-165
692 431 735 492 89

73 617 230 695 ἴππονς”),
250 620 343 693 sequi
365 619 431 680 fere
451 620 535 681 solet
561 616 630 695 „aul
651 618 721 691 τοὺς
742 615 795 696 μὲν
814 616 1000 696 κατέδησαν”
1016 618 1067 680 vel
1087 617 1152 678 talo
1165 617 1250 693 quid,
1275 619 1346 677 turn

72 736 150 782 cura
179 737 333 782 curruum
364 723 574 783 memoratur.
611 721 828 783 Callimachus
860 738 935 782 vero
967 719 1021 797 την
1051 717 1348 797 &adoperimus

72 826 160 884 recte
192 823 232 884 ab
264 823 353 897 spico
380 826 475 898 poeta
498 823 656 884 omissam
680 825 772 883 ratus
795 824 912 884 adiecit
940 821 1161 900 „amoveto
1184 818 1347 897 ιεράδας”,

71 939 196 986 novum
229 924 363 985 verbum
395 939 434 985 ac
466 924 606 985 Homero
642 925 852 999 incognitum.
884 925 968 985 Tum
999 925 1142 999 demum,
1174 924 1346 997 postquam
1401 963 1406 972 .

71 1025 193 1099 strigili
224 1040 317 1086 rasae
351 1030 428 1086 sunt
456 1041 580 1101 cervae,
607 1025 762 1101 pabulum
786 1026 938 1087 adfertur.
963 1027 998 1086 Id
1023 1028 1135 1087 autem
1157 1025 1191 1085 iu
1214 1023 1348 1083 Homeri

70 1126 164 1187 libris
183 1127 340 1187 mortales
361 1128 455 1201 equis
475 1128 545 1188 suis
566 1128 654 1188 varie
676 1128 832 1202 praebent
854 1130 891 1187 ut
915 1129 949 1188 Β.
965 1128 1028 1188 770
1047 1124 1141 1186 λωτὸν
1153 1121 1349 1202 ἐλεόθρεπτόν

68 1247 99 1285 τε
136 1224 264 1304 σέλινον,
297 1230 333 1286 Ε.
359 1231 421 1289 196
453 1234 506 1307 κρῖ
523 1226 629 1289 λευκὸν
663 1226 714 1288 καί
748 1225 867 1308 ὀλύρας,
901 1231 938 1288 Κ.
971 1229 1035 1290 568
1072 1222 1210 1305 μελιηδέα
1241 1224 1348 1303 πυρόν.

71 1327 192 1389 Contra
216 1330 348 1389 deorum
373 1331 465 1404 equis
490 1330 575 1392 aliud
600 1332 671 1392 erat
694 1330 858 1406 pabulum.
883 1332 934 1391 Ita
955 1332 991 1388 Ε.
1016 1329 1080 1390 368
1104 1327 1154 1399 (ο1.
1180 1327 1219 1385 N.
1243 1328 1295 1396 35)

298 1425 359 1490 ἔνθ’
386 1430 496 1503 ἵππους
520 1429 622 1509 ἔστησε
645 1431 816 1509 ποδήνεμος
839 1426 916 1491 ὠκέα
934 1420 1005 1511 Ἰρις

297 1527 404 1593 λύσασ’
430 1531 458 1606 ἐξ
483 1528 584 1611 ὀχέων,
605 1530 687 1611 παρά
710 1532 741 1593 δ’
766 1530 930 1611 ἀμβρόσιον
953 1532 1043 1611 βάλεν
1067 1524 1158 1611 εἶδαρ.

117 1635 164 1694 At
183 1649 300 1708 graves
320 1640 389 1706 (nec
409 1636 542 1706 mirum)
563 1638 600 1696 ut
620 1635 658 1696 de
678 1637 748 1696 tota
760 1636 941 1696 ambrosiae
954 1637 1071 1696 natura
1083 1635 1129 1695 ita
1141 1633 1180 1694 de
1199 1635 1257 1694 hoc
1278 1633 1347 1693 loco

69 1736 160 1796 inter
178 1738 410 1810 grammaticos
433 1737 670 1798 Alexandrinos
690 1741 783 1798 erant
800 1739 1018 1799 dissensiones
1039 1752 1120 1810 quas
1140 1735 1349 1796 Aristarchus

70 1837 114 1897 ad
153 1835 186 1899 Ξ.
222 1839 284 1898 170
316 1839 349 1898 et
382 1841 414 1898 Τ.
448 1840 523 1913 aar,
558 1843 630 1898 turn
667 1838 789 1900 scholia
812 1839 839 1899 D
863 1841 902 1900 ad
928 1841 966 1900 Ε.
992 1842 1054 1900 777
1079 1840 1242 1899 testantur
1265 1838 1348 1907 (vide

69 1954 201 2012 quoque
222 1938 364 2000 Roscher
386 1939 419 1999 in
442 1940 560 2001 Lexico
584 1955 643 2001 suo
663 1941 678 1999 Ι
698 1956 727 2015 p.
751 1941 835 2011 280).
860 1941 960 2002 Docte
979 1943 1091 2002 autem
1111 1941 1287 2001 admodum
1307 1954 1349 1999 ex

71 2041 176 2102 variis
196 2041 329 2101 Homeri
350 2042 429 2102 locis
451 2043 633 2117 composuit
652 2058 749 2103 suum
766 2044 921 2104 iudicium
942 2044 980 2103 de
1001 2043 1062 2104 hac
1074 2059 1108 2104 re
1122 2042 1348 2116 Callimachus,

71 2143 160 2216 quod
186 2143 238 2202 bic
260 2143 391 2217 profert.
416 2142 539 2203 Memor
562 2147 641 2219 erat,
666 2145 704 2204 Ε.
728 2146 789 2205 777
815 2159 941 2218 quoque
967 2145 1083 2219 adponi
1103 2144 1195 2218 equis
1215 2143 1347 2203 deorum

77 2244 321 2319 „ambrosiam”
353 2261 458 2319 neque
482 2246 513 2306 id
540 2246 641 2307 fuisse
665 2246 819 2321 pabulum
844 2247 985 2308 caeleste
1008 2247 1170 2320 quoddam
1193 2233 1250 2306 aut
1273 2259 1349 2305 cum

72 2347 286 2407 terrestribus
316 2346 436 2421 plantis
467 2348 602 2408 minime
626 2349 889 2424 comparandum,
913 2351 948 2409 at
970 2349 1085 2409 natum
1109 2348 1175 2408 illic
1207 2362 1248 2407 ex
1279 2347 1350 2421 ipsa

72 2451 175 2510 terra.
199 2448 416 2509 Descenderat
438 2450 525 2510 enim
550 2451 629 2511 Iuno
654 2452 701 2519 (Ε.
716 2452 789 2520 775)
813 2452 847 2511 et
870 2466 970 2524 equos
992 2455 1080 2510 λῦσεν
1105 2446 1134 2521 ἐξ
1157 2444 1258 2527 ὀρέων,
1276 2449 1349 2508 tum

298 2554 392 2610 τοῖσιν
415 2544 444 2609 δ’
471 2547 639 2630 ἀμβροσίην
663 2549 784 2629 Σιμόεις
809 2548 934 2611 ἀνέτειλε
956 2548 1108 2628 νέμεσθαι,

72 2651 158 2728 Quid
193 2668 269 2712 vero
304 2652 361 2712 illa
395 2652 559 2713 ambrosia
590 2653 706 2713 fuisset
737 2653 972 2727 ambigebatur.
1002 2653 1230 2727 Callimachus,
1253 2665 1350 2724 quem

73 2753 226 2814 consulto
250 2753 356 2813 forma
378 2769 491 2814 versus
511 2755 563 2814 sui
576 2753 710 2815 Homeri
723 2770 855 2815 versum
875 2768 1046 2816 revocasse
1062 2755 1227 2815 neminem
1240 2752 1352 2826 opinor

73 2854 170 2930 sugit,
201 2854 343 2914 babebat
372 2855 456 2929 quod
488 2857 713 2930 responderet:
743 2869 807 2915 nou
832 2871 952 2916 novum
977 2858 1010 2917 et
1033 2856 1098 2916 illis
1121 2855 1245 2929 campis
1267 2854 1349 2914 inco-

72 2956 203 3031 gnitum
240 2957 348 3031 pabuli
383 2973 486 3031 genus
517 2973 558 3018 err
589 2958 705 3019 tellure
738 2958 857 3018 Simois
888 2957 1031 3034 protulit,
1062 2959 1098 3019 at
1119 2957 1263 3034 „lotum”
1288 2969 1352 3029 qua

74 3059 189 3134 planta
220 3058 334 3118 Troiae
365 3074 499 3133 campus
531 3059 683 3135 abundat,
716 3060 755 3120 cf.
787 3061 824 3119 Φ.
849 3061 923 3120 351.
955 3058 996 3119 Et
1027 3060 1149 3134 optimo
1172 3059 1241 3117 iure
1264 3056 1351 3117 lotus

73 3160 222 3234 intellegi
246 3163 373 3235 poterat
395 3162 471 3234 quia
494 3162 528 3221 et
550 3162 620 3235 ipse
640 3162 802 3222 Homerus
821 3162 853 3221 in
877 3161 1097 3222 celeberrimis
1115 3160 1263 3221 versibus
1275 3174 1349 3219 curn

78 3263 217 3337 „Sacrae
240 3261 397 3335 Nuptias'’
423 3262 618 3323 describeret
642 3259 674 3325 Ξ.
698 3263 761 3322 347
787 3263 833 3323 ita
856 3264 1021 3322 cantasset
1042 3257 1079 3333 ¹):

303 3366 377 3422 τοῖσι
401 3356 428 3421 δ’
455 3359 515 3422 δττδ
538 3360 622 3442 χθὼν
645 3362 695 3422 δῖα
719 3363 796 3438 φύεν
820 3360 1019 3441 νεοθηλέα
1041 3362 1132 3441 ποίην

303 3459 476 3524 λῶτονίί
503 3461 642 3542 ἑρσήεντα
667 3460 710 3523 fol
734 3463 842 3542 κρόκον
865 3459 911 3542 ἠδ’
936 3463 1094 3525 ὑάκινθον.

74 3566 370 3625 verumenimvero
401 3582 441 3626 ne
461 3567 500 3626 de
522 3566 580 3626 loti
600 3566 755 3627 homerici
787 3567 917 3639 quidem
941 3568 1059 3628 natura
1081 3567 1164 3627 satis
1184 3564 1353 3627 constabat

74 3669 164 3727 inter
191 3666 439 3729 Grammaticos.
473 3668 671 3744 Quapropter
701 3669 801 3728 simul
831 3668 869 3728 de
893 3668 954 3729 hac
977 3667 1088 3743 planta
1112 3667 1187 3742 qnid
1210 3667 1351 3734 censeat,

74 3770 183 3844 aperit
204 3768 432 3830 Callimachus.
455 3772 545 3840 λῶτος
568 3770 692 3830 homeri
718 3769 828 3830 trifolii
849 3770 878 3829 ei
898 3784 1000 3842 genus
1020 3771 1071 3830 est
1090 3771 1141 3841 (cf.
1161 3768 1261 3829 schol.
1276 3768 1351 3827 Bad

74 3876 111 3931 θ.
142 3871 236 3945 308);
269 3872 426 3933 eruditius
453 3875 563 3932 autern
588 3874 626 3933 ut
648 3872 767 3933 indicet
798 3871 979 3946 simplicem
1008 3872 1165 3947 plantam,
1193 3884 1351 3930 noricum

77 3972 179 4045 vulgo
197 3973 358 4050 τρίφυλλον
393 3988 479 4034 1111110
502 3973 589 4048 dicit,
614 3989 727 4034 Verum
754 3968 926 4051 τριπέτηλον
943 3966 974 4043 ²).

114 4142 135 4205 ¹)
155 4145 230 4207 Ἥρης
255 4147 342 4191 antem
365 4149 462 4200 λειμῶνα
486 4147 512 4190 et
536 4144 592 4198 Διὸς
621 4151 695 4198 κῆπον
713 4158 763 4190 non
785 4144 886 4190 diversa
905 4155 970 4202 esse,
989 4155 1038 4188 non
1057 4145 1097 4190 est
1117 4141 1186 4201 quod
1203 4141 1292 4188 multis
1309 4141 1353 4188 de·

76 4227 231 4272 monstrem.
262 4223 379 4270 conferri
404 4224 483 4282 igitur
515 4236 573 4269 cum
604 4220 734 4270 homerico
761 4223 872 4281 νιοθηλὴς
906 4224 992 4281 potest
1016 4225 1125 4268 ὼισθοοι
1150 4222 1353 4278 callimacheum,

76 4305 144 4350 licet
159 4316 210 4348 non
229 4303 305 4362 plane
323 4301 391 4349 idern
409 4317 439 4349 sc
456 4304 583 4350 Homerus
601 4302 687 4350 dicere
704 4304 814 4350 voluerit
838 4302 1010 4349 Callimachus
1033 4305 1059 4348 et
1080 4316 1157 4349 sensu
1177 4302 1296 4349 adiectivi
1312 4303 1353 4348 sui

75 4383 168 4444 potins
185 4382 278 4429 reddat
294 4386 401 4429 venusta
418 4383 463 4429 illa
479 4383 557 4429 verba
574 4383 706 4443 Euripidis
724 4381 811 4445 (Hipp.
832 4378 891 4446 738)
910 4382 953 4437 ,ἵν’
970 4383 1109 4444 ὀλμιόδωρος
1126 4380 1189 4434 αὔξει
1200 4383 1275 4436 dadfo
1284 4383 1354 4441 χθὼν

75 4464 231 4521 εὐδαιμονίαν
248 4461 338 4515 stow.

113 4535 137 4594 't
161 4541 308 4587 Correxisse
334 4540 522 4600 quodammodo
549 4541 716 4588 callimaches
741 4540 844 4589 ridetur
871 4540 998 4590 Nicander
1028 4541 1173 4589 accuratius
1198 4541 1230 4588 de
1257 4541 1353 4592 trifolio

77 4634 162 4681 agens
182 4618 252 4667 Ther.
271 4621 328 4666 520.
