3104 5296
72 108 120 168 lv.
148 109 324 169 166-168
676 111 736 170 151

71 293 220 369 excipias,
253 294 376 356 formae
406 292 508 376 σῴζειν
532 309 660 369 semper
683 293 714 354 τό
739 303 834 354 σααῦν
857 295 1007 370 praefert.
1032 295 1136 356 Simul
1162 294 1278 377 γένος
1301 299 1340 360 de

70 410 129 455 uno
149 394 216 455 filio
236 396 345 456 dicens
365 396 512 456 consulto
532 396 681 456 imitatur
697 396 830 458 Homeri
850 397 1024 459 dictionem
1041 397 1150 458 minus
1165 399 1338 475 usitatam;

69 499 137 556 tum
162 498 246 571 6666
270 497 422 558 ότιατον
447 513 522 558 666
543 496 646 558 filium
668 499 819 575 appellat,
839 499 871 558 in
893 514 932 559 ea
951 514 986 560 re
1006 501 1092 560 certe
1113 502 1225 561 contra
1243 517 1341 561 usum

68 599 267 660 homericum
288 614 351 660 non
371 601 511 675 pugnat;
536 615 676 672 quonam
700 602 811 662 autern
835 600 944 676 aptius
965 601 1107 676 epitheto
1126 618 1229 678 regem
1253 618 1340 664 exor-

66 715 141 760 nare
153 702 260 776 potuit
271 716 368 775 quam
382 717 445 775 666
454 716 622 762 666666
635 701 892 763 1666666161666
905 702 1067 764 Homerus
1081 703 1199 764 solitus
1212 698 1339 776 666111)

107 801 283 879 Licentiae,
299 817 364 876 666
375 803 478 864 utitur
494 805 588 877 poeta
602 819 699 864 versu
714 806 776 865 166
789 804 898 864 616666
921 797 964 886 ,ᾧ
985 800 1044 863 tui
1065 804 1207 883 μίτρην
1228 804 1339 878 ΐξεται”

66 905 147 978 apud
178 905 320 979 tragicos
350 905 489 966 16616666
513 906 696 978 quaerenda
720 905 880 982 exempla,
905 905 969 981 qui,
994 920 1071 966 cum
1094 906 1197 968 semel
1222 923 1263 968 ex
1286 909 1337 968 ho·

68 1006 186 1066 marica
220 1006 359 1068 dictione
397 1004 476 1082 ,ότιό
510 1004 647 1091 σκήκτριγ
679 1006 849 1085 δαμόσσαι”
881 1006 939 1068 1116
961 1008 1032 1067 orta
1056 1009 1145 1068 esset
1168 1008 1338 1069 translatio

68 1109 101 1167 ut
135 1122 214 1168 voce
252 1108 423 1186 ,σκῆκτρα”
459 1108 530 1183 ipsa
560 1106 694 1185 βασιλεία
726 1108 860 1170 indicari
882 1108 1004 1184 posset,
1028 1109 1158 1183 saepius
1173 1096 1220 1170 66
1243 1110 1338 1170 modo

70 1216 220 1286 ,σκῆπτρα
252 1206 303 1268 καὶ
336 1209 490 1287 θρόνανς”
522 1210 769 1271 coniunxerunt.
805 1210 969 1271 Audacter
1002 1223 1115 1270 eorum
1149 1209 1337 1286 exemplum

66 1310 249 1372 aemulatur
281 1313 376 1386 poeta
410 1314 530 1388 noster,
562 1312 597 1372 at
623 1312 709 1372 haud
734 1312 881 1373 feliciter.
911 1311 995 1371 Nam
1018 1325 1093 1371 cum
1120 1327 1197 1372 voce
1221 1310 1337 1389 μίτρη

67 1413 148 1487 regis
174 1412 349 1488 imperium
369 1412 531 1488 significat
550 1413 603 1474 cui
626 1414 712 1474 haud
736 1414 859 1474 invitae
881 1415 988 1474 terrae
1012 1427 1048 1473 66
1071 1412 1241 1489 subicient,
1263 1413 1337 1473 obli·

66 1513 208 1589 riscitur,
231 1514 394 1588 potentiae
415 1515 521 1588 regiae
533 1516 567 1575 et
578 1515 780 1576 coercitionis
802 1513 989 1589 symbolum
1009 1529 1073 1574 666
1093 1529 1166 1575 6666
1189 1514 1339 1576 diadema

66 1617 118 1676 sed
140 1615 310 1688 dignitatis
333 1618 466 1678 tantum
490 1618 730 1693 ornamentum,
756 1631 819 1691 666
842 1616 966 1677 domari
989 1626 1086 1677 nemo
1110 1618 1226 1691 potest.

106 1716 212 1778 Versu
235 1719 296 1779 167
320 1713 494 1778 ἀέκουσα
514 1715 804 1796 καιρανέεσθαι
828 1718 926 1778 verba
946 1733 988 1778 ex
1007 1717 1190 1779 imitatione
1202 1718 1336 1779 Homeri

72 1816 213 1895 ,ἀέκοντα
236 1816 379 1879 vitudu?
402 1823 449 1890 (Σ.
464 1822 540 1890 240)
564 1823 652 1897 nata,
676 1821 759 1882 satis
783 1822 834 1880 est
857 1822 979 1896 notare,
1004 1823 1039 1879 at
1059 1819 1155 1881 verbo
1175 1820 1281 1882 dicam
1298 1821 1337 1882 de

66 1921 168 1981 iorma
201 1922 242 1979 M
247 1943 266 1979 α
278 1918 431 1998 κηόόνι.
462 1922 585 1996 Regem
617 1938 715 1983 suum
738 1937 776 1983 eo
799 1921 922 1983 salutat
945 1921 1086 1996 nomine,
1111 1935 1174 1994 666
1195 1923 1338 1996 gaudent

66 2021 219 2096 lagidae:
248 2019 384 2100 ,ἔχαιρον
403 2019 459 2102 γὰρ
480 2022 551 2101 δή”,
572 2026 658 2085 recte
676 2025 788 2084 monet
805 2023 984 2084 Pausanias
996 2022 1037 2082 X.
1053 2022 1115 2098 i,8
1140 2021 1336 2098 ,Μακεδόνες

66 2122 94 2181 οἷ
113 2120 145 2182 ἐν
170 2122 312 2208 Αἰγύπτῳ
335 2123 514 2202 καλούμενοι
537 2124 660 2202 βασιλῆς
684 2122 822 2203 καθάπερ
845 2145 877 2203 γε
901 2113 1010 2200 ἦσαν”.
1034 2125 1080 2184 At
1106 2123 1247 2198 profecto
1270 2140 1335 2186 non

64 2225 243 2286 inconsulte
277 2227 343 2300 egit
377 2228 435 2287 661
467 2228 572 2288 metro
600 2242 715 2288 versus
739 2226 800 2286 soli
824 2225 990 2300 prospexit
1013 2225 1191 2287 66611166
1215 2241 1333 2288 nomen

64 2323 110 2384 διὰ
144 2324 241 2404 todi]
281 2328 418 2402 scripsit.
442 2328 554 2388 Nonne
579 2330 728 2403 apertum
760 2328 811 2387 est
834 2327 894 2388 hoc
917 2326 987 2387 iieri
1010 2328 1048 2387 ut
1081 2327 1188 2401 regiae
1223 2328 1334 2402 stirpis

62 2441 222 2501 proavum
246 2431 343 2502 atque
366 2429 523 2502 originem
546 2429 720 2490 lectoribus
741 2429 774 2488 in
794 2430 941 2489 mentem
965 2429 1068 2504 vocet,
1087 2427 1181 2488 illum
1204 2431 1334 2507 ,Μακη-

63 2528 133 2588 δόνα
158 2528 380 2607 1τιττιαχόρμιγν”
404 2532 443 2591 66
468 2545 531 2604 666
554 2531 620 2591 iarn
644 2530 805 2591 cecinerat
825 2529 902 2589 olim
928 2527 1071 2603 catalogi
1095 2531 1189 2604 poeta
1212 2530 1260 2601 (fr.
1291 2533 1332 2592 23

64 2631 244 2703 11161611-
257 2632 392 2694 Utinam
416 2633 485 2692 tam
509 2634 621 2707 aperta
641 2634 730 2693 esset
749 2646 848 2692 66666
867 2646 950 2705 6666
969 2631 1140 2692 adduxerit
1153 2634 1280 2706 poetam
1296 2635 1334 2693 ut

63 2750 108 2795 vs,
147 2735 210 2795 168
245 2736 366 2794 terram
401 2734 621 2795 continentem
656 2731 870 2813 μεσόγειαν
906 2734 1038 2794 vocaret
1069 2747 1168 2806 quam
1192 2749 1240 2795 vs.
1269 2734 1331 2794 178

64 2851 136 2896 cum
170 2836 288 2897 ceteris
322 2835 512 2895 mortalibus
551 2831 714 2912 ,ἣκειρον”
747 2834 838 2895 dixit.
870 2834 957 2895 Num
987 2835 1069 2895 forte
1100 2849 1175 2894 cum
1207 2835 1264 2896 III.
1292 2837 1332 2897 31

64 2939 266 3013 opposuisset
287 2938 370 2998 inter
397 2953 432 2998 se
453 2937 550 2997 urbes
573 2935 736 3015 μεσσόγεως
755 2938 789 2998 61
806 2933 929 3013 νήσσας,
955 2951 1018 3010 666
1039 2937 1106 2996 iam
1126 2935 1294 3010 66616166
1314 2954 1334 2998 6

65 3040 194 3115 vulgato
226 3055 289 3100 usu
318 3039 470 3116 deflect't,
500 3038 625 3099 sensim
647 3038 687 3099 ad
706 3039 791 3098 hunc
807 3053 904 3098 usum
926 3037 1054 3098 delatus
1075 3052 1148 3098 esse
1171 3038 1334 3112 putandus

64 3143 137 3202 est?
171 3142 223 3200 An
258 3157 301 3202 ex
328 3142 458 3202 nomine
490 3142 560 3201 eius
590 3140 652 3202 loci
682 3140 715 3201 in
746 3140 842 3200 Lesbi
873 3139 968 3215 litore,
1000 3138 1052 3200 661
1083 3135 1179 3216 (teste
1203 3139 1335 3214 Myrsilo

63 3243 94 3302 in
128 3242 274 3304 Muelleri
304 3243 424 3319 fragm.
459 3242 539 3304 Hist.
576 3240 685 3304 Gracc.
720 3242 773 3302 IV.
806 3244 881 3312 459)
916 3255 1036 3302 nomen
1067 3240 1128 3302 iuit
1152 3240 1333 3320 Μεσόγειον,

64 3343 189 3405 efficere
212 3344 330 3420 licebit,
354 3344 422 3404 iam
445 3346 541 3405 antea
569 3344 780 3405 immutatam
804 3359 877 3404 esse
900 3343 997 3403 huius
1021 3343 1110 3404 vocis
1132 3341 1334 3416 significatio·

63 3447 163 3506 nem?
194 3446 260 3505 Res
290 3446 428 3520 incerta;
460 3445 490 3505 id
522 3447 653 3505 tantum
687 3447 823 3520 constat,
855 3445 955 3505 etiam
988 3445 1063 3505 ante
1100 3442 1334 3504 Callimachum

66 3543 268 3625 ,ἠπειρώτης”
293 3548 327 3607 61
348 3542 561 3624 instaurant&
586 3547 708 3606 dixisse
732 3547 905 3621 scriptores
928 3545 982 3606 ubi
1010 3545 1118 3621 aptius
1145 3541 1334 3622 ,μεσόγειος”

61 3649 177 3711 dicturi
201 3649 330 3711 fuerant
352 3648 403 3719 (ci.
428 3648 579 3709 Herodot.
605 3649 629 3709 1.
658 3650 730 3709 161.
755 3648 837 3709 Xen.
862 3647 941 3707 Η611.
965 3647 1019 3707 Vl.
1042 3649 1069 3707 1.
1091 3647 1132 3716 4).
1147 3679 1187 3689 -
1204 3645 1335 3706 1666166

62 3751 175 3812 eodem
199 3765 296 3811 versu
315 3750 498 3811 indicantur
522 3750 628 3811 verbis
654 3750 705 3826 ,ai
727 3748 881 3828 πελάγεσσι
904 3746 1116 3825 κάθηνται.
1140 3747 1337 3824 1166611661

61 3851 224 3912 homerica
266 3851 390 3912 dictum
431 3866 495 3912 non
538 3850 591 3927 sit,
627 3851 792 3911 immerito
827 3851 939 3910 tamen
975 3849 1152 3910 sollicitant
1185 3848 1334 3909 editores.

60 3953 250 4013 Praeierunt
283 3953 370 4012 enirn
398 3953 449 4014 hic
472 3967 598 4027 quoque
621 3952 746 4028 tragici,
771 3966 909 4025 quorum
933 3950 1072 4011 tortasse
1096 3949 1203 4024 aptius
1227 3965 1333 4010 exem·

60 4055 151 4130 plum
173 4070 238 4115 non
264 4057 359 4115 extat
381 4069 480 4129 quam
504 4054 664 4129 Euripidis
686 4054 801 4127 fragm.
832 4052 916 4113 1068

95 4209 114 4278 ¹)
131 4216 171 4262 De
199 4216 286 4263 vorbis
312 4221 385 4262 σααῦν
410 4218 438 4263 61
460 4213 539 4278 aulem
562 4215 594 4262 oi.
615 4228 673 4275 pag.
698 4215 745 4262 ll'i
768 4216 795 4261 61
818 4215 878 4269 146;
903 4213 935 4260 66
959 4227 1021 4262 voce
1042 4213 1107 4272 γόνας
1125 4211 1183 4261 ride
1200 4226 1225 4273 p.
1244 4212 1292 4260 rat
1311 4216 1338 4261 61

61 4294 182 4341 1616666
201 4295 235 4342 IL
255 4296 295 4343 rt.
