3104 5286
710 467 769 526 107
800 436 802 443 ’

46 239 47 255 i

46 415 48 448 t

46 624 48 656 i

46 666 48 702 s
128 651 272 719 promissis
296 650 390 725 quale
414 653 505 711 extat
530 652 563 711 in
589 649 743 730 Gydumae
765 654 803 715 fr.
830 655 911 714 239:

324 752 437 832 Ζορκός
461 776 505 814 τοι
528 754 594 828 φίλε
617 763 707 833 κοῦρε
729 755 912 833 Λιβυστίδος
935 754 1041 815 αὐτίκα
1065 754 1149 815 δώσω

46 896 48 936 ,
410 851 496 914 πέντε
519 855 718 933 νεοσμήκτους
742 854 870 935 δὶστριοις.
1464 933 1468 940 Ι

46 949 47 1039 i
122 952 220 1018 tonora
246 973 322 1018 cum
346 957 501 1017 Simmiae
525 957 558 1017 in
582 957 649 1019 Alta
672 958 800 1020 Amoris
823 959 993 1035 Amorem,
1018 974 1135 1033 nempe
1159 955 1211 1016 τὸν
1227 955 1371 1035 οὐράνιον

115 1049 224 1135 Ἔρωτα,
247 1055 299 1117 τὸν
322 1058 543 1139 γενεσιοοργὸν,
569 1061 623 1134 qui
647 1062 745 1121 dese
768 1059 955 1136 profitetur:

325 1159 447 1235 ,Χάους
472 1157 505 1220 δὲ

326 1259 399 1322 oon
422 1284 453 1342 γε
478 1263 634 1341 Κύπριδος
657 1269 728 1336 τιοῑς

321 1359 486 1437 Ὠκυτιέτοις
510 1361 579 1426 οὐδ’
600 1364 701 1445 ’Ἆρεος
725 1368 902 1443 κολεῦμοι”,
924 1360 946 1440 ¹)

109 1470 321 1542 nuncupasset
329 1461 521 1544 Dispositiones,
540 1473 651 1530 noster
671 1471 711 1530 ad
731 1471 901 1543 antiquum
921 1482 1018 1527 usum
1037 1467 1256 1527 revocandum
1268 1469 1371 1541 patro·

108 1570 271 1644 nymicum
303 1569 442 1645 censuit,
476 1585 550 1630 (tum
581 1572 618 1632 fr.
655 1573 714 1631 147
748 1572 831 1632 dixit
864 1579 922 1652 ,τῷ
954 1563 1022 1645 περὶ
1044 1561 1169 1644 δινήεντ’
1196 1567 1372 1645 Ἀκμονίδην

106 1667 238 1747 ἕβαλεν”.
264 1669 428 1747 Ceterum,
454 1673 486 1730 in
509 1672 698 1746 genealogia
721 1671 822 1732 Urani
845 1669 1079 1732 Antimachum
1103 1670 1236 1729 secutus
1261 1668 1308 1738 (fr.
1331 1671 1372 1730 35

106 1772 209 1843 Kiolc.)
241 1774 275 1832 et
307 1772 446 1833 fortasse
477 1773 653 1848 respiciens
684 1773 855 1846 antiquum
881 1786 1028 1847 versum,
1060 1774 1097 1831 ut
1120 1772 1247 1831 videtur
1270 1771 1372 1831 hesio-

106 1875 214 1950 deum,
240 1889 335 1949 quem
359 1877 470 1935 servat
493 1875 593 1934 schol.
618 1875 658 1934 ad
682 1874 855 1934 Simmiam
879 1875 966 1943 (Γαῖα
990 1867 1044 1950 μὲν
1060 1865 1179 1950 Ἄκρων’
1201 1866 1295 1949 ἔτικτ’,
1313 1869 1373 1931 ἀπὸ

105 1971 127 2034 t’
146 1973 295 2053 Ἄκμονος
320 1973 457 2054 Οὐρανὸς
481 1973 555 2047 ἔσκε)
581 1977 708 2037 videtur
730 1978 843 2037 tamen
870 1975 1031 2050 cogitasse
1054 1975 1092 2035 de
1116 1974 1251 2049 vulgata
1274 1974 1372 2033 Theo·
1424 2010 1426 2015 >

106 2080 217 2153 goniae
240 2079 424 2139 traditione.
450 2078 568 2155 Quare,
595 2094 668 2139 cum
693 2078 856 2141 Hesiodus
882 2077 988 2152 ΊῚιοορ.
1016 2077 1078 2137 126
1102 2076 1266 2137 docuisset

327 2182 403 2238 Γαῖα
427 2176 459 2239 δέ
481 2201 526 2240 τοι
548 2188 665 2259 πρῶτον
688 2176 742 2257 μὲν
765 2177 895 2257 ἐγείνατο
918 2172 984 2240 ἶσον
1007 2176 1098 2262 ἑαυτῇ

327 2281 467 2360 Οὐρανὸν
492 2276 673 2360 ἀστερόενθ’,
695 2281 745 2342 ἵνα
769 2303 820 2359 μιν
843 2279 910 2360 περὶ
932 2280 1030 2340 ττάντοι
1053 2279 1214 2356 καλύπτοι,

107 2383 282 2445 verisimile
315 2385 443 2445 videtur
473 2384 601 2445 dedisse
633 2383 868 2445 Callimachum
898 2384 1038 2444 alterum
1064 2396 1196 2442 versum
1220 2382 1372 2455 quodam·

108 2486 199 2546 modo
223 2486 429 2551 imitantem:

325 2596 369 2671 τῇ
391 2584 459 2666 τιερδ
481 2580 606 2664 δινήεντ’
633 2584 809 2663 Ἀκμονδδην
832 2583 945 2665 ἔβαλεν.

139 2818 157 2884 ¹)
175 2822 241 2869 Oum
261 2822 414 2869 Hseberlino
431 2784 525 2881 sequor
539 2820 723 2867 wilsmowitzii
740 2819 953 2866 emendationem.
