3068 5288
683 448 724 509 43

54 634 230 717 ἀρχηγέτου
255 638 345 700 urbis
367 653 460 714 suae,
485 637 628 714 primum
651 636 784 713 dignata
808 640 868 699 est.
892 637 945 699 Sic
958 671 999 681 —
1012 636 1096 711 quod
1119 637 1213 696 acute
1236 634 1341 695 obser·

56 739 162 800 vavit
180 739 342 801 lisassius
359 775 400 784 -
417 755 492 801 oum
516 738 658 814 Oyrenes
680 739 817 800 victoria
839 741 935 815 poeta
958 738 1124 814 coniungit
1145 737 1341 797 memoriam

56 841 219 903 ludorum
241 842 419 919 ferialium,
443 841 560 917 quibus
582 840 787 916 Euphemum
809 841 1035 902 Battiadarum
1061 855 1220 916 proavum
1242 838 1340 899 victo·

58 960 139 1005 rem
163 944 327 1018 quondam
350 945 510 1006 vidissent
531 943 669 1018 Minyae.
693 937 714 1014 ι)

112 1171 153 1231 In
177 1171 301 1247 hymno
324 1173 365 1233 ad
384 1174 569 1249 Apollinem
593 1174 663 1248 ipse
681 1173 748 1233 iere
769 1172 924 1233 carminis
943 1172 1174 1246 argumentum
1194 1169 1283 1229 ducit
1301 1169 1341 1229 ad

61 1274 207 1349 Minyas.
239 1275 302 1336 Sed
331 1279 427 1337 sexto
455 1277 556 1338 etiam
579 1291 618 1337 ac
641 1276 754 1350 quinto
778 1275 902 1350 hymno
924 1274 1020 1349 poeta
1043 1271 1157 1332 eodem
1180 1270 1266 1330 ultro
1289 1269 1342 1344 agi

61 1377 207 1438 videtur.
232 1377 344 1453 Specie
367 1379 456 1439 enim
484 1379 560 1439 ordo
584 1376 780 1439 narrationis
804 1373 1042 1436 Callimachum
1065 1372 1207 1454 deducit,
1229 1386 1343 1431 revera

60 1479 234 1554 proprium
259 1478 431 1539 consilium
454 1494 518 1553 qua
540 1479 610 1555 ipse
633 1478 723 1539 iubet
745 1492 822 1537 eum
844 1477 927 1552 agit,
953 1491 1029 1536 cum
1055 1475 1178 1549 hymno
1198 1475 1232 1534 in
1252 1473 1341 1534 Cere-

62 1595 140 1640 rem
165 1595 213 1640 vs.
240 1581 280 1640 16
303 1581 372 1655 ipse
395 1595 431 1641 se
453 1582 639 1656 increpans:

294 1679 354 1759 »μὴ
377 1679 418 1759 μὴ
442 1689 533 1741 ταῦτα
556 1677 697 1758 λέγομες,
719 1676 738 1738 dl
762 1677 895 1758 δάκρυον
918 1675 1009 1758 ἄγαγε
1033 1676 1144 1754 Ληοῐ,”

62 1782 177 1844 subito
210 1797 343 1844 cursum
366 1782 510 1844 deflectit
531 1785 565 1844 et
587 1783 621 1843 in
644 1781 833 1842 Thessaliae
856 1795 989 1856 campos
1012 1779 1177 1840 auditores
1199 1779 1342 1839 sevocat.

63 1885 174 1960 Quare
197 1884 305 1944 subito
329 1884 362 1944 in
386 1883 615 1945 Thessaliam?
636 1881 741 1944 (lausa
761 1884 873 1958 aperta
896 1885 948 1943 est
970 1882 999 1941 si
1023 1879 1209 1955 Gouatium,
1234 1879 1343 1939 virum

63 1986 311 2062 doctissimum,
338 1986 506 2046 audimus:
534 1985 714 2060 „hymnum
738 1984 771 2044 in
790 1983 947 2044 honorem
967 1981 1093 2044 cereris
1113 1980 1244 2041 cnidiae
1261 1994 1343 2053 quae

68 2090 107 2149 in
133 2087 262 2162 Triopio
281 2085 507 2162 promunturio
522 2085 646 2162 colitur,
666 2086 763 2161 poeta
778 2085 977 2160 composuit;
1000 2082 1206 2160 ,,1ὀνορῑοι”διι
1224 2081 1348 2142 δίοδοοοο

63 2190 178 2251 ἀρήια
208 2189 290 2249 deas
320 2189 456 2264 thymele
493 2186 542 2263 Vi,
576 2191 602 2247 et
631 2187 663 2248 lo
689 2186 778 2262 pisce
807 2187 1052 2262 preponderante
1083 2188 1159 2264 ραν
1181 2201 1290 2262 occupo
1312 2185 1344 2246 lo

61 2291 148 2368 suble
170 2290 407 2367 o’liryeichtbon
429 2306 468 2350 nc
488 2294 616 2366 peaoem
638 2291 823 2365 caepitque·
847 2305 904 2364 pue
927 2291 964 2350 de
987 2293 1055 2350 cette
1077 2289 1249 2350 mentiret
1272 2281 1294 2359 ²)

111 2394 206 2454 Hanc
229 2392 415 2468 opinionem
438 2393 475 2453 ut
497 2393 622 2452 tutetur
646 2390 801 2453 couatius
822 2391 966 2466 primum
987 2390 1184 2451 scholiastae
1203 2390 1342 2463 obloqui·

65 2499 130 2557 tur.
163 2495 205 2555 Et
236 2495 269 2554 id
299 2495 429 2568 quidem
460 2498 561 2570 recte,
594 2495 623 2554 si
651 2495 857 2554 contendisse
880 2493 1079 2553 scholiasten
1103 2491 1343 2552 concedendum

66 2598 132 2673 est,
158 2597 198 2657 ad
221 2597 344 2657 festum
368 2596 602 2657 Alexandrinae
632 2594 758 2656 Cereris
781 2596 943 2669 hymnum
965 2594 1123 2668 scriptum
1148 2607 1231 2654 esse.
1255 2593 1342 2653 Dori·

67 2715 141 2760 cam
181 2698 270 2759 enim
304 2697 479 2759 dialectum
515 2697 548 2757 in
582 2696 756 2758 Eleusiniis
790 2696 1021 2757 Alexandrinis
1055 2694 1235 2756 adhibitam
1270 2710 1343 2756 esse

67 2817 225 2877 perquam
260 2799 472 2875 improbabile
506 2800 644 2860 videtur.
667 2791 690 2869 ³)
725 2799 860 2860 Accedit
893 2801 1018 2874 autem,
1054 2798 1138 2872 quod
1172 2812 1212 2857 ne
1245 2798 1343 2860 verbo
1421 2825 1423 2828 >

67 2904 199 2978 quidem
230 2901 487 2977 Thesmophoria
514 2901 548 2960 in
572 2901 695 2976 hymno
718 2904 830 2962 nostro
861 2903 1094 2963 memorantur.
1127 2899 1279 2962 ceterum
1302 2915 1344 2961 ne

66 3007 136 3081 ipse
162 3004 295 3079 quidem
317 3003 495 3064 scholiasta
518 3004 732 3079 sententiam,
758 3019 856 3078 quam
887 3004 1005 3064 merito
1036 3003 1191 3064 Conatius
1216 3003 1341 3080 reiecit,

67 3107 199 3168 disertis
226 3105 347 3181 promit
376 3104 494 3165 verbis.
527 3105 677 3182 Explicat
708 3108 838 3167 tantum
869 3106 976 3181 prima
1007 3106 1122 3181 hymni
1153 3105 1253 3166 verba
1285 3114 1343 3181 ,τῶ

65 3208 192 3267 aalide
223 3205 395 3278 ιιαιιόνιος”
428 3205 514 3268 hunc
537 3207 571 3267 in
595 3208 747 3282 modum3
775 3202 823 3283 „‘0
848 3207 1034 3285 Φιλάδελφος
1059 3209 1244 3283 Πτολεμαῖος
1267 3204 1342 3267 κατὰ

66 3309 192 3387 μίμησιν
219 3316 278 3368 τῶν
308 3310 446 3385 Ἀθηνῶν
469 3305 527 3386 ἔθη
549 3307 616 3368 τινὰ
639 3308 760 3388 ἵδρυσεν
784 3306 816 3368 ἐν
848 3308 1062 3392 Ἀλεξανδρείᾳ,
1092 3306 1124 3368 ἐν
1147 3300 1192 3380 οἷς
1215 3306 1265 3368 καὶ
1288 3307 1343 3385 τὴν

66 3421 119 3473 τοῦ
138 3410 277 3471 παλάθαν
300 3409 440 3489 πρόοδον.
465 3407 537 3482 ἔθος
559 3407 616 3490 γὰρ
639 3399 679 3488 ἦν
702 3407 734 3470 ἐν
758 3407 900 3487 Ἀθήναις
931 3408 963 3470 ἐν
994 3405 1143 3492 ὡρισμένῃ
1171 3405 1266 3493 ἡμέρᾳ
1296 3407 1344 3470 ἐπὶ

66 3509 213 3591 ὀχήματος
247 3509 394 3589 φέρεσθαι
427 3510 577 3571 παλάθιον
607 3510 648 3582 εἲς
679 3508 768 3588 τιμὴν
798 3518 851 3588 τῆς
884 3509 1074 3590 Δήμητρος”.
1112 3510 1199 3587 Quae
1230 3510 1342 3588 verbe,

68 3614 255 3691 neglegenti
284 3613 413 3675 cuidam
440 3612 623 3687 excerptori
646 3612 767 3689 debita,
793 3613 854 3673 hac
877 3628 1003 3687 quoque
1026 3628 1061 3673 re
1079 3611 1164 3673 falsa
1182 3613 1342 3687 videntur,

102 3909 120 3970 ¹)
138 3912 214 3958 Psus.
234 3908 262 3957 V.
281 3911 320 3956 l‘l.
340 3913 368 3969 43
391 3912 483 3958 bisses.
503 3910 630 3973 (littinges-
643 3909 706 3959 Ans.
723 3914 788 3959 1890
804 3925 828 3971 p.
848 3914 908 3970 34ae
929 3912 961 3958 cf.
977 3911 1131 3958 Studnicalrs
1145 3909 1241 3974 Kyrene
1254 3911 1280 3957 in
1298 3911 1346 3958 llo·

65 3992 153 4039 seheri
167 3990 262 4037 Lexicc
271 3990 318 4038 col.
329 3991 401 4038 llio.
412 3991 562 4050 Quicunque
572 3990 648 4039 Urbis
659 3991 770 4051 Oyrenes
780 3992 834 4038 eive
843 3991 976 4038 historiam
987 3992 1041 4038 sive
1050 4003 1122 4037 sscrs
1131 3990 1227 4049 tangit,
1236 3989 1348 4050 plurima

65 4070 147 4119 debet
167 4068 340 4117 Studnicalise
359 4070 446 4130 sagaci
464 4068 610 4130 doctrinae,
624 4071 699 4117 cuius
714 4070 906 4129 investigationi
922 4070 996 4129 sique
1011 4069 1163 4116 convenient
1173 4071 1277 4116 invenis
1285 4081 1344 4116 mea

64 4161 116 4196 non
140 4149 191 4196 nisi
218 4148 315 4195 iussim
338 4149 387 4197 boc
405 4161 511 4197 monere
528 4149 626 4196 omitto.
646 4149 739 4196 Contrs
756 4148 862 4197 minime
880 4149 944 4197 mihi
960 4147 1101 4208 probentur
1117 4161 1183 4208 quse
1200 4148 1233 4196 de
1251 4149 1348 4209 Oyrene
1435 4214 1438 4220 Ι

71 4227 248 4276 callimachus
275 4241 305 4275 se
332 4228 365 4276 de
392 4227 487 4288 hymno
514 4227 665 4277 csllimschi
692 4229 718 4275 in
740 4229 886 4290 Apollinem
908 4228 1056 4289 disputavit
1086 4228 1125 4276 De
1151 4241 1202 4288 qus
1228 4242 1256 4277 re
1281 4229 1349 4277 inirs

63 4308 271 4448 Ὓῗδῃροόιίι
290 4383 460 4433 Alexandrino
476 4399 501 4446 p.
519 4386 577 4434 Til.

98 4462 119 4524 ³)
137 4465 323 4525 Inscriptiones
340 4464 432 4512 saltem
447 4465 563 4513 Eleusini
580 4466 650 4527 spud
663 4465 843 4514 Alexandriam
858 4470 988 4532 repertss,
1005 4469 1343 4530 qussoontnlitNerontsos-

63 4547 127 4609 aoy,
148 4544 283 4593 δικαίωνε
307 4544 458 4594 Alesasdn's
479 4560 504 4607 p.
525 4549 572 4595 110
590 4560 661 4609 sqq..
683 4546 754 4595 tituli
779 4548 897 4610 plerique
920 4546 1098 4611 sepulchrales
1114 4549 1246 4597 homiuum
1265 4550 1343 4598 Gree-

64 4638 152 4673 oornm
170 4638 202 4673 ex
219 4624 308 4683 oreis,
325 4625 504 4687 mathaee,
522 4625 626 4688 Rhodo,
644 4626 753 4689 Delphis
771 4627 953 4688 oriundornm,
970 4629 1055 4677 Attice
1070 4629 1181 4689 scriptae
1199 4633 1265 4677 sunt.
