3314 5436
748 561 790 622 55

171 750 369 810 Etiamnunc
388 747 573 824 ambigitur,
595 749 723 823 quando
741 749 882 824 Lagidae
900 748 972 810 Deli
984 747 1205 809 dominatione
1217 748 1312 824 potiti
1324 749 1401 809 sint.

126 852 276 912 Profecto
306 851 336 911 si
367 851 441 925 quis
463 850 591 924 quaerit
613 849 744 910 cuinam
768 851 908 925 tempori
935 851 996 911 hoc
1019 850 1191 925 aptissime
1214 849 1400 925 conveniat,

126 954 186 1012 vix
216 953 365 1013 inveniat
394 952 598 1013 occasionem
628 953 735 1027 magis
759 954 975 1028 opportunam
997 951 1185 1012 Ptolemaeo
1208 950 1249 1011 ad
1273 951 1401 1011 demon·

123 1054 299 1115 strandum
322 1053 435 1128 quanti
457 1053 577 1114 faceret
607 1068 702 1115 sacra
731 1053 855 1116 Graeca
881 1056 1022 1129 deosque
1044 1053 1192 1114 Deliacos
1216 1068 1315 1128 quarn
1337 1053 1400 1114 fuit

124 1171 247 1231 annus,
268 1171 331 1229 quo
351 1155 471 1215 vindex
490 1153 631 1216 Graecas
650 1154 812 1216 libertatis
831 1157 944 1216 contra
963 1155 1163 1230 Antigonum
1180 1152 1399 1216 Cassandrum

123 1258 361 1332 Lysimachum
385 1257 582 1332 exstitisset,
604 1257 792 1318 civitatibus
816 1273 889 1319 earn
916 1257 1087 1333 postulans
1110 1257 1296 1318 libertatem
1319 1272 1402 1331 quae

124 1360 161 1419 in
186 1359 305 1420 ducum
327 1358 455 1420 foedere
478 1359 640 1433 promissa
664 1361 765 1432 esset;
786 1374 849 1433 quo
868 1373 954 1419 anno
974 1359 1116 1430 (soa-8
1130 1375 1158 1420 a.
1173 1357 1206 1419 G.
1219 1363 1263 1428 n.)
1283 1359 1402 1433 Lyciae

123 1459 261 1521 urbibus
279 1461 384 1536 captis
403 1460 546 1535 primurn
565 1460 606 1520 ad
626 1460 768 1521 insulam
789 1459 892 1522 doum
911 1461 1076 1536 proiectus
1095 1463 1166 1521 erut
1182 1461 1288 1521 -ubi
1304 1463 1402 1521 natus

123 1561 155 1621 ei
189 1563 241 1622 est
269 1560 477 1622 Ptolemaeus
498 1558 586 1621 iilius
611 1595 651 1604 -
675 1562 812 1636 indeque
831 1577 889 1637 per
918 1560 1075 1636 Cyclades
1106 1564 1221 1623 vectus
1248 1562 1401 1624 Graeciae

122 1661 260 1723 urbibus
282 1661 482 1737 libertatern,
508 1661 560 1721 vel
583 1661 691 1737 potius
714 1662 907 1723 societatem
929 1678 1026 1724 suam
1049 1663 1167 1724 obtulit
1189 1657 1221 1732 ¹).

172 1764 217 1824 Eo
251 1765 364 1824 autem
397 1778 482 1824 anno
520 1778 587 1823 non
621 1763 729 1824 solum
763 1763 895 1824 venisse
929 1764 1155 1825 Ptolemaeum
1190 1765 1224 1824 in
1258 1763 1401 1824 insulam

121 1881 256 1927 sacram
276 1865 333 1927 sed
354 1865 482 1926 vovisse
503 1879 629 1939 quoque
644 1897 683 1906 —
697 1879 897 1939 quamquam
914 1879 979 1926 non
998 1865 1141 1940 Apollini
1159 1865 1217 1925 sed
1229 1865 1346 1926 Veneri
1361 1901 1400 1909 —

122 1983 188 2028 vas
210 1983 346 2029 aureum
369 1965 500 2042 egregia
521 1965 762 2042 pulchritudine
786 1965 871 2027 inter
890 1967 1007 2027 rudere
1025 1966 1140 2043 templi
1158 1967 1281 2028 Dianae
1300 1983 1402 2044 nuper

121 2071 306 2146 repertum,
338 2069 538 2144 Homullius,
570 2083 634 2142 qua
664 2070 716 2129 est
745 2070 939 2144 sagacitate,
969 2069 1036 2129 iam
1067 2069 1192 2144 pridem
1216 2069 1402 2146 suspicatus

122 2173 199 2232 erat
219 2165 251 2242 ²).
276 2170 488 2247 Argumentis
510 2169 668 2231 Homullii
690 2173 785 2232 caute
809 2171 977 2247 perpensis
1001 2171 1116 2232 deinde
1142 2171 1319 2246 scripserat
1340 2172 1401 2233 Va·

121 2272 272 2334 lerianus
291 2272 331 2333 de
351 2272 515 2334 Schoeffer
529 2265 565 2343 it:
590 2273 795 2350 ,crebribus
814 2275 912 2349 ipitur
932 2273 1048 2350 {luthro
1066 2277 1186 2350 tempus
1205 2289 1266 2348 quo
1284 2274 1400 2335 insuta

125 2389 247 2434 norum
269 2375 393 2436 aeduae
417 2372 459 2444 (τὸ
481 2372 586 2434 κοινὸν
608 2383 668 2434 τῶν
691 2380 855 2453 νησιωτῶν)
876 2376 1039 2436 comitiale
1057 2379 1099 2436 est
1116 2375 1169 2435 σιἰτ
1187 2375 1405 2436 circumscribi

115 2479 220 2553 potat
250 2493 348 2552 quum
373 2481 408 2538 ut
433 2481 504 2553 poet
535 2479 667 2537 mortem
698 2476 874 2538 Αλεαανιλνλ
904 2479 1022 2538 acute
1044 2477 1181 2538 Athenas
1203 2493 1224 2536 a
1247 2476 1402 2538 Demetrio

121 2583 234 2655 captos
262 2579 317 2641 boc
343 2581 465 2656 factum
494 2579 669 2641 dicomue”.
702 2579 905 2641 concedebat
934 2579 1033 2654 igitur
1065 2579 1104 2639 de
1136 2578 1308 2655 Seboeffer,
1338 2580 1401 2641 Ho-

121 2680 276 2742 mollium
306 2681 515 2756 probabiliter
544 2683 749 2757 suspicatum
772 2697 845 2743 esse
869 2683 935 2743 iarn
959 2697 996 2742 eo
1016 2696 1101 2742 anuo
1125 2695 1221 2756 quern
1245 2682 1400 2758 indicavi,

121 2781 193 2844 308
227 2798 255 2843 a.
287 2782 320 2844 0.
356 2782 457 2844 Deliis
491 2783 678 2846 libertatern
713 2799 733 2844 a
763 2784 843 2859 Lagi
875 2781 941 2844 illio
974 2797 1047 2844 esse
1079 2782 1253 2857 redditam,
1285 2798 1400 2843 verum

121 2884 241 2944 eodem
271 2886 417 2959 ternpore
447 2899 486 2944 eo
517 2888 648 2946 auctore
677 2886 745 2946 iam
774 2885 940 2946 conditam
964 2899 1037 2945 esse
1059 2884 1252 2944 societatem
1276 2884 1399 2945 conice-

120 2986 273 3047 deratam
296 2987 536 3062 insulanorum,
565 2987 598 3047 id
620 3002 662 3047 ex
685 2986 952 3062 inscriptionibus
975 3000 1057 3059 quas
1078 2984 1247 3046 attulisset
1269 2986 1400 3047 Homol-

119 3087 191 3148 lius
211 3085 296 3149 effici
318 3103 426 3163 posse,
452 3091 524 3149 tum
548 3088 679 3163 quidem
700 3089 849 3164 negabat.
871 3087 992 3148 Verum
1012 3102 1052 3148 ea
1071 3101 1154 3162 quae
1176 3089 1249 3147 tum
1266 3087 1396 3149 Homol-

119 3188 190 3250 lius
219 3191 377 3265 suspicari
411 3191 543 3252 tantum
577 3193 705 3266 poterat
737 3190 866 3266 propria
895 3189 1084 3264 sagacitate
1119 3204 1212 3265 usus,
1244 3189 1312 3250 iam
1342 3206 1400 3265 pro

121 3291 214 3352 certo
248 3294 397 3353 constare
430 3292 582 3353 videntur
611 3307 654 3352 ex
683 3292 894 3368 inscriptione
925 3307 1027 3367 nuper
1057 3292 1186 3366 reperta
1216 3292 1249 3351 in
1278 3291 1398 3368 insula,

121 3392 178 3452 cui
204 3407 324 3453 nomen
347 3393 442 3455 hodie
465 3396 517 3454 est
540 3393 723 3473 Νιιιονργία,
745 3395 832 3456 haud
856 3394 967 3470 procul
990 3394 1030 3455 ab
1055 3395 1198 3468 Amorgo
1221 3393 1295 3453 sita.
1321 3393 1398 3454 Gon·

121 3491 249 3555 tinetur
282 3493 343 3555 hoc
372 3494 469 3556 titulo
504 3495 671 3557 decretum
702 3495 842 3557 foederis
872 3511 914 3556 ex
946 3495 1061 3571 primis
1092 3495 1272 3556 Ptolemaei
1295 3495 1399 3556 Phila·

122 3594 233 3669 delphi
253 3595 340 3671 regie
366 3597 475 3671 annis;
495 3613 544 3659 vs.
565 3599 605 3657 10
623 3613 690 3672 sqq.
711 3599 823 3659 autem
843 3597 924 3658 haec
942 3596 1111 3672 leguntur:
1135 3595 1325 3675 ,tudinum
1347 3604 1400 3656 τῶι

120 3703 229 3756 καινῶν
258 3704 317 3756 τῶν
348 3693 501 3778 συνέδρων
531 3695 633 3776 ἐπειδὴ
665 3694 681 3758 ὁ
712 3696 850 3777 βασιλεὺς
885 3694 936 3757 καλ
955 3696 1053 3776 σωτὴρ
1078 3700 1260 3775 Πτολεμαῖος
1282 3701 1401 3758 πολλῶν

122 3795 176 3856 καλ
205 3797 340 3878 μεγάλων
371 3796 498 3878 ἀγαθῶν
528 3798 621 3871 αἴτιος
649 3795 762 3880 ἐγένετο
791 3802 851 3870 τοῖς
885 3802 938 3872 [τ]ε
962 3797 1120 3876 νησιώταις
1144 3794 1194 3858 καλ
1216 3802 1277 3870 τοῖς
1300 3794 1400 3871 ἄλλοις

111 3897 276 3978 Ἕλλησιν,
304 3899 756 3979 tesserescedecadas
781 3897 830 3960 καλ
855 3899 924 3972 τοὺς
948 3899 1061 3978 νόμους
1084 3897 1219 3973 ἀποδοὺς
1245 3899 1320 3975 [alul
1342 3899 1400 3981 τὴμ

121 4001 253 4080 πάιριομ
278 4001 431 4080 ιιολιιείαμ
460 4011 552 4083 πᾶσιν
581 4001 799 4088 narcoticum
830 4017 912 4077 quae
937 4002 1036 4062 verba
1060 4003 1106 4063 ita
1130 4003 1177 4063 rei
1203 4004 1400 4064 constituen-

121 4103 184 4164 dae
219 4115 330 4166 curam
365 4119 440 4165 curn
474 4105 600 4166 reddita
632 4105 783 4166 libertate
818 4105 1032 4180 coniungunt,
1068 4107 1105 4164 ut
1141 4105 1174 4164 ln
1206 4105 1277 4180 ipsa
1305 4121 1399 4180 expe·

121 4205 247 4267 ditione
276 4206 355 4267 anni
377 4207 442 4267 308
470 4207 659 4268 institutum
683 4221 702 4266 a
726 4205 913 4267 Ptolemaeo
939 4202 971 4265 τὸ
995 4202 1099 4265 κοινὸν
1121 4207 1155 4266 et
1177 4205 1398 4267 instauratum

129 4418 351 4429 ...u—u—

158 4561 179 4624 ¹)
195 4563 270 4613 Diod.
286 4563 339 4612 XX.
357 4565 402 4628 at,
420 4565 496 4615 Niobe
514 4564 652 4614 emtore
667 4566 738 4616 Alea.
756 4567 780 4615 d.
799 4565 840 4615 Gr.
858 4583 883 4616 ν.
898 4567 978 4616 seim
996 4567 1085 4633 Nachfi
1102 4570 1123 4617 1.
1142 4585 1168 4631 p.
1188 4571 1245 4618 808.

156 4639 350 4704 ¹)1nrcribltur
367 4649 512 4704 Πσνλνμαλσς
528 4647 611 4704 Λάγον
628 4648 748 4694 Μακισὼν
765 4648 895 4712 Ἀφροδίσια
913 4650 947 4696 uf.
965 4661 1044 4710 supra
1061 4663 1120 4710 pag.
1138 4651 1161 4698 4.

158 4718 181 4782 ⁸)
199 4721 229 4770 de
247 4721 307 4771 Deli
323 4722 418 4772 insulae
433 4723 501 4772 rebus
518 4723 598 4787 (stud.
617 4724 725 4774 Berolr‘rr.
743 4723 800 4786 IX)
818 4740 844 4787 p.
862 4727 902 4778 96.
