3068 5288
821 453 862 512 22

208 638 373 699 tissimum
408 640 612 715 retractavit,
644 643 681 700 ut
711 640 750 701 ad
779 639 883 700 solam
906 638 1045 700 Dianam
1070 641 1262 703 Arcadicam
1287 645 1357 705 tam
1380 661 1473 720 poena

208 755 306 813 quam
330 740 457 801 sanatio
479 741 647 803 referenda
669 756 742 802 esse
766 742 938 802 videretur.

250 841 362 916 Ipsum
402 842 556 904 Proetum
597 859 707 919 regem
741 844 804 905 duo
840 843 961 904 Dianae
997 845 1179 907 condidisse
1214 848 1339 923 templa
1372 851 1474 909 narrat

209 958 257 1003 vs.
282 944 361 1003 233:

366 1036 368 1040 Α
429 1037 448 1124 ἦ
472 1043 526 1124 μέν
549 1068 594 1107 τοι
617 1049 745 1128 Προῖνός
768 1070 800 1129 γε
824 1049 886 1109 δύω
911 1046 1089 1109 ἔκαθίσσατο
1114 1049 1226 1127 νηοὺς,

429 1144 519 1208 ἄλλον
542 1145 596 1227 μὲν
619 1150 730 1235 Καρίῃ,
753 1149 797 1211 ὅτι
819 1150 851 1211 οἵ
871 1149 1027 1224 συνελέξαο
1050 1151 1161 1229 κούρας

430 1245 520 1327 οὔρεα
538 1249 721 1329 αλαζομένας
744 1251 875 1330 digniora,
897 1251 948 1313 τὸν
972 1247 1000 1312 ‹l'
1027 1249 1071 1312 at
1094 1254 1227 1325 Λούσοις

423 1344 551 1435 Ἡμὲρῃ,
573 1352 682 1413 οὕνεκα
701 1352 804 1431 θυμὸν
827 1348 874 1412 οἰαῖ
901 1350 1006 1431 ἄγριον
1030 1352 1104 1414 niteo
1127 1354 1254 1415 παίδων.
1281 1350 1303 1426 ¹)

251 1452 331 1512 Ecce
361 1453 505 1513 narratio
535 1454 574 1514 de
602 1456 775 1533 Proetidis,
808 1471 827 1516 a
858 1455 992 1530 vulgata
1024 1471 1156 1530 prorsus
1187 1457 1375 1518 abhorrens
1401 1459 1473 1518 Nus-

206 1569 303 1628 quam
335 1553 528 1630 Melampus
562 1557 642 1616 nihil
674 1557 712 1618 de
744 1573 843 1618 causa
873 1556 992 1634 morbi,
1018 1573 1114 1631 quem
1139 1573 1180 1618 ex
1204 1561 1324 1633 spretis
1347 1559 1474 1634 Dionysi

205 1655 309 1716 sacris
343 1658 458 1716 uatum
490 1657 664 1719 etiamtum
696 1659 842 1720 nonnulli
874 1658 1124 1732 contendebant,
1157 1659 1212 1719 alii
1244 1676 1264 1720 a
1295 1664 1474 1736 contempto

204 1757 337 1817 lunonis
357 1758 491 1819 numine
510 1761 616 1819 ortam
636 1761 797 1821 volebant.
813 1754 836 1835 ²)
860 1761 931 1820 Non
954 1760 1060 1835 placet
1082 1760 1294 1838 Callimacho,
1320 1764 1474 1837 mysticae

204 1857 369 1933 religionis
400 1859 501 1920 etiam
531 1861 704 1922 minimam
727 1862 870 1936 speciem
894 1876 1023 1936 semper
1042 1864 1203 1938 aversato,
1233 1865 1329 1923 vates
1352 1864 1407 1924 ille
1430 1861 1474 1922 διὰ

204 1958 370 2036 φαρμάκων
400 1957 451 2019 καὶ
480 1965 646 2038 καθαρμῶν
677 1965 782 2023 artem
811 1977 980 2036 exercens,
1010 1962 1248 2037 delirantesque
1272 1979 1396 2025 sanans
1420 1958 1469 2042 μετ’

206 2057 377 2140 ἀλαλαγμοῦ
399 2060 452 2121 καί
468 2083 547 2133 τινος
568 2058 677 2124 ἐνθέου
691 2062 820 2142 χορείας,
840 2064 911 2123 odio
924 2066 975 2123 est
988 2063 1017 2123 ei
1029 2064 1180 2124 sacerdos
1193 2063 1410 2139 Dionysiacos
1427 2066 1475 2140 qui

205 2162 362 2237 principia
387 2162 468 2222 artis
493 2177 573 2223 suae
597 2179 638 2224 ex
662 2165 751 2226 cultu
771 2165 907 2225 Osiridis
927 2165 1154 2240 desumpserit.
1172 2156 1196 2235 ³)
1218 2166 1317 2242 Virgo
1339 2168 1475 2244 virgines

207 2264 292 2339 turpi
327 2264 440 2325 morbo
469 2264 627 2325 liberabit.
659 2266 703 2326 At
733 2267 762 2326 si
785 2266 948 2327 Arcadum
976 2262 1132 2342 παρθένον
1155 2268 1316 2328 Proetidis
1339 2269 1475 2330 salutem

207 2365 358 2427 attulisse
377 2366 554 2427 arbitratus
572 2369 617 2428 sit
636 2371 743 2444 poeta,
765 2369 852 2430 haud
870 2369 954 2429 levis
974 2371 1025 2429 est
1036 2369 1178 2443 suspicio
1192 2402 1231 2412 -
1245 2371 1402 2442 quoniam
1414 2374 1475 2431 tan·

207 2470 278 2528 tum
302 2484 366 2528 non
386 2469 456 2529 sine
477 2471 666 2546 exceptione
686 2471 774 2530 valet
786 2471 819 2530 in
839 2470 897 2530 tali
918 2485 953 2530 re
975 2465 1016 2545 ,i
1036 2467 1147 2544 τρώσας
1167 2466 1217 2527 καὶ
1237 2468 1372 2529 idoare?
1384 2505 1423 2515 -
1439 2488 1475 2533 ex

206 2570 276 2630 eius
314 2570 463 2645 opinione
502 2572 651 2633 iniecisse
683 2587 807 2647 quoque
837 2572 980 2632 furorem
1011 2571 1170 2632 Proetidis
1204 2571 1354 2632 Dianam.
1393 2572 1475 2648 Quod

204 2671 233 2731 si
264 2687 377 2733 revera
411 2674 551 2749 putavit,
590 2673 685 2734 valde
719 2673 882 2748 probabile
913 2675 964 2733 est
994 2673 1078 2748 apud
1109 2673 1253 2732 Arcades
1284 2689 1360 2733 eum
1397 2676 1475 2735 hanc

204 2773 412 2834 traditionem
442 2774 607 2835 invenisse
639 2789 713 2835 cum
743 2774 864 2834 Dianae
899 2777 1017 2834 natura
1051 2773 1187 2832 minime
1221 2789 1302 2833 sane
1338 2791 1475 2851 pugnan-

204 2876 287 2949 tem,
327 2875 436 2948 itaque
466 2876 646 2936 secundum
681 2876 853 2936 Lusiorum
887 2890 998 2935 sacras
1033 2873 1160 2935 fabulas
1196 2875 1335 2935 eandem
1371 2878 1474 2952 deam,

205 2991 287 3048 quae
320 2978 391 3036 tam
425 2992 578 3051 agrorum
613 2992 711 3050 quam
745 2976 919 3036 mulierum
952 2975 1113 3036 fertilitati
1143 2975 1282 3052 faveret,
1316 2992 1354 3037 ae
1383 2977 1476 3038 simul

203 3077 362 3149 λυσίζοονος
385 3080 419 3138 et
448 3077 545 3157 λοχεία
575 3080 825 3154 nuncuparetur,
858 3078 1017 3139 Proetidis
1048 3079 1118 3138 tam
1146 3077 1265 3137 furoris
1288 3093 1390 3152 quam
1415 3079 1475 3140 red·

206 3179 292 3239 ditae
315 3180 469 3240 sanitatis
491 3180 593 3242 fuisse
618 3196 762 3242 causam.

248 3280 367 3342 Verum
389 3283 542 3356 quoniam
554 3284 694 3344 Arcadia
711 3285 881 3357 tamquam
901 3283 1004 3343 altera
1015 3281 1136 3342 Dianae
1149 3280 1255 3356 patria
1266 3283 1382 3355 poetae
1395 3283 1474 3342 vide·

203 3384 265 3457 tur,
286 3397 417 3443 summo
445 3400 541 3461 opere
560 3385 735 3446 contendat
753 3400 885 3445 necesse
903 3387 967 3460 est,
989 3387 1027 3444 ut
1043 3399 1118 3445 cum
1131 3383 1288 3443 Arcadica
1300 3381 1362 3443 dea
1375 3385 1477 3444 cultus

238 3585 256 3650 ¹)
274 3590 312 3637 lix
335 3593 407 3650 parta
433 3594 532 3639 tantum
557 3606 616 3640 cum
642 3594 713 3640 hisee
740 3594 870 3653 conspirat
895 3590 1034 3639 Pausanias
1057 3592 1101 3652 qni
1127 3590 1316 3650 Melampodem
1344 3592 1478 3641 deduxisse

205 3669 308 3730 quidem
334 3670 446 3731 virgines
470 3672 497 3718 iu
522 3675 647 3734 templum
673 3673 760 3733 ibique
787 3686 893 3720 saumae
916 3675 1016 3727 namot,
1038 3671 1083 3718 aad
1108 3672 1164 3718 eins
1187 3670 1225 3717 rei
1247 3670 1372 3719 honorem
1396 3676 1477 3720 tamen

205 3750 300 3797 Dianae
317 3749 408 3798 tribuit
425 3752 576 3810 cognomina
590 3752 722 3815 ‘Hpopaolp
749 3752 827 3809 (vm.
847 3753 885 3798 ia.
897 3750 930 3811 8.)
954 3752 1030 3798 Nullo
1053 3754 1140 3797 antem
1161 3753 1310 3808 argumento
1328 3751 1416 3799 firmat
1433 3753 1479 3799 Im·

95 3835 104 3846 '
206 3828 371 3876 merwahrins
388 3843 454 3889 quae
471 3831 561 3877 soribit
576 3832 593 3878 l.
603 3831 620 3877 1.
640 3828 697 3878 143Ι
719 3830 779 3888 „die
795 3830 847 3878 bier
866 3829 1016 3893 omlieyende
1033 3828 1104 3877 Fam
1121 3829 1215 3876 νεανίαν
1235 3826 1304 3884 <die
1321 3828 1413 3892 Saye>
1435 3832 1480 3878 etri

205 3907 280 3955 duret
296 3907 462 3956 Kallimaeltoa
478 3909 588 3957 nhalten
600 3926 630 3958 αα
645 3909 743 3958 habea''.
759 3911 814 3971 Ita,
831 3914 967 3971 postquam
985 3910 1079 3971 semel,
1097 3909 1176 3969 idque
1193 3908 1294 3964 iniuria,
1308 3910 1479 3970 mythologice

163 4001 165 4004 ·
205 3987 288 4034 audax
306 3988 439 4035 innovator
457 3989 542 4037 dietus
559 3993 599 4037 est
616 3993 710 4045 noster,
728 3990 796 4037 ultro
814 3992 864 4037 isto
879 3991 948 4036 sama
965 3990 1064 4036 erescit.

239 4062 260 4127 ²)
277 4068 398 4114 Testatur
419 4068 588 4128 Apollodorus
605 4069 640 4116 11.
658 4070 739 4116 ΗΔ
764 4069 906 4117 secundum
930 4069 1071 4116 Hesiodum
1093 4068 1234 4126 Dionysum
1252 4066 1339 4113 furore
1365 4069 1479 4115 &aalma

206 4146 340 4195 Proetidas
365 4151 507 4208 ,ἱμανὴοαη
530 4150 560 4203 ὡς
577 4148 688 4203 Ἡσίοδός
710 4165 788 4210 φησιν,
813 4150 847 4195 ὅτι
865 4150 905 4202 τὰς
924 4152 1042 4194 Διονύσου
1059 4148 1148 4201 raiardo
1165 4148 1193 4193 οὐ
1210 4146 1389 4206 ναννδὸχοννα”.
1407 4149 1477 4195 cetr-

206 4228 258 4287 logi
281 4230 367 4275 nutem
391 4228 563 4286 fragmentum
590 4227 621 4274 58
641 4222 709 4290 (ΒΖ.)
732 4240 789 4274 oum
807 4231 989 4286 γυναικομανίαν
1006 4239 1094 4274 aarum
1116 4225 1239 4273 describit
1256 4226 1353 4286 ,nirano
1369 4232 1478 4287 μαχλο-

207 4313 297 4368 corpe
319 4317 428 4371 στυγερῆς
450 4307 514 4371 ripn
539 4308 627 4354 ὥὶοααν
648 4305 753 4368 ἄνθος”,
775 4320 825 4354 non
846 4305 1002 4354 Bacchicum
1023 4306 1136 4354 furorem
1157 4304 1284 4366 spectavit
1300 4304 1347 4351 sed
1364 4306 1479 4352 morbum

207 4389 282 4446 longe
308 4386 453 4444 diversum,
482 4385 540 4432 ride
566 4387 634 4433 enim
660 4400 711 4446 quo
736 4386 813 4434 modo
840 4385 956 4432 morbum
984 4387 1069 4446 ipsum
1095 4384 1240 4445 depinxerit
1265 4383 1382 4443 Ontrlogi
1408 4387 1480 4445 poeta

207 4475 239 4520 fr.
262 4467 301 4514 54.
325 4466 459 4513 Aousilaus
478 4464 557 4527 (apud
576 4466 758 4525 Apollodorum
776 4466 793 4512 l.
813 4464 840 4525 l.)
862 4465 954 4513 Iunoni
971 4465 1087 4513 infensae
1117 4464 1196 4521 ,driu
1213 4463 1239 4509 ri
1257 4463 1385 4528 νηςἬρος
1401 4464 1479 4519 ξόανον

207 4544 368 4604 leumiim&
387 4545 470 4592 morbi
488 4557 578 4592 enneae
595 4545 692 4591 tribuit.

238 4621 259 4685 ³)
277 4623 393 4684 Apollod.
412 4624 456 4672 l.1.
474 4623 568 4671 Herod.
588 4623 622 4671 H.
639 4625 679 4670 ie.
