3090 5294
76 507 100 566 1.
129 508 260 568 78-83
692 511 732 569 41

75 694 192 758 rusus
216 713 242 758 a.
267 714 298 759 n.
322 698 436 759 Pierio.
461 700 543 759 Nam
569 699 717 760 videmus
748 699 869 759 Dianae
897 697 985 758 illius
1009 696 1196 767 (chitoniae)
1221 696 1259 756 de
1282 711 1346 768 qua

45 840 46 843 ,
75 815 185 859 sermo
206 801 257 860 est
275 800 358 875 apud
379 801 587 861 Plutarchum
610 815 702 861 sacra
721 803 790 861 tam
813 800 953 873 virgines
970 799 1169 870 adirequam
1180 795 1344 856 mulieres

76 901 259 962 chitoniam
291 904 402 962 autem
434 902 526 961 cuius
553 901 723 976 Syracusis
750 898 868 979 ὄρχησις
894 922 936 971 τις
959 899 1035 970 ἴδιος
1057 895 1108 957 καλ
1130 893 1252 974 αὔλησις
1275 899 1344 957 erat

74 1004 162 1073 (Ath.
186 1003 272 1064 XIV.
293 1019 322 1078 p.
345 1005 420 1074 6291
444 1005 559 1082 λοχείαν
582 1005 683 1066 fuisse
706 1005 786 1065 nihil
806 1005 912 1078 arguit
938 1002 988 1075 (ci.
1013 1016 1137 1076 quoque
1161 1001 1341 1075 Epicharm.

72 1106 158 1180 apud
183 1105 291 1181 Steph.
311 1106 388 1180 Bya.
412 1107 433 1166 ί.
454 1121 481 1166 ο.
508 1090 648 1183 Χινώνηλ.
673 1108 745 1181 Ipse
771 1122 845 1167 vero
878 1105 1096 1167 Callimachus
1119 1103 1241 1163 duobus
1264 1103 1343 1163 locis

71 1208 217 1281 epitheto
239 1206 346 1290 χιιώνη
370 1208 508 1268 Dianam
532 1211 635 1284 ornat,
660 1209 761 1269 altero
782 1209 838 1268 ΙΙΙ.
864 1209 927 1267 225
952 1222 1027 1268 curn
1054 1206 1093 1265 de
1116 1205 1218 1265 Diana
1241 1204 1341 1278 Hege-

72 1322 170 1367 mone
200 1323 297 1381 quam
329 1307 438 1368 colunt
471 1308 585 1369 Milesii
615 1310 692 1384 agit,
723 1309 824 1369 altero
856 1311 976 1378 (nostro
1005 1307 1085 1376 loco)
1109 1323 1183 1368 cum
1208 1307 1286 1368 dicit
1304 1308 1342 1366 de

72 1408 253 1470 venatrice.
293 1409 435 1485 Quorum
477 1410 620 1470 locorum
657 1414 770 1470 neuter
802 1409 907 1482 tangit
940 1408 1063 1486 λοχείαν.
1094 1408 1189 1469 Haud
1219 1409 1343 1468 temere

69 1510 171 1583 igitur
197 1527 343 1589 agemus,
371 1512 399 1572 si
423 1511 655 1572 contendemus
676 1510 910 1572 Callimachum
932 1509 1113 1570 Ohitoniam
1132 1511 1252 1570 dictam
1272 1510 1341 1570 Dia-

71 1625 151 1671 nam
182 1616 316 1687 putasse
351 1613 428 1686 quia
459 1612 506 1672 illi
530 1612 608 1673 deae
631 1615 666 1672 ut
691 1613 798 1673 estin
823 1612 944 1685 hymno
967 1612 1023 1671 III.
1051 1613 1100 1670 11.
1125 1603 1266 1684 placeret
1294 1607 1342 1685 »ἐς

69 1710 146 1788 γόνυ
170 1710 252 1790 μέχρι
274 1721 381 1790 χιτῶνα
406 1711 578 1785 ζώννυσθαι
599 1711 774 1792 λεγνωτόν.”

116 1813 171 1874 Vs,
197 1813 248 1874 78.
272 1813 391 1890 λύρης
415 1812 567 1889 οἴμους.
593 1805 685 1890 Οἶμος
708 1816 742 1875 61
765 1812 1064 1890 οἴμη,01161110116111
1090 1813 1130 1873 ab
1154 1828 1218 1873 una
1241 1814 1341 1887 stirpe

69 1915 210 1975 derivari
254 1915 470 1976 Callimachus
505 1915 590 1976 haud
625 1915 766 1991 profecto
804 1915 981 1989 ignorabat,
1020 1929 1085 1974 non
1123 1917 1234 1975 tamen
1269 1915 1340 1975 sine

71 2017 166 2077 docto
196 2018 335 2089 quodam
368 2017 553 2079 discrimine
584 2018 724 2079 adhibet.
756 2009 843 2094 οἶμον
869 2017 956 2076 6111111
980 2015 1139 2089 intellegit
1161 2015 1340 2077 cantilenae

68 2118 194 2193 modos,
230 2134 308 2179 nam
343 2120 453 2180 nostro
487 2118 557 2180 loco
591 2121 717 2195 spectat
750 2118 904 2181 homerici
939 2116 1053 2191 hymni
1083 2116 1117 2176 in
1148 2117 1339 2178 Mercurium

70 2234 120 2279 vs.
145 2220 228 2280 451:
1168 2248 1169 2251 ¹

270 2328 336 2402 τῇσι
360 2319 445 2398 χοροί
464 2340 494 2380 τε
517 2317 638 2397 μέλουσι
660 2317 710 2380 ιιαλ
732 2317 840 2401 ἀγλαὸς
863 2312 977 2397 οἶμος
1000 2316 1141 2397 ἀοιδῆς

70 2420 156 2493 quod
177 2420 288 2480 miuus
306 2425 393 2484 recte
413 2438 454 2483 ex
474 2423 620 2497 margine
639 2424 800 2497 corrigens
812 2423 955 2483 mutavit
967 2421 1146 2483 Gemollius
1157 2422 1212 2495 qui
1228 2420 1340 2497 ,Λίμνος

66 2518 195 2597 ἀοιδῆς”
228 2522 336 2584 edidit.
372 2524 536 2585 Praeierat
567 2527 677 2586 autem
703 2525 937 2587 Callimachum
961 2526 1105 2585 Philetas
1128 2524 1207 2584 item
1232 2523 1338 2583 locum

67 2622 207 2683 6111111611]
240 2623 389 2685 imitatus
423 2627 456 2686 111
490 2625 640 2705 παιγνίοις
674 2627 771 2698 (Stob.
807 2627 858 2687 111.
883 2627 936 2687 81.
962 2629 1004 2695 4.)
1038 2624 1166 2701 ,pudor
1188 2623 1338 2683 παντοίων

66 2716 155 2801 οἷμον
175 2721 396 2801 {acordement
418 2726 645 2804 (1011116οίμην
665 2728 795 2789 adhibet
810 2742 866 2802 pro
880 2729 950 2802 ipsa
969 2728 1162 2801 narratione,
1183 2726 1252 2800 ipso
1273 2741 1338 2786 car·

66 2825 167 2901 mine,
200 2827 285 2887 haud
316 2827 476 2889 inmemor
505 2830 591 2889 enim
616 2830 815 2890 celeberrimi
841 2845 955 2891 versus
977 2833 1010 2890 θ.
1038 2829 1078 2888 74
1102 2826 1189 2904 οἴμης
1208 2834 1260 2904 τῆς
1283 2822 1336 2887 τότ’

64 2924 125 3004 ἄρα
160 2925 243 2999 πλέος
271 2926 402 3005 οὐρανὸν
433 2928 525 3008 εὐρὺν
549 2929 665 3006 ἴκανε”,
689 2919 808 3007 hoster,
832 2933 939 3008 ipsum
964 2932 1122 3006 hymnum
1146 2944 1244 3003 quem
1268 2944 1339 2990 can·

63 3030 195 3088 taturus
216 3031 286 3089 erat
307 3029 509 3107 intellegens,
529 3032 617 3092 Ιλί.9
639 3033 738 3094 dixit:
766 3032 873 3116 ,Δήλῳ
897 3040 954 3091 νον
982 3031 1069 3109 οἴμης
1095 3028 1337 3108 ἀποδάσσομαι”,

64 3129 150 3203 quod
173 3131 295 3204 optime
318 3133 469 3193 convenit
488 3135 675 3195 cumschol.
697 3136 737 3196 ad
757 3135 864 3195 locum
886 3135 1096 3195 Homericum
1115 3134 1170 3207 qui
1190 3134 1230 3194 ab
1252 3132 1338 3210 οἴμης

62 3232 204 3292 densari
219 3231 376 3310 προοίμιον
389 3237 510 3295 11101161.
531 3235 641 3297 Obiter
661 3252 776 3297 moneo
795 3237 980 3311 neglectum
995 3238 1140 3296 essehoc
1153 3236 1336 3311 discrimen,

61 3333 174 3393 nescio
196 3347 239 3393 an
269 3335 426 3410 consulto,
462 3339 501 3398 ab
538 3338 705 3412 Apollonio
741 3335 873 3414 Rhodio,
910 3339 965 3411 qui
990 3338 1044 3398 IV.
1079 3339 1141 3398 150
1167 3338 1205 3398 de
1232 3339 1337 3398 incan-

62 3434 189 3494 tatione
216 3433 305 3519 »οἴμῃ
328 3436 530 3517 θελγόμενοςη
555 3440 648 3500 dixit.

108 3535 155 3596 De
190 3536 295 3597 forma
329 3539 428 3599 medii
465 3536 630 3618 ἐνρίναο
665 3555 721 3615 pro
756 3542 872 3616 activo,
915 3541 954 3602 de
986 3556 1063 3602 voce
1094 3541 1204 3614 λοίξις
1238 3558 1337 3615 quam

64 3637 191 3697 frustra
224 3651 343 3711 quaero
378 3641 462 3701 unde
497 3642 530 3701 in
566 3642 693 3716 epicum
725 3657 911 3704 sermonem
944 3644 1091 3705 intulerit
1120 3646 1240 3720 noster,
1264 3646 1338 3720 post

63 3738 260 3800 Meinskium
297 3742 330 3800 et
364 3740 594 3804 Schneiderum
629 3743 708 3803 nihil
736 3747 788 3804 est
818 3747 901 3819 quod
929 3747 1045 3808 addere
1072 3747 1205 3822 possim.
1229 3749 1267 3807 In
1291 3763 1337 3807 se-

61 3841 238 3915 quentibus
267 3845 378 3902 autem
404 3842 578 3916 significari
602 3860 622 3905 a
645 3848 740 3920 posta
762 3847 876 3908 Iovem
904 3851 1037 3926 λίνραῖον
1061 3850 1095 3910 61
1117 3845 1244 3924 ἐπόψιον
1269 3850 1334 3909 iam

62 3943 207 4003 ostendit
230 3943 358 4027 copiosa
381 3947 419 4005 ut
441 3946 524 4006 solet
547 3946 691 4008 doctrina
714 3948 930 4022 spanhemius
954 3950 1104 4024 idemque
1127 3967 1202 4012 cum
1222 3954 1335 4027 poetae

62 4043 171 4105 verbis
195 4045 358 4118 componit
382 4047 422 4106 Π.
450 4047 513 4107 385
538 4062 607 4121 sqq.
632 4050 665 4108 et
689 4049 817 4111 Hesiod.
848 4051 922 4127 Opp.
953 4053 1164 4129 219.1taque
1189 4059 1337 4131 superest

61 4147 193 4206 tanturn
227 4147 264 4205 ut
290 4149 443 4208 notemus
469 4146 659 4224 ,ipsam
685 4149 942 4214 λθοίνοοοιν”.
960 4151 1109 4231 Ἔμπαλιν
1133 4160 1243 4218 nostro
1266 4159 1336 4219 loco

60 4261 197 4308 sensum
232 4246 356 4309 obtinet
389 4256 442 4308 τοῦ
477 4246 627 4326 ἐναντίος,
660 4253 744 4325 quod
780 4254 864 4328 apud
896 4255 1023 4317 Atticos
1054 4258 1226 4332 scriptores
1249 4261 1335 4321 haud

61 4347 242 4423 insolitum,
267 4351 302 4408 at
320 4349 374 4410 IV.
398 4351 461 4410 209
489 4347 567 4426 ,dut
590 4347 619 4412 d'
647 4350 751 4432 ἐκλίθη
771 4352 897 4432 ἔμπαλιν
922 4355 1034 4433 ὤμος’
1059 4359 1098 4419 ad
1119 4361 1334 4434 antiquiorem

61 4465 247 4511 sermonem
272 4453 377 4525 magis
401 4453 524 4514 accedit
547 4455 668 4529 (hymn.
693 4458 780 4519 horn.
805 4459 838 4518 in
862 4458 956 4520 Mero.
972 4460 1012 4520 75
1039 4459 1132 4536 ,rorte
1152 4457 1181 4521 d'
1207 4461 1333 4540 ἔμπαλιν

61 4548 150 4622 αὐτὸς
174 4548 309 4630 ἔβαινε”)
330 4556 413 4628 quod
436 4570 551 4629 operae
574 4558 714 4632 pretium
742 4559 868 4620 videtur
891 4561 1056 4622 observari
1075 4566 1205 4639 propter
1222 4566 1333 4627 Iliadis

61 4655 303 4715 1616011156.
331 4650 421 4731 ,otor
439 4655 529 4716 πάλιν
549 4655 653 4739 λοίπ’,
674 4660 729 4721 ubi
741 4661 915 4723 Aristonici
934 4666 985 4724 est
997 4665 1241 4743 interpretatio:
1257 4667 1332 4744 ,oin
