3090 5294
59 463 84 524 1.
110 462 244 523 58-60
681 462 722 522 29

60 652 261 728 explicarent
298 646 416 728 ,torsit
448 653 553 728 σημεῖα
579 646 738 729 φέροντα.”
762 652 836 726 Ipse
867 651 1010 724 aquilam
1041 666 1091 712 vs.
1113 652 1154 712 68
1197 651 1332 728 ,οἰωνῶν

61 746 119 832 μέγ’
145 751 326 831 ὑπείροχον”
351 751 437 813 dicii.
546 750 548 754 ’

106 854 305 916 Brevissima
335 854 416 913 mihi
439 853 478 914 de
502 854 650 914 versibus
675 855 716 914 68
741 855 775 914 et
799 856 840 914 69
865 853 1026 926 agendum
1050 856 1111 929 est,
1135 870 1212 916 narn
1236 856 1333 916 multi
1397 938 1400 946 Ι

59 959 128 1019 iam
163 959 290 1032 copiose
325 955 475 1017 dixerunt
510 955 549 1015 de
586 952 714 1038 Οὐρανῷ
748 955 788 1015 ab
823 954 960 1030 Olympo
991 970 1055 1016 non
1085 956 1213 1017 diverso
1238 958 1332 1019 etde

60 1059 194 1120 insolita
228 1073 307 1118 vocs
341 1054 514 1129 ἐπιδαίσιος,
547 1058 641 1128 (conf.
678 1057 824 1131 Schneid.
856 1056 896 1117 ad
920 1058 979 1118 hos
1006 1073 1123 1118 versus
1145 1061 1179 1119 et
1201 1059 1241 1120 de
1264 1060 1331 1121 lan.

59 1161 81 1222 l.
95 1161 117 1222 l.
131 1162 185 1232 50)
204 1152 235 1232 ¹).
259 1160 300 1220 Et
318 1160 461 1234 primum
484 1160 612 1233 quidem
638 1174 763 1234 moneo,
785 1159 931 1220 consulto
952 1159 1144 1220 vocabulum
1161 1159 1332 1239 γνονοὺς

60 1262 206 1323 adhiberi
229 1277 249 1321 a
272 1262 366 1336 poeta
388 1263 426 1321 ut
447 1260 676 1335 interpretetur
699 1260 786 1321 locos
809 1260 922 1333 quales
946 1262 1024 1320 sunt
1047 1257 1078 1324 Ξ.
1101 1260 1183 1336 466;
1210 1262 1243 1320 0.
1257 1263 1332 1338 336,

60 1364 116 1424 nbi
136 1363 346 1424 Aristarchus
366 1377 491 1436 quoque
515 1362 684 1423 adnotavit
706 1357 854 1436 ἀδελφοὺς
878 1360 1028 1436 indicari;
1052 1364 1123 1422 tum
1148 1384 1334 1443 προτερη-

60 1463 192 1545 γενής,
215 1466 256 1526 ad
279 1465 439 1525 rationem
462 1463 627 1525 Homerici
650 1460 830 1542 παλαιγενής
849 1463 915 1523 iam
936 1463 976 1523 ab
995 1463 1190 1526 Antimacho
1211 1463 1260 1535 (ir.
1278 1467 1332 1538 43)

60 1568 255 1643 usurpatum
286 1581 376 1647 eese;
405 1566 439 1625 in
470 1566 708 1628 constructione
742 1567 854 1625 autem
882 1564 971 1626 verbi
998 1565 1204 1644 μεγαίρειν
1226 1569 1330 1629 imita·

60 1673 133 1730 tum
156 1684 230 1730 esse
254 1667 489 1729 Callimachum
513 1683 628 1728 versus
652 1666 786 1727 Homeri
808 1689 836 1746 y.
862 1668 914 1727 55.

774 1763 849 1846 μηδὲ
872 1766 1001 1851 sertor

326 1868 398 1951 ἡμῖν
421 1868 640 1951 ἐπευχομὲνοισι
661 1875 830 1948 τελευτῆσαι
852 1869 921 1931 τάδε
942 1869 1013 1951 ἔργα
1038 1863 1070 1941 ²).

105 2051 207 2112 Multa
230 2066 356 2125 quoque
380 2051 477 2112 multi
500 2051 706 2126 disputarunt
729 2050 768 2110 de
793 2064 830 2110 eo
853 2049 923 2111 ioco
947 2050 1001 2123 qui
1024 2051 1187 2123 sequitur:

172 2153 228 2214 VS.
254 2157 296 2215 60
330 2149 450 2232 δηναιοὶ
472 2147 502 2212 δ’
530 2151 567 2213 οὐ
590 2151 715 2229 πάμπαν
740 2148 865 2228 ἀληθέες
889 2141 966 2229 ἦσαν
989 2148 1100 2211 ἀοιδοί·

329 2254 425 2331 φάντο
448 2253 544 2315 πάλον
567 2252 733 2337 Κρονίδῃσι
756 2250 806 2313 διὰ
828 2252 911 2333 τρίχα
933 2251 1054 2331 δώματα
1077 2258 1183 2332 νεῖμαι.

328 2356 371 2430 τίς
395 2354 429 2417 δέ
450 2351 473 2417 κ’
500 2350 541 2416 ae
569 2354 713 2441 οὐλάμπφ
736 2376 765 2415 τε
788 2352 839 2414 nol
861 2352 923 2415 άιδι
946 2343 1056 2436 κλῆρον
1079 2353 1210 2436 ἔρυσσαν,

330 2453 363 2531 ὃς
387 2457 465 2536 μάλα
487 2457 528 2536 μὴ
550 2457 702 2536 νενίηλος;
727 2451 770 2517 ἐπ’
795 2456 877 2542 iectu
900 2454 957 2538 γὰρ
981 2456 1057 2519 ἔοικε

332 2559 494 2638 adlaudat·
518 2558 553 2620 τὰ
577 2556 610 2620 el
632 2558 738 2622 τόσσον
761 2557 833 2620 ὅσον
856 2557 906 2619 διὰ
928 2563 1064 2621 πλεῖστον
1086 2558 1193 2640 ἔχουσι.

106 2662 253 2738 Quinque
284 2677 398 2723 versus
430 2678 493 2723 uno
516 2665 628 2723 tenore
650 2662 817 2738 exscripsi,
842 2674 906 2722 non
930 2663 1017 2722 enim
1040 2678 1116 2723 cum
1139 2663 1330 2726 Schneidero

59 2765 135 2837 post
166 2778 215 2822 vs.
249 2764 290 2824 62
318 2764 470 2824 lacunam
500 2765 708 2825 statuendam
740 2778 813 2824 esse
844 2764 1037 2838 putaverim.
1069 2764 1197 2826 Videbit
1220 2769 1332 2827 autem

57 2863 162 2924 lector
186 2866 326 2940 poetam,
339 2854 426 2926 'cum
450 2868 507 2926 aut
530 2865 728 2938 antiquiores
752 2865 924 2940 oppugnet,
956 2868 1013 2926 aut
1036 2881 1121 2926 nova
1143 2882 1181 2928 ac
1204 2868 1332 2930 diversa

57 2968 212 3041 exponat,
245 2965 351 3039 magis
374 2967 441 3026 iam
460 2967 530 3041 ipso
550 2981 699 3026 sermone
720 2980 846 3039 quoque
868 2980 928 3047 suo
954 2967 1117 3029 discedere
1141 2969 1180 3029 ab
1200 2970 1333 3043 antiqua

57 3069 152 3144 epica
193 3067 340 3144 dialecto,
382 3083 442 3129 nec
479 3069 590 3128 tamen
625 3068 924 3143 interpretationem
958 3069 1157 3131 homericam
1195 3071 1333 3132 missam

58 3171 177 3231 iacere.
209 3169 341 3229 Pristini
372 3170 527 3244 temporis
559 3172 671 3244 poetas
694 3167 890 3255 δηναιοὺς
915 3170 1025 3232 dicens
1048 3187 1179 3232 summo
1202 3173 1333 3246 quidem

56 3272 130 3333 iure
154 3272 323 3332 offensioni
352 3271 415 3331 fuit
445 3271 605 3347 omnibus,
637 3286 740 3345 neque
771 3272 853 3332 satis
884 3272 1064 3333 defenditur
1086 3273 1128 3334 iis
1151 3273 1231 3335 iocis
1253 3291 1334 3348 quos

58 3390 102 3435 ex
137 3373 283 3447 Odyssea
317 3373 428 3433 attulit
458 3373 680 3435 Schneiderus.
716 3373 782 3434 Nec
811 3375 921 3435 tamen
951 3375 1100 3448 equidem
1130 3377 1335 3452 neglegentia

57 3490 214 3552 peccasse
248 3475 378 3550 poetam
413 3476 471 3535 aut
504 3475 575 3536 ideo
606 3474 714 3535 solum
745 3491 920 3551 usurpasse
952 3491 1023 3536 eam
1049 3467 1163 3538 vocem
1186 3481 1273 3554 puto,
1298 3481 1335 3539 ut

59 3577 227 3639 recondita
254 3578 287 3635 et
317 3576 459 3651 profanis
482 3577 618 3637 obscura
641 3577 834 3638 venditando
859 3578 1057 3638 eruditorum
1078 3579 1247 3639 hominum
1265 3594 1333 3653 gra·

60 3703 283 3713 .....—-—

92 3758 113 3823 ¹)
131 3762 170 3808 De
187 3761 313 3808 adiectiro
336 3761 516 3815 ὶπιδαὶαιος
538 3761 622 3807 varias
639 3761 772 3822 opiniones
792 3762 920 3821 congessit
939 3762 966 3808 F.
985 3762 1094 3810 Bannru
1110 3763 1137 3810 iu
1155 3763 1334 3812 dissertatione

55 3840 89 3890 de
107 3835 395 3889 caltiamentorum
413 3838 533 3888 ἰαννοίονο
549 3840 663 3899 (Vratisl.
683 3839 757 3901 1892)
776 3855 801 3901 p.
822 3843 860 3889 16.
879 3866 911 3875 —-
928 3842 1096 3902 Summopere
1119 3842 1274 3903 displicebat
1286 3844 1334 3891 hoo

58 3922 218 3970 adiectirum
234 3922 445 3977 Vmourussnro,
464 3922 509 3981 qui
535 3921 683 3979 ὰποδάομιον
703 3922 868 3982 proponitis
885 3922 996 3970 schedis.
1021 3921 1191 3971 Asssrrantur
1216 3925 1284 3971 enim
1309 3925 1336 3970 in

57 4001 222 4048 Bibliotheca
236 4001 467 4060 Lugduno·baters
481 4000 597 4048 schedae
613 4000 844 4048 Valckenaerianoe
858 4014 925 4060 quae
939 4004 993 4048 turn
1008 4002 1058 4048 alia
1074 4002 1156 4049 multa
1174 4016 1231 4049 oum
1247 4002 1335 4049 oritim

58 4083 86 4129 in
104 4082 292 4130 callimachum
310 4082 448 4128 continent
465 4082 536 4128 Haec
546 4094 605 4128 oum
614 4093 660 4140 per
669 4080 750 4127 otium
761 4081 923 4141 inspicerem,
933 4081 1003 4140 quod
1011 4084 1041 4128 nt
1050 4081 1135 4129 iacere
1144 4095 1246 4142 possem
1257 4082 1335 4129 debui

59 4174 170 4221 magnae
176 4160 371 4208 benevolentiae
378 4161 495 4208 Virorum
509 4161 603 4220 quibus
612 4159 784 4207 bibliothecae
793 4161 1078 4222 manuscriptorumque
1088 4174 1149 4208 cura
1158 4161 1278 4207 mandata
1287 4163 1335 4222 est,

59 4241 180 4288 ridebam
207 4240 289 4288 multa
315 4240 419 4300 quidem
445 4241 528 4288 inesse
553 4254 619 4300 quae
646 4240 705 4287 dats
730 4242 863 4288 occasione
885 4243 930 4288 aut
950 4241 1005 4300 ipse
1023 4240 1220 4289 Valckenaerius
1237 4241 1334 4301 publici

60 4322 125 4368 iuris
146 4321 209 4368 iecit
225 4324 270 4367 aut
286 4321 414 4368 Luzacius
436 4322 462 4367 ln
479 4320 545 4369 libro
561 4321 593 4367 de
611 4320 762 4368 Callimachi
780 4321 920 4379 elegiarum
944 4321 1102 4381 fragmentis,
1120 4332 1167 4367 neo
1184 4320 1282 4376 deesse,
1301 4320 1333 4367 de

61 4402 157 4461 quibus
171 4401 294 4461 scribenti
311 4401 361 4462 ipsi
378 4400 491 4448 nondum
509 4402 638 4448 conatast
654 4396 724 4464 (suut
742 4401 810 4448 euim
832 4401 899 4448 inter
916 4400 1053 4460 legendum
1071 4400 1208 4461 adnotata),
1225 4400 1333 4447 inveniri

60 4493 165 4540 qnoque
193 4481 354 4540 suspiciones
380 4480 479 4540 aliquot
507 4481 533 4527 in
559 4494 624 4540 ques
654 4483 744 4541 postea
768 4481 812 4527 alii
839 4480 991 4544 inciderunt,
1022 4485 1119 4529 restare
1143 4484 1230 4528 tamen
1250 4493 1333 4540 pauca

60 4559 198 4620 quaedam,
216 4572 282 4619 quae
300 4560 323 4607 si
342 4562 467 4620 notarem,
484 4572 574 4607 manes
591 4560 656 4607 tanti
675 4560 729 4606 Viri
750 4571 802 4605 non
818 4559 983 4608 offenderem.

93 4635 115 4697 ²)
132 4639 211 4686 Plura
228 4638 260 4685 de
277 4638 355 4687 huius
371 4640 443 4687 verbi
460 4653 509 4687 usu
527 4639 695 4688 callimacheo
712 4639 830 4686 dicentur
846 4640 913 4687 inira
930 4640 963 4686 ad
980 4640 1022 4688 1v.
1041 4640 1097 4688 166.
