3068 5288
833 461 851 517 4

209 645 347 707 Hercule
370 660 490 721 proavo
514 645 680 718 oriundos,
705 647 828 718 optimo
852 647 921 705 iure
945 647 1077 706 Graecis
1101 649 1319 708 adnumerari.
1341 650 1382 709 Et
1403 651 1485 710 sicut

209 751 242 810 in
279 749 374 809 festis
412 746 565 821 Aegaeis,
605 746 744 820 Philippi
775 747 863 806 vitae
899 747 1047 824 funestis,
1088 765 1207 823 pompa
1240 750 1384 810 solemni
1418 767 1483 826 pro·

207 850 428 925 gradientibus
467 848 516 907 dis
560 847 721 921 Olympiis
764 847 927 907 adiectum
963 852 1034 909 erat
1075 850 1179 925 ipsius
1216 852 1358 927 Philippi
1401 853 1483 926 regis

206 952 433 1024 simulacrum,
462 953 646 1024 „tamquam
668 950 703 1007 ta
733 948 873 1024 OlympIo
895 954 1003 1010 sonmo
1027 951 1129 1011 sedem
1152 952 1210 1012 sihi
1227 954 1437 1027 postulantis’'
1453 947 1480 1025 ¹),

208 1052 253 1112 ita
292 1051 475 1111 Alexander
514 1066 639 1123 quoque
674 1049 870 1110 Graecorum
902 1052 1049 1127 deorum,
1082 1068 1162 1126 quos
1193 1070 1273 1114 mox
1301 1055 1372 1129 ipse
1395 1055 1480 1114 adae·

206 1169 305 1227 quare
336 1153 397 1211 sibi
428 1151 606 1226 videbatur,
636 1151 845 1211 maiestatem
869 1153 1020 1212 omnibus
1044 1155 1160 1213 ceteris
1183 1156 1375 1215 numinibus
1399 1158 1479 1215 ante·

207 1269 324 1328 ponere
351 1268 529 1326 numquam
558 1253 693 1312 destitit.
722 1253 841 1313 Eorum
866 1269 978 1327 regum
1004 1255 1154 1330 exemplo
1179 1257 1358 1317 ducebatur
1382 1257 1477 1316 Ptole-

207 1372 332 1417 maeus.
360 1355 545 1429 Philippum
564 1369 679 1430 parum
699 1358 844 1430 noverat,
865 1355 921 1414 sed
942 1356 1165 1417 Alexandrum
1184 1373 1241 1431 per
1261 1361 1367 1418 totam
1392 1373 1478 1432 expe·

207 1460 362 1519 ditionem
394 1458 426 1516 in
459 1456 537 1515 Asia
567 1457 744 1516 comitatus
775 1457 861 1530 regis
892 1457 944 1516 sui
975 1473 1028 1518 res
1058 1461 1169 1532 gestas
1200 1457 1340 1520 fideliter
1371 1459 1478 1519 deinde

207 1559 452 1621 commentariis
465 1558 616 1631 exposuit
626 1550 659 1625 ²).
677 1557 831 1617 Testatur
842 1559 1031 1618 etiamnunc
1043 1559 1172 1619 Arriani
1185 1564 1393 1635 excerptum,
1411 1576 1477 1620 eam

206 1678 316 1724 curam
338 1676 401 1734 qua
420 1660 538 1733 ubique
557 1659 634 1719 deos
646 1658 786 1718 Graecos
798 1659 984 1720 Alexander
996 1664 1186 1735 prosecutus
1199 1665 1297 1734 esset,
1312 1665 1477 1738 praecipue

206 1765 338 1838 dignam
359 1763 465 1821 visam
493 1776 565 1820 esse
584 1760 781 1836 Ptolemaeo,
804 1776 902 1834 quam
924 1760 1096 1836 diligenter
1116 1767 1301 1837 exponeret.
1325 1765 1413 1839 Quae
1433 1778 1478 1824 res

206 1865 313 1939 magis
343 1878 441 1937 quam
472 1861 624 1922 convenit
654 1860 781 1935 neglegi
805 1862 889 1921 solet
916 1863 955 1922 ab
979 1863 1019 1922 iis
1043 1864 1097 1937 qui
1121 1863 1160 1923 de
1184 1864 1325 1939 Lagidas
1349 1867 1477 1941 imperio

205 1967 410 2041 disputantes
442 1963 472 2023 id
497 1964 646 2036 inprimis
670 1965 784 2037 agunt,
814 1966 851 2022 ut
873 1963 1098 2024 demonstrent
1123 1966 1188 2024 iam
1213 1967 1357 2040 primum
1382 1967 1476 2028 Ptole·

205 2083 336 2128 meeum
372 2080 579 2139 summopere
610 2064 732 2123 favisse
765 2064 913 2138 religioni
941 2065 1170 2140 Aegyptiacae.
1199 2069 1243 2128 At
1274 2068 1477 2129 Ptolemaeus

204 2170 273 2243 ipse
297 2168 330 2227 in
354 2166 599 2226 commentariis
622 2181 685 2225 non
709 2166 779 2225 sine
803 2165 937 2225 consilio
960 2166 1141 2227 luculenter
1165 2171 1324 2245 ostendit,
1347 2173 1476 2245 gradum

205 2286 269 2330 non
290 2271 460 2344 procedere
479 2267 717 2341 Alexandrum,
743 2267 820 2340 quin
845 2270 992 2343 quaerat,
1019 2269 1149 2327 cuinam
1173 2269 1232 2329 deo
1252 2271 1385 2346 singula
1403 2287 1477 2346 quae

206 2372 312 2445 tangit
343 2370 414 2430 loca
448 2384 541 2429 sacra
574 2370 654 2444 sint,
691 2383 795 2441 neque
834 2360 923 2443 prius
962 2369 1125 2442 quievisse
1165 2387 1263 2445 quam
1299 2376 1371 2433 tota
1407 2375 1479 2433 Asia

206 2474 378 2548 peragrata
407 2471 604 2546 templorum
635 2469 719 2528 serie
749 2470 811 2529 iter
842 2485 937 2529 suum
967 2473 1129 2547 ornasset,
1159 2475 1196 2531 ut
1226 2472 1266 2532 ad
1295 2477 1478 2534 extremum

205 2590 307 2649 usque
331 2574 488 2633 orientem
513 2588 578 2631 una
601 2587 675 2630 cum
701 2586 761 2630 sua
785 2570 888 2645 gloria
911 2572 1041 2631 laudem
1063 2572 1218 2647 perferret
1235 2576 1370 2635 deorum
1389 2577 1477 2636 Grae·

205 2691 326 2737 corum.
352 2676 438 2749 Quos
461 2673 574 2747 erranti
598 2672 719 2731 faceret
739 2671 913 2731 etiamtum
933 2671 1131 2746 significavit
1150 2690 1224 2733 cum
1246 2691 1263 2734 e
1283 2678 1354 2736 vita
1374 2694 1478 2738 exces-

204 2793 300 2838 surus
330 2776 454 2851 templa
484 2772 811 2848 magnificentissima
842 2771 1011 2832 aedificare
1042 2775 1212 2835 constituit
1244 2776 1316 2837 Deli
1350 2779 1479 2854 Delphis

204 2880 369 2954 Dodonae,
394 2876 535 2936 summis
559 2875 712 2934 Graeciae
735 2873 924 2933 numinibus
947 2877 1040 2933 sacra
1054 2868 1086 2944 ³).

250 2981 318 3056 Qua
348 2980 439 3053 parte
469 2976 586 3051 valuit,
619 2975 679 3034 hoc
714 2974 781 3034 divi
817 2976 903 3049 regis
942 2976 1129 3050 exemplum
1166 2979 1294 3052 egregie
1332 2983 1480 3045 imitatus

204 3086 255 3142 est
271 3082 396 3156 primus
416 3078 546 3152 Lsgida.
567 3077 714 3136 Deliacos
734 3077 822 3135 enim
843 3078 933 3151 deoS,
956 3078 1072 3151 quihus
1086 3078 1151 3138 iam
1165 3082 1342 3154 antequam
1356 3087 1480 3160 regium

204 3198 324 3242 nomen
347 3180 471 3254 accepit
494 3179 578 3237 dona
601 3177 742 3252 plurima
761 3178 865 3252 vovit,
892 3181 966 3252 post
989 3195 1088 3252 quam
1119 3195 1177 3240 rex
1208 3182 1350 3258 Aegypti
1376 3187 1482 3248 factus

203 3288 255 3343 est
282 3284 470 3342 constanter
500 3279 612 3354 coluit,
645 3279 691 3337 ita
721 3282 758 3338 ut
789 3278 915 3339 insulae
942 3281 1149 3356 praesidium,
1176 3283 1227 3342 cui
1250 3299 1316 3344 non
1341 3290 1483 3364 amplius

203 3382 420 3445 Athenienses
450 3396 545 3457 pares
571 3382 677 3455 erant,
707 3379 923 3440 libentissime
950 3382 983 3440 in
1010 3397 1046 3441 se
1066 3383 1249 3455 suscepisse
1268 3385 1482 3460 videreturh.

203 3483 349 3544 Praeiuit
378 3483 477 3558 igitur
507 3491 546 3565 τῷ
569 3491 660 3562 κοινῷ
685 3489 743 3539 νῶν
769 3489 931 3557 νησιωτῶν.
959 3483 1131 3544 Praeterea
1154 3484 1266 3546 Iovem
1291 3488 1483 3567 Olympium

239 3738 245 3769 ¹
274 3739 349 3787 Diod.
365 3738 431 3786 xri.
449 3739 489 3784 92.

237 3737 257 3880 ²3
280 3821 328 3867 Hic
350 3823 421 3866 totus
446 3819 567 3865 Arrianus
592 3816 776 3863 exscribendus
799 3820 839 3864 eat
856 3818 878 3862 si
896 3818 981 3864 omnis
999 3819 1094 3866 referre
1112 3821 1184 3867 velia.
1203 3821 1325 3881 Inprimis
1342 3826 1484 3876 observan-

203 3898 264 3945 dum
290 3899 401 3958 videtur,
426 3910 503 3958 qnam
527 3909 604 3956 saepe
624 3897 720 3955 ubique
745 3909 817 3942 saera
835 3897 913 3942 faeiat
931 3897 1074 3945 Alexander
1092 3908 1138 3960 „ep
1156 3905 1244 3963 πατρίῳ
1262 3904 1342 3964 νόμῳ”
1362 3907 1403 3952 vel
1422 3917 1486 3962 ,μοῖς

204 3984 268 4033 θοοῖς
286 3980 348 4031 ὅσοις
366 3978 435 4033 νόμος
451 3977 529 4038 αὐτῷ”
549 3972 592 4038 (cs.
611 3975 658 4021 III.
679 3978 718 4031 16,
736 3977 763 4031 93
781 3977 820 4021 25.
841 3978 866 4036 1;
887 3978 926 4022 28.
945 3978 972 4032 4;
994 3974 1036 4023 VI.
1053 3979 1075 4023 3.
1094 3980 1120 4031 1;
1136 3991 1165 4024 ac
1175 3981 1252 4038 paulo
1262 3981 1338 4028 aliter
1348 3981 1392 4029 VI.
1405 3988 1483 4034 liat:

204 4062 274 4117 „Iton
301 4066 347 4110 τοῖς
374 4063 438 4109 θοοῖς
463 4054 610 4116 Ἀλέξανδρος
632 4056 695 4107 ὅσοις
716 4057 815 4114 {paones
838 4057 873 4101 ὅτι
896 4057 960 4119 παρὰ
980 4055 1157 4114 resupnum
1174 4061 1342 4118 Inpyyolps'voe
1361 4059 1388 4122 ἦν
1410 4072 1483 4112 aldam

202 4140 270 4199 αὐτῷ.
292 4135 363 4182 Adde
386 4135 441 4181 VII.
466 4136 504 4181 14.
529 4130 562 4196 1.)
587 4159 617 4165 —
642 4133 761 4180 Getarum
786 4133 892 4181 Graecis
916 4147 1018 4192 quoque
1037 4136 1119 4181 visum
1138 4150 1194 4183 esse
1212 4138 1387 4190 Alexandrum
1408 4159 1482 4205 pne.

203 4217 294 4276 eipnae
312 4228 388 4262 curae
406 4214 446 4260 dis
464 4216 517 4260 suis
536 4214 615 4259 fuisse
633 4213 726 4259 docent
743 4212 877 4259 Menandri
895 4225 985 4260 vorans
1002 4215 1072 4274 apud
1090 4215 1157 4262 Plut.
1176 4213 1246 4263 Alea.
1265 4230 1287 4264 c.
1304 4220 1344 4267 l'l.

234 4290 255 4360 ³)
273 4293 348 4341 Diod.
367 4291 459 4340 XVIII.
479 4295 493 4338 4
512 4296 551 4347 „tv
569 4301 615 4346 τοῖς
634 4292 811 4351 ύνινμνὴμασιν”
830 4305 896 4350 quae
912 4293 1082 4340 rescindenda
1100 4296 1200 4341 censuit
1216 4296 1361 4345 Perdiccas.

234 4371 255 4433 ⁴)
274 4372 392 4420 Homolls
407 4371 522 4419 Aretissa
536 4370 565 4418 de
580 4369 742 4418 l’intendance
754 4367 834 4417 sacre‘e
847 4369 877 4417 de
891 4367 965 4418 ntus
981 4386 1007 4432 p.
1023 4373 1054 4419 ³9
1070 4379 1196 4420 memorat
1209 4376 1360 4435 amphoram
1374 4395 1480 4430 auream

201 4467 278 4515 quam
301 4453 372 4500 vovit
395 4452 559 4498 Ptolemaeus
582 4453 641 4496 anta
665 4464 721 4496 ann.
746 4451 808 4496 806:
834 4455 977 4507 Πτνλνμνῖνς
1000 4455 1082 4509 Λάγου
1108 4456 1225 4500 Μακεδὼν
1248 4458 1378 4520 Ἀφροδίτη
1406 4462 1479 4508 Idem

204 4532 272 4582 Ball.
291 4530 356 4578 Corr.
381 4529 446 4577 Hell.
470 4528 511 4575 Vl.
537 4531 601 4576 1882
624 4543 649 4588 p.
677 4530 722 4574 159
747 4532 882 4576 enumerat
904 4528 1005 4589 phialas
1028 4544 1095 4589 qnas
1118 4534 1172 4579 tnm
1192 4547 1206 4579 a
1224 4535 1330 4593 regibus
1350 4539 1415 4597 ipsis
1431 4553 1479 4586 suo

202 4612 302 4657 nomine
321 4614 375 4656 tum
394 4623 408 4655 a
426 4608 580 4656 Ptolemaeis
598 4620 723 4654 unacum
742 4607 842 4654 civibus
857 4608 1035 4656 Alexandrinis
1053 4615 1190 4668 quotannis
1207 4612 1342 4661 dedicatas
1359 4622 1436 4664 erant.
