3068 5288
679 455 721 517 63

46 646 84 707 si
105 646 276 722 Apollinis
296 645 456 705 diceretur
475 660 609 718 munus,
630 644 661 703 id
682 659 780 718 quam
797 645 944 706 maxime
960 647 1121 721 pertinere
1133 649 1173 708 ad
1186 647 1341 721 Pythium

50 750 174 808 deum.
208 747 291 807 Eum
324 746 412 806 enim
442 745 589 821 adibant,
614 760 690 805 cum
715 746 858 806 colonias
877 746 1085 825 deducerent,
1114 749 1184 808 eius
1212 748 1341 808 oraculo

52 851 260 909 cunctantes
280 863 406 922 quoque
429 864 527 924 saepe
547 849 580 909 in
592 850 697 909 terras
709 849 896 924 peregrinas
908 848 1069 925 proficisci
1080 849 1294 925 adigebantur
1309 844 1340 921 ¹).

56 951 289 1012 Callimachus
309 953 420 1011 autem
441 964 639 1024 quamquam
663 949 792 1025 placitis
815 950 1024 1025 antiquorum
1047 951 1086 1012 de
1109 950 1230 1011 Phoebi
1253 947 1342 1029 ἀρχη-

57 1050 154 1132 γέτου
177 1054 248 1114 sive
268 1052 399 1113 οἰκιστοῦ
422 1053 585 1127 potestate
604 1066 772 1112 summam
791 1050 889 1112 fidem
902 1051 1028 1129 habuit,
1053 1054 1151 1114 huius
1169 1053 1343 1128 potestatis

60 1155 137 1214 vim
158 1158 256 1229 atque
275 1155 434 1229 originem
454 1167 658 1228 nequaquam
678 1153 712 1212 in
727 1153 881 1229 Delphico
901 1154 1030 1215 oraculo
1049 1156 1268 1229 quaerendam
1287 1170 1341 1230 pu·

61 1254 163 1315 tavit.
189 1256 229 1317 Et
251 1257 373 1332 hercle,
398 1255 426 1315 si
450 1255 555 1314 maior
578 1254 671 1315 nobis
695 1254 834 1315 facultas
857 1254 1080 1333 philosophiae
1108 1258 1141 1317 in
1165 1258 1226 1318 hoc
1249 1259 1345 1333 poeta

62 1356 245 1433 videretur,
270 1359 299 1417 si
322 1359 357 1417 in
378 1356 499 1418 talibus
523 1355 773 1431 cogitationibus
797 1371 873 1416 eum
897 1355 1060 1418 interdum
1084 1361 1252 1419 versatum
1272 1374 1345 1420 esse

63 1462 276 1535 putaremus,
301 1461 338 1520 ut
360 1460 399 1520 de
423 1473 501 1519 vera
523 1458 697 1518 numinum
720 1460 851 1535 natura,
877 1459 916 1519 de
932 1460 1061 1535 propria
1080 1460 1247 1522 Phoebeae
1266 1462 1344 1521 divi-

65 1560 187 1622 nitatis
228 1561 351 1636 origine
393 1575 431 1621 ac
474 1560 630 1621 facultate
673 1560 870 1633 disquireret
903 1563 937 1622 et
971 1563 1115 1624 carmine
1149 1564 1344 1640 disputaret,

65 1677 189 1738 operae
222 1664 363 1739 pretium
397 1677 484 1722 nunc
514 1663 602 1722 esset
634 1661 709 1721 huic
741 1663 924 1735 quaestioni
955 1680 1109 1738 quaerere
1136 1682 1345 1742 responsum:

65 1780 152 1825 num
171 1764 391 1826 Callimachus
411 1764 531 1824 rectius
550 1778 650 1837 quam
667 1763 820 1836 aequales
832 1765 984 1825 intimam
994 1766 1154 1842 Apollinis
1165 1768 1345 1845 perspexis-

64 1869 122 1927 set
151 1869 304 1926 naturam
327 1882 402 1926 cum
432 1865 472 1925 ab
504 1863 633 1924 oraculo
663 1864 800 1937 Pythice
831 1864 1000 1927 divelleret
1027 1868 1157 1929 laudem
1181 1878 1234 1930 τοῦ
1258 1866 1346 1948 ἀρχη-

64 1964 158 2048 γέτου
182 1970 215 2028 et
245 1967 383 2041 cynthio
407 1967 466 2028 deo
498 1967 703 2027 condonaret.
736 1967 829 2027 Nunc
861 1982 937 2028 vero
960 1973 1107 2045 praestat
1131 1973 1345 2049 constituere,

65 2086 137 2145 qua
170 2070 296 2131 ratione
331 2072 364 2131 et
398 2085 497 2144 quam
532 2068 653 2130 diserte
687 2069 720 2129 id
754 2070 877 2130 iecerit.
913 2070 1045 2146 Hymno
1076 2074 1117 2134 11.
1148 2090 1198 2135 vs.
1227 2078 1269 2136 55
1301 2076 1348 2135 ita

65 2172 256 2249 praedicat:

300 2272 402 2359 Φοίβῳ
427 2266 455 2333 δ’
482 2269 640 2350 ἑσπόμενοι
662 2269 767 2345 πόλιας
790 2272 1016 2353 διεμετρήσαντο

297 2372 464 2454 ἅνθρωποι·
491 2374 604 2454 Φοῖβος
626 2371 683 2454 γὰρ
707 2370 753 2434 ἀεί
775 2375 907 2436 πολίεσσι
930 2378 1055 2457 φιληδεῖ

297 2475 482 2560 κτιζομένῃς,
504 2474 593 2548 αὐτὸς
619 2471 651 2536 δὲ
673 2476 810 2553 θεμείλια
835 2479 948 2558 Φοῖβος
971 2476 1101 2557 ὑφαίνει.

69 2580 190 2657 „Unde
231 2582 360 2641 constat
401 2577 543 2655 Apollini
585 2580 778 2653 pracsertim
813 2581 890 2640 talis
924 2583 1115 2656 potestas?‘’
1151 2588 1348 2658 quaesiverit

67 2682 202 2742 auditor
236 2681 353 2742 talium
385 2696 495 2741 rerum
525 2680 682 2740 curiosus,
725 2680 790 2741 Res
818 2681 889 2756 ipsa
922 2683 1152 2757 antiquissima
1185 2688 1346 2761 profecto:

67 2784 188 2845 Nonne
222 2783 289 2843 iam
323 2785 358 2843 in
391 2782 451 2843 Ilio
485 2781 564 2842 urbe
602 2783 767 2843 condenda
805 2787 985 2844 navaverat
1025 2787 1184 2847 eiusmodi
1215 2804 1348 2864 operam

67 2879 261 2960 Apollolb
305 2884 471 2959 originem
502 2886 628 2960 autem,
670 2900 752 2959 quae
786 2886 917 2959 quidem
953 2886 982 2947 ei
1016 2887 1196 2966 videbatur,
1234 2891 1349 2965 hymni

68 2986 232 3047 homerici
262 2988 359 3062 poeta
390 2985 559 3062 indicavit,
592 2986 660 3062 qui,
693 3002 792 3060 quam
823 2988 1008 3049 arctissime
1039 2989 1118 3049 illud
1149 2997 1201 3049 τοῦ
1231 2991 1349 3053 κτίστου

68 3103 196 3149 munus
227 3102 303 3147 cum
332 3087 452 3162 Pythia
478 3087 555 3147 sede
579 3087 787 3148 coniunctum
812 3092 913 3165 esset,
938 3091 1090 3165 exposuit
1112 3092 1227 3166 hymni
1251 3095 1348 3154 versi·

68 3190 136 3250 bus
160 3189 224 3248 294
249 3204 318 3262 sqq.
343 3203 499 3248 enarrans
518 3187 664 3264 Delphici
687 3189 802 3265 templi
825 3191 975 3266 origines.
1000 3193 1074 3268 Ipse
1094 3195 1181 3254 enim
1201 3195 1350 3257 Phoebus

70 3307 140 3352 non
171 3291 279 3352 solum
311 3292 419 3351 locum
446 3290 538 3365 eligit
561 3306 624 3365 quo
648 3290 705 3352 flat
728 3292 838 3369 aedes,
864 3307 902 3353 ac
924 3294 1090 3370 praedicat
1111 3297 1196 3357 sacri
1220 3298 1349 3359 celebri·

69 3394 180 3455 tatem
204 3392 364 3470 futuram,
389 3407 505 3453 verum
529 3392 618 3453 enim
640 3408 718 3454 vero

300 3485 340 3568 ὥς
363 3491 454 3555 εἰπὼν
478 3491 601 3573 διέθηκε
623 3495 759 3574 θεμείλια
785 3497 897 3576 Φοῖβος
921 3494 1068 3557 Ἀπόλλων

299 3592 387 3675 οὐρία
409 3593 460 3657 καί
482 3595 560 3674 μάλα
583 3595 683 3676 μακρὰ
704 3595 872 3676 διαμπερές·
896 3595 989 3679 αὐτὰρ
1013 3593 1056 3660 ἐπ’
1082 3599 1183 3673 αὐτοῖς

301 3696 405 3757 λάϊνον
428 3695 522 3759 οὐδὸν
545 3695 638 3776 ἔθηκε
663 3697 837 3777 Τροφώνιος
860 3694 908 3777 ἠδ’
935 3701 1116 3781 Ἀγαμήδης,

299 3797 377 3872 υίένς
396 3793 547 3880 Ἐργίνου,
569 3798 651 3876 φίλοι
674 3795 855 3860 ἀθανάτοισι
875 3803 975 3862 θεοῖσι
996 3795 1029 3874 ³).

110 3994 133 4059 ¹)
151 3997 204 4046 oio.
229 3994 260 4043 de
283 3994 340 4043 Die.
363 3995 383 4042 1.
407 3996 434 4043 3:
463 3995 564 4052 „Quam
590 4008 651 4042 vero
676 3995 785 4044 Graecia
807 3998 932 4047 coloniam
955 4001 1026 4048 misit
1048 4002 1074 4048 in
1095 4003 1222 4064 Aeoliam,
1239 4005 1351 4068 Ioniam,

72 4077 178 4134 Asiam,
205 4076 331 4137 Siciliam,
356 4074 459 4122 Italiam
485 4075 541 4122 sino
562 4075 655 4135 Pythio
679 4077 723 4122 aut
745 4075 883 4125 Dodonaeo
907 4082 952 4126 aut
974 4081 1127 4129 Hammonio
1143 4085 1281 4133 oraculol”
1298 4088 1351 4135 Neo

73 4160 210 4217 ignoratur
223 4169 301 4216 quam
317 4155 413 4202 mustra
427 4154 505 4201 tuerit
519 4157 621 4201 centum
636 4155 691 4201 fere
706 4156 780 4202 aunis
794 4159 853 4215 post
868 4157 979 4217 ογτοοιτ
992 4160 1109 4209 conditas
1118 4163 1227 4211 Doricus
1235 4166 1292 4224 ille,
1306 4170 1351 4227 qui

73 4242 226 4302 Σπαρτιήτας
247 4232 287 4297 dyo
307 4240 330 4291 lc
345 4238 454 4296 ἀποικίην
472 4235 523 4282 οὔτι
540 4244 572 4300 τῷ
591 4239 615 4282 tv
632 4238 743 4296 Δνίφοίσι
760 4241 893 4302 χρηστηρίῳ
910 4242 1058 4303 χρησάμινος
1074 4245 1097 4297 ὃς
1113 4244 1191 4303 ἥντινα
1208 4252 1250 4304 γῆν
1267 4249 1352 4294 κτίσων

73 4323 113 4383 lp,
131 4317 184 4365 οὔτι
200 4322 300 4377 ποιήσας
316 4317 383 4364 οὸδίν
398 4325 444 4364 τῶν
462 4316 614 4375 νομιζομένων
629 4314 735 4374 (Herod.
753 4315 782 4363 V.
803 4317 854 4378 Ω).

110 4397 134 4459 ¹)
148 4403 179 4445 Η.
197 4396 246 4445 toa

347 4483 389 4523 τοῦ
406 4476 431 4523 δ’
451 4478 610 4536 indicendo,
632 4476 695 4522 xli
716 4478 759 4534 tyb
782 4478 820 4524 ναί
838 4480 929 4541 Φοῖβος
946 4481 1063 4528 Ἁπόλλων

348 4558 403 4619 ἦραν
418 4556 564 4615 Λαομίδοντι
579 4559 724 4613 πολίσσαμιν
739 4558 880 4616 dilidam.

110 4635 133 4700 ³)
151 4636 271 4686 Nondum
289 4635 368 4694 igitur
384 4635 545 4695 Hyperborei
562 4634 683 4682 dicuntur
699 4638 729 4683 ut
746 4637 772 4682 in
788 4637 874 4684 Βοοασ
890 4637 985 4697 hymno
1003 4653 1081 4701 supra
1097 4655 1156 4702 pag.
1175 4645 1214 4691 61.
