3068 5294
799 458 861 516 170
1206 459 1259 519 IV.
1284 461 1464 521 alr-244

193 660 287 705 mone
317 661 379 707 non
410 646 533 707 inscius
563 646 747 722 deflectens,
778 661 855 707 nam
886 647 994 720 ipsum
1026 645 1215 707 adverbium
1247 649 1356 722 arguit
1387 665 1466 710 eum

191 747 333 821 cogitare
355 749 393 808 de
417 749 555 809 dictione
578 749 742 809 homerica
769 747 886 830 ,λάθρη
910 747 1100 826 μίσγεσθαι”.
1121 748 1319 810 Recordatur
1338 752 1468 812 interea

192 849 324 911 Homeri
344 865 418 911 oum
438 851 594 911 Iunonem
615 851 799 924 insequenti
819 866 915 912 versu
930 883 970 893 -
984 866 1047 925 quo
1060 865 1156 912 versu
1168 851 1302 912 deorum
1315 853 1465 926 reginam

190 951 301 1011 minus
322 952 466 1012 similem
486 953 631 1027 depinxit
650 953 729 1013 deae
748 968 847 1027 quam
867 953 1066 1028 praepotenti
1078 952 1316 1015 Alexandrinae
1333 954 1467 1016 cuidam

191 1055 284 1114 uxori
314 1069 397 1129 quae
428 1055 584 1115 maritum
611 1070 686 1115 cum
710 1053 862 1114 ancillula
885 1053 1084 1128 turpiuscule
1108 1056 1296 1128 peccantem
1321 1056 1467 1131 increpa·

191 1158 241 1215 ret
261 1189 301 1198 —
322 1155 400 1216 iacit
418 1157 659 1218 exclamantem
683 1151 771 1233 ,μηδ’
796 1155 848 1216 ὅθι
872 1153 1001 1216 δειλαὶ
1024 1153 1177 1228 ductoria
1200 1153 1360 1236 μογίουσιν
1385 1155 1468 1218 ἀλε-

190 1256 354 1334 τρίδες”,
383 1274 459 1319 nam
487 1259 539 1319 his
570 1259 677 1319 verbis
696 1261 789 1333 perat
811 1259 918 1320 locum
943 1260 999 1318 vix
1022 1259 1154 1332 dignum
1178 1259 1211 1318 in
1234 1260 1381 1321 carmine
1406 1277 1468 1321 suo

190 1362 246 1421 uni
277 1361 322 1422 illi
352 1358 471 1440 γυναικὶ
502 1357 637 1438 direptis,
655 1361 747 1422 cuius
774 1360 901 1421 labores
925 1383 952 1420 υ.
980 1362 1041 1420 105
1061 1375 1126 1434 sqq.
1150 1360 1313 1434 praeclare
1336 1376 1466 1422 enarra·

190 1467 282 1524 verat
312 1464 484 1539 Homerus,
516 1463 612 1522 aliam
639 1462 799 1523 mehercle
823 1462 862 1522 ob
886 1476 1020 1522 causam
1043 1477 1117 1522 eam
1141 1461 1336 1523 molitricem
1361 1461 1467 1539 δειλὴν

189 1564 354 1640 appellans
389 1573 448 1633 [vs.
482 1562 557 1641 115)
579 1559 618 1634 l).
658 1565 701 1624 At
739 1565 822 1624 redit
853 1567 948 1638 poeta
979 1564 1019 1624 ad
1052 1564 1083 1624 id
1113 1578 1254 1639 carmen,
1278 1564 1362 1638 quod
1387 1580 1467 1639 prae

188 1668 305 1728 ceteris
338 1683 424 1728 nunc
454 1667 648 1743 aemulatur,
680 1667 880 1727 homericum
916 1667 987 1727 dico
1018 1666 1178 1739 hymnum
1211 1667 1243 1725 in
1267 1666 1467 1743 Apollinem,

189 1784 285 1829 versu
310 1769 373 1828 242
403 1769 523 1842 phocas
555 1784 750 1845 memorans,
782 1767 1012 1842 querelamque
1044 1767 1135 1828 illam
1159 1766 1337 1842 illustrans
1362 1784 1465 1842 quam

188 1869 284 1930 Delos
307 1870 413 1931 insula
437 1870 579 1932 ediderat
602 1871 711 1948 hymn.
735 1872 817 1931 hom.
846 1872 905 1931 77:

433 1971 621 2043 πουλύποδες
645 1966 673 2032 ‹l’
701 1970 732 2031 ἐν
756 1968 820 2050 ἐμοί
843 1969 983 2047 θαλάμας
1008 1968 1111 2047 φῶκαί
1131 1991 1160 2030 τε
1184 1967 1319 2047 μέλαιναι

435 2073 514 2134 eiuro
537 2073 723 2152 ποιήσονται,

188 2179 308 2253 phocas
342 2179 453 2238 autem
488 2176 626 2254 μελαίνας
660 2177 734 2237 illas
769 2191 854 2236 nuno
886 2174 1070 2246 εἰναλίας
1102 2177 1207 2251 vocat,
1238 2191 1302 2237 non
1332 2179 1405 2238 tam
1430 2183 1469 2240 ut

190 2280 314 2342 alludat
344 2280 383 2341 ed
414 2279 554 2341 alterum
583 2281 760 2355 phocarum
791 2278 955 2354 epitheton
986 2277 1187 2337 homericum
1222 2272 1468 2358 ἇλνοερεφὴς

192 2398 290 2458 quam
321 2384 359 2443 ut
389 2383 600 2458 contemptim
634 2383 738 2443 dicere
770 2382 850 2441 luno
874 2380 1032 2453 videatur,
1060 2379 1093 2438 in
1116 2378 1186 2454 ipso
1209 2379 1276 2440 iere
1300 2383 1385 2442 mari
1411 2399 1469 2444 eas

191 2500 313 2561 parere.

233 2688 289 2750 Vs,
314 2689 389 2749 244.
439 2686 585 2771 ,Ἀστερίη
610 2681 638 2746 δ’
666 2682 755 2747 οὐδέν
779 2709 806 2745 τι
829 2684 998 2767 βαρύνομαι
1022 2684 1119 2745 εἵνεκα
1141 2684 1229 2761 τῆσδε

438 2785 616 2867 ἀμπλακίης,
637 2785 702 2850 οὐδ’
730 2787 808 2849 ἔστιν
832 2786 911 2858 ὅπως
935 2785 1093 2863 ἀποθύμια
1115 2784 1188 2865 ῥίξοο

436 2890 525 2952 τόσσα
549 2888 619 2952 δίον·
642 2888 720 2970 μαλὰ
742 2891 797 2973 γάρ
820 2913 849 2951 τε
872 2899 970 2962 κακῶς
993 2887 1164 2969 ἐχαρίσσατο
1187 2893 1292 2966 Λητοῖ·

436 2991 510 3053 ἄλλοί
532 3016 583 3071 μιν
606 2991 752 3072 ἐκπαγλόν
775 3016 802 3053 τι
824 2992 984 3071 σεβίζομαι,
1007 2986 1101 3052 οὕνεκ’
1128 2989 1206 3070 ἐμεῖο

437 3091 558 3171 δέμνιον
580 3093 637 3156 οὐκ
659 3092 794 3173 ἐπάτησε,
816 3092 887 3166 Διὸς
912 3088 939 3154 d’
966 3091 1117 3153 ἀνθείλειο
1140 3091 1281 3154 πόντον.”

191 3199 247 3259 Vs.
272 3200 336 3259 244
369 3198 547 3259 notandum
580 3199 630 3257 eet
660 3197 795 3257 verbum
826 3196 1052 3274 βαρύνομαι
1082 3196 1133 3267 (ο1.
1162 3195 1341 3274 βαρύθυμος
1364 3213 1467 3273 supra

192 3317 240 3362 vs.
274 3302 348 3371 215)
380 3316 418 3362 eo
449 3314 548 3361 sensu
578 3300 712 3375 dictum,
744 3313 808 3374 quo
838 3299 1000 3359 Homerus
1023 3297 1149 3359 solebat
1172 3298 1276 3359 dicere
1300 3296 1466 3377 αεχόλωμαι

192 3401 243 3472 (ο1.
277 3401 354 3462 (lali.
381 3401 435 3462 IV.
469 3401 538 3476 86);
574 3401 602 3461 is
635 3401 721 3462 enim
757 3400 900 3479 βαρύνειν
924 3400 1142 3475 metaphorice
1173 3414 1237 3459 non
1261 3400 1464 3463 adhibuerat.

190 3503 374 3563 Docuerunt
396 3503 455 3563 hoc
475 3500 709 3591 Callimachum
729 3503 861 3578 tragion
883 3502 1032 3576 exemplo
1057 3502 1299 3577 sitSophocles
1322 3503 1355 3562 in
1369 3503 1466 3565 Aiace

145 3608 147 3611 ’
191 3620 238 3666 vs,
260 3606 299 3665 41
326 3601 418 3688 ,χόλῳ
438 3602 602 3684 βαρυνθείς
621 3613 680 3664 τῶν
700 3604 860 3684 Ἀχιλλείων
880 3603 999 3665 ὅπλων”
1022 3605 1072 3675 (cf.
1096 3603 1165 3665 oed.
1186 3603 1261 3680 lieu.
1277 3605 1351 3681 731,
1372 3605 1465 3668 Pind.

191 3707 280 3783 Pyro.
303 3707 329 3767 Ι.
354 3707 417 3776 85).
443 3707 618 3783 -Neque
649 3724 724 3769 vero
753 3708 896 3769 adverbii
927 3707 996 3769 loco
1029 3702 1150 3766 οὐδέν
1181 3727 1216 3764 ει
1239 3705 1322 3766 dixit
1346 3707 1464 3768 Home·

190 3825 256 3885 rus,
287 3810 371 3884 quod
398 3810 529 3884 saepius
555 3809 637 3884 apud
662 3810 862 3870 Herodotum
885 3824 988 3883 neque
1012 3824 1083 3869 raro
1108 3808 1191 3883 apud
1215 3808 1355 3882 tragicos
1375 3810 1464 3871 inve-

190 3912 294 3986 nitur;
335 3913 445 3973 contra
483 3912 674 3986 saepissime
705 3908 742 3971 od
776 3934 803 3971 τι
836 3913 868 3971 in
901 3911 1073 3972 homericis
1108 3911 1247 3971 occurrit
1281 3925 1319 3970 eo
1354 3926 1466 3987 sensu,

192 4015 227 4073 ut
257 4014 455 4088 pronominis
485 4036 512 4073 τι
546 4015 597 4074 vis
631 4015 675 4074 sit
711 4015 915 4090 adverbialis,
951 4013 1050 4074 veluti
1077 4015 1102 4073 I.
1129 4013 1192 4073 523
1224 4008 1296 4089 πρὶν
1320 4006 1346 4070 δ’
1375 4010 1413 4072 οὔ
1440 4036 1468 4072 τι

189 4112 368 4192 νεμεσσητὸν
387 4119 580 4193 κεχολῶσθαι.
614 4116 694 4177 (ium
726 4117 838 4177 autem
860 4129 1106 4189 nonnumquam
1131 4113 1349 4174 Callimachus
1373 4114 1467 4189 legis·

190 4217 294 4277 setin
315 4216 456 4277 Homero
475 4233 535 4278 suo
556 4214 645 4277 οὐδὲν
669 4218 727 4279 tali
749 4219 780 4277 vi
804 4217 985 4278 adhibitum
1009 4217 1059 4287 (ο1.
1085 4214 1110 4275 d.
1138 4217 1200 4277 195
1225 4216 1414 4293 νεμεσσῶμαί
1435 4239 1467 4296 γε

191 4313 244 4395 μὲν
267 4314 377 4394 οὐδέν),
397 4320 494 4394 atque
512 4319 591 4380 illud
612 4314 701 4380 οὐδὲν
720 4335 851 4394 prorsus
871 4320 985 4380 eadem
1006 4316 1242 4392 significatione
1257 4318 1383 4379 dictum
1394 4335 1466 4381 cen·

223 4544 242 4629 ¹)
260 4565 298 4612 De
325 4564 408 4612 forma
433 4565 527 4625 plurali
553 4565 674 4619 δνστονίες
691 4560 823 4629 (δύστανος)
842 4565 874 4612 ο1.
894 4565 1074 4625 Schneiderus,
1094 4564 1138 4624 qui
1156 4562 1291 4623 aptissime
1309 4563 1471 4623 comparavit

190 4643 349 4691 homericum
366 4643 492 4697 δοσπονίος
510 4646 623 4702 καμάτοιο
642 4641 779 4706 (diiunctae)
798 4663 815 4691 ε.
834 4644 890 4691 498.
