3090 5294
838 435 879 496 34
1315 443 1341 503 1.
1367 444 1500 506 οε-,οο

343 680 344 683 ,
494 620 618 681 πολλάκι
639 622 783 702 γούνασιν
806 616 884 684 οἷσιν
907 621 1104 702 ἐφεσσάμενος
1127 649 1153 685 κ.
1177 650 1199 686 τ.
1223 631 1248 687 λ.

227 723 365 784 Restant
387 719 462 795 ἕζετο
484 724 538 784 IV.
564 725 637 800 206,
661 722 800 797 καθέζετο
823 726 861 786 fr.
885 728 950 788 469
976 729 1009 787 et
1031 724 1191 807 ἐφεζομένη
1215 731 1271 791 111.
1297 733 1327 792 4.

495 821 632 904 θρχμενοι
656 822 695 898 ὡς
717 847 787 887 κοτε
809 826 919 907 πατρὸς
943 826 1103 907 ἐφεζομένη
1125 831 1282 911 γονάτεσσι

227 944 290 1000 quo
312 928 381 989 loco
404 928 526 988 imitari
551 927 785 990 Callimachum
811 932 840 988 Φ
864 932 927 991 506
1262 1009 1268 1017 .

493 1028 677 1108 δακρυόεσσα
701 1026 733 1089 δὲ
755 1029 865 1110 πατρὸς
889 1028 1004 1108 ἐφέζετο
1028 1032 1153 1112 γούνασι
1179 1034 1284 1113 κούρη,

227 1133 307 1192 mihi
337 1132 467 1206 quidem
497 1146 561 1192 non
593 1132 725 1193 dubium
754 1135 813 1193 est.
846 1131 924 1194 Illas
950 1134 1072 1195 formas
1092 1136 1195 1217 litem,
1221 1137 1283 1197 nisi
1307 1142 1493 1213 corruptum

181 1244 185 1251 ”
227 1235 277 1294 est
307 1234 344 1294 ir.
369 1235 432 1295 385
464 1230 593 1305 ἕζέσθαι)
624 1231 743 1295 aoristo
774 1235 886 1295 tribuit
919 1235 1144 1313 Callimachus
1165 1241 1303 1299 necdum
1326 1241 1440 1301 incidit
1464 1244 1494 1301 in

226 1351 300 1397 eam
330 1336 513 1411 opinionem
536 1351 633 1409 quam
660 1336 794 1411 protulit
817 1338 975 1411 Didymus
1002 1339 1085 1413 apud
1110 1339 1327 1401 Herodianum
1353 1343 1493 1412 (11.586.

228 1441 278 1500 10.
313 1439 435 1509 Lenta.)
465 1436 498 1498 τὸ
529 1436 610 1510 σώζω
645 1435 731 1517 χωρίς
765 1445 818 1497 τοῦ
850 1453 862 1497 t
893 1435 968 1518 λέγει
1000 1436 1016 1499 ὁ
1048 1439 1190 1518 Δίδυμος.
1222 1441 1318 1522 ὥσπερ
1348 1441 1405 1523 γὰρ
1437 1443 1494 1503 ἀπὸ

224 1548 277 1600 τοῦ
301 1536 338 1600 ἕω
366 1539 399 1599 τὸ
429 1538 566 1617 κάθημαι
594 1538 704 1618 γίνεται
735 1536 798 1616 ἕζω,
823 1539 916 1612 οὕτως
948 1537 1007 1600 ἀπὸ
1034 1549 1087 1601 τοῦ
1118 1541 1184 1601 σώω
1207 1541 1239 1602 τὸ
1262 1541 1388 1622 ὑγιαίνω
1413 1546 1493 1616 σώζω

224 1645 398 1724 πλεονασμῷ
422 1648 475 1700 τοῦ
499 1641 521 1711 ζ.

268 1745 323 1805 Vs.
346 1744 387 1804 68
409 1759 486 1804 voce
509 1744 672 1803 homerica
692 1744 776 1804 haud
796 1745 970 1805 admodum
993 1745 1124 1819 vulgata
1144 1748 1179 1806 at
1201 1748 1373 1808 notissima
1393 1746 1493 1824 ὑπείρ

223 1868 290 1924 οχος
313 1845 517 1919 interpretari
541 1847 689 1905 nostrum
713 1845 813 1906 aliam
838 1863 951 1907 vocem
972 1847 1171 1907 homericam
1188 1848 1406 1922 „tclrvdtmov”
1429 1852 1491 1911 iam

223 1948 364 2008 vidimus
396 1948 499 2021 (plura
529 1948 568 2007 de
599 1949 659 2007 hac
690 1964 723 2008 re
751 1949 790 2008 de
814 1950 882 2009 Ian.
908 1949 928 2009 l.
953 1949 973 2008 l.
999 1964 1028 2023 p.
1057 1952 1107 2018 13)
1135 1944 1164 2019 ¹).
1191 1950 1357 2024 idipsum
1381 1955 1491 2012 autem
1542 1991 1543 2002 2

222 2052 413 2122 argumento
434 2053 493 2124 est,
510 2048 692 2109 rectissime
704 2049 792 2124 olim,
804 2050 835 2110 id
848 2051 931 2123 quod
945 2052 1042 2122 neget
1055 2050 1277 2125 Schneiderus‚
1292 2052 1490 2126 Stephanum

222 2155 367 2214 codicum
387 2154 559 2214 lectionem
582 2149 731 2227 „cinvio”
752 2152 931 2211 correxisse
943 2152 976 2211 in
1000 2151 1201 2227 ,οἰωνῶν”,
1221 2168 1284 2212 non
1297 2153 1404 2214 solum
1418 2157 1490 2228 qnia

222 2256 333 2328 magis
359 2254 464 2329 placet
493 2254 656 2328 genitivus
684 2252 813 2313 additus
835 2262 874 2335 τῷ
902 2249 1097 2331 „turipum”
1123 2254 1303 2314 sedetiam
1327 2256 1365 2314 ut
1388 2257 1491 2328 magis

226 2353 421 2431 ,τελειότατον
443 2357 614 2433 πετεηνῶν”
643 2355 803 2429 conspiret
833 2370 907 2415 cum
946 2354 1118 2430 ,οἰωνῶν
1142 2348 1216 2434 μεγ’
1242 2353 1490 2435 ὑπείροχον”.

222 2457 278 2528 (cf.
303 2473 401 2533 supra
424 2475 453 2532 p.
480 2457 542 2527 28).
570 2451 590 2526 ¹)
1543 2534 1544 2537 Ἴ

265 2562 302 2621 In
337 2561 450 2621 aoristi
483 2560 588 2621 forma
621 2537 720 2636 θήκαο
753 2573 878 2618 morem
909 2559 1110 2618 homericum
1134 2559 1319 2618 observavit
1345 2558 1488 2620 Callima·

221 2663 300 2722 chus
323 2678 398 2722 cum
422 2663 640 2737 compluribus
662 2660 735 2721 aliis
759 2676 840 2734 quos
864 2663 1034 2721 enumeret
1059 2677 1088 2720 v.
1117 2660 1276 2720 Leeuwen
1298 2659 1396 2722 Εκοίι.
1422 2663 1487 2722 dici.

219 2779 263 2838 ep.
289 2780 318 2838 p.
345 2765 418 2825 381.
802 2748 806 2754 ’

263 2868 306 2926 At
329 2866 416 2926 Iovis
440 2865 551 2926 alitem
575 2861 823 2943 ἀγγελιώτην
848 2863 943 2935 Διὸς
966 2862 1115 2942 τεράων
1140 2863 1287 2924 salutans
1311 2865 1487 2924 eruditione

217 2977 332 3042 parum
356 2970 452 3028 cauta
474 2969 586 3041 peccat
606 2966 814 3026 doctissimus
834 2969 1013 3041 poetarum.
1039 2965 1161 3041 Quotus
1185 2966 1270 3025 enim
1292 2965 1430 3038 quisque
1450 2981 1487 3026 ex

217 3070 351 3129 eruditis
375 3069 574 3130 auditoribus
598 3067 824 3128 Alexandrinis
846 3069 878 3127 in
900 3068 1042 3127 Homero
1063 3082 1122 3127 suo
1142 3068 1221 3127 bene
1242 3068 1392 3126 versatus
1412 3065 1487 3138 ἅπαξ
1542 3091 1543 3096 .

217 3171 295 3231 illud
327 3167 525 3248 είρημίνονο
555 3168 750 3229 Callimacho
775 3169 919 3229 adhiberi
943 3169 1094 3229 audiebat
1122 3169 1172 3228 cui
1197 3169 1318 3228 nonin
1343 3173 1487 3229 mentem

165 3336 169 3343 ,
219 3273 340 3333 veniret
365 3273 515 3333 versiculi
539 3271 683 3331 scurrilis
710 3286 788 3330 sane
817 3272 851 3330 et
878 3271 1139 3331 Ptolemaeorum
1166 3270 1242 3330 aula
1260 3272 1356 3342 etque
1378 3268 1487 3331 Museo
1509 3266 1510 3270 ’

217 3389 331 3448 parum
355 3375 441 3447 digni
466 3375 588 3447 (hymn.
618 3372 650 3431 in
676 3371 769 3432 Mero.
796 3373 871 3442 295)

482 3473 632 3536 οἰωνὸν
655 3471 810 3552 προέηκεν,
832 3471 1002 3553 ἀειρόμενος
1027 3472 1097 3551 μετὰ
1120 3471 1227 3553 χερσὶν,

483 3575 613 3653 τλήμονα
636 3573 760 3655 γαστρὸς
783 3573 897 3654 ἔριθον,
919 3572 1092 3634 ἀτάσθαλον
1115 3573 1374 3655 ἀγγελιώτην.

262 3680 303 3739 Et
333 3680 392 3740 hoc
424 3679 561 3740 fortasse
592 3693 705 3753 parum
731 3678 873 3752 curavit;
898 3679 933 3737 et
955 3678 1152 3751 imprudenti
1176 3678 1294 3739 excidit
1321 3679 1488 3758 ,τεράων

217 3779 493 3861 ἀγγελιώτην”.
525 3781 595 3841 Non
619 3781 705 3840 enim
730 3776 914 3858 ἀγγέλλει
937 3777 1010 3851 Διὸς
1034 3776 1136 3858 τέρατα
1160 3780 1278 3853 aquila,
1303 3782 1359 3841 sed
1384 3783 1490 3843 missa

216 3902 277 3946 ave
312 3885 380 3958 ipse
415 3884 557 3958 Iuppiter
589 3880 671 3960 τέρας
704 3882 815 3958 φαίνει,
845 3883 1005 3942 adventus
1027 3882 1096 3956 ipse
1128 3882 1254 3955 aquilae
1277 3879 1361 3960 τέρας
1386 3888 1439 3944 est
1457 3879 1489 3952 ²).

217 3986 249 4045 Si
284 3987 381 4058 igitur
416 3986 597 4045 rectissime
633 3981 705 4055 Διὸς
740 3980 860 4063 ἅγγελος
893 3984 932 4043 ab
964 3983 1104 4043 Homero
1131 3986 1335 4059 nuncupatur
1366 3985 1420 4055 (cf.
1445 3986 1488 4048 Ω.

217 4088 402 4156 aee-297)
438 4087 548 4146 minus
579 4089 689 4146 tamen
721 4085 872 4145 convenit
903 4100 978 4145 eum
1003 4086 1107 4145 dicere
1131 4081 1254 4163 ἄγγελον
1279 4094 1340 4144 τῶν
1363 4087 1489 4166 τεράων.

214 4190 324 4264 Neque
359 4190 496 4250 fortasse
531 4190 591 4250 hoc
622 4187 793 4249 accidisset
823 4188 916 4247 docto
947 4190 1060 4260 poetae
1084 4187 1147 4246 nisi
1170 4188 1295 4248 adicere
1321 4189 1432 4268 vellet,
1457 4192 1489 4251 id

246 4453 266 4516 ¹)
284 4456 322 4501 De
341 4455 421 4501 forma
441 4455 565 4515 ὑπείροχος
585 4452 643 4499 vide
660 4452 726 4498 inira
744 4449 777 4496 ad
794 4449 841 4496 III.
860 4449 891 4495 60
910 4451 936 4495 ot
953 4448 995 4495 IV.
1014 4449 1037 4495 3.

245 4529 313 4594 ²)1u
337 4534 423 4594 ipsum
449 4533 551 4579 obstare
577 4530 677 4578 videtur
703 4528 814 4587 eleganti
842 4527 1017 4574 Valcheoaerii
1044 4526 1205 4573 coniecturae
1227 4530 1306 4586 φαίνοι
1328 4521 1374 4588 (ci.
1393 4533 1415 4574 Ι.
1439 4529 1488 4576 236

212 4616 312 4668 Ζεὺς
328 4612 415 4667 evilim
434 4616 526 4671 σήματα
544 4605 650 4672 φαίνων).
