3314 5436
704 573 747 634 35

86 757 254 820 Oceanum
287 758 339 820 vel
371 757 514 837 Oretum,
549 759 687 834 denique
718 760 824 836 ipsam
854 759 1013 836 Atticam,
1045 757 1265 822 callimachus
1296 777 1360 824 non

85 862 218 922 constat
248 859 326 934 sibi;
358 876 446 938 nam,
479 862 588 923 nescio
618 877 660 923 an
683 863 716 922 in
747 862 838 937 opica
868 861 1054 922 narratione
1078 862 1237 923 maiorem
1261 879 1361 939 quam

83 961 118 1021 in
138 961 265 1037 hymno
284 961 450 1024 licentiam
472 979 662 1026 concessam
680 964 743 1024 sibi
762 965 868 1038 ratus,
890 962 925 1023 in
944 961 1056 1023 Hecale
1067 962 1361 1026 Hermionensibus

83 1063 244 1126 honorem
263 1065 403 1141 petitum
422 1064 559 1141 largitus
583 1068 647 1142 est,
668 1065 823 1139 quoniam
834 1063 982 1139 placebat
995 1063 1216 1140 aetiologia-
1227 1081 1360 1128 causam

83 1165 175 1226 enim
198 1181 295 1227 suam
318 1165 493 1228 firmabant
515 1168 770 1229 Hermionenses
794 1166 848 1240 qui
872 1164 1043 1241 docebant,
1064 1166 1148 1241 apud
1167 1181 1204 1228 se
1227 1165 1301 1245 ,silv
1320 1167 1361 1240 εἰς

72 1261 184 1326 ’Ἅιδου
215 1265 380 1347 κατάβασιν
411 1268 561 1346 σι’·νιομον
592 1261 677 1328 εἶναι’
713 1266 817 1345 διόιτερ
847 1265 903 1326 odit
933 1262 1101 1326 ἕντιδὲασιν
1135 1263 1269 1328 ἐνταῦθα
1300 1273 1361 1341 τοῖς

81 1371 200 1447 νεκροῖς
232 1371 367 1429 ναῦλον”
391 1365 411 1442 1)
438 1405 477 1414 -
501 1372 558 1432 sed
588 1373 622 1433 in
650 1371 765 1446 hymni
788 1370 951 1446 gravitate
974 1369 1117 1431 abstinet
1139 1385 1160 1430 a
1182 1371 1241 1431 tali
1269 1387 1360 1447 argu-

81 1473 213 1544 mento;
238 1486 317 1532 nam
341 1472 415 1533 uide
437 1489 537 1548 quam
562 1475 656 1534 caute
680 1487 750 1534 rem
774 1473 890 1547 tangat
913 1470 977 1542 (vi.
999 1471 1049 1543 'liz

311 1568 474 1653 ,Ἕσπερος
497 1571 528 1636 ἐκ
552 1571 687 1651 κνέφεων
710 1570 855 1650 ἐσκέψατο
881 1571 1004 1645 (caviac
1027 1575 1119 1632 νεῖται
1127 1577 1145 1644 3)

297 1668 446 1755 Ἕσπερος
469 1672 502 1748 dg
524 1696 555 1736 τε
577 1679 656 1736 ιιιεῖν
680 1673 838 1753 Acharrae
861 1681 960 1752 μῶνος
982 1670 1113 1752 διιεισιν,

308 1770 476 1857 ἆριτοιγίμας
499 1771 540 1836 διδ
566 1772 683 1838 δνινστα
706 1772 867 1854 μετέστιχεν
888 1773 967 1854 ἴχνια
991 1773 1096 1855 κόρας.

306 1875 427 1955 πότνια,
447 1885 512 1951 πῶς
535 1892 567 1938 σι
590 1876 720 1939 δύναντο
742 1875 833 1950 πόδες
855 1872 946 1956 φέρεν
969 1869 1021 1936 ἔστ’
1048 1873 1097 1936 ἐπὶ
1119 1876 1256 1956 δυδμδς,

306 1972 360 2039 ἔστ’
385 1976 434 2040 διδ
455 1977 511 2051 τδις
536 1975 665 2057 μέλανας
687 1975 738 2038 cel
762 1975 821 2038 διτα
843 1975 879 2038 cde
901 1977 1010 2057 χρύσεα
1033 1981 1127 2056 pedm

306 2077 367 2159 τρὶς
389 2076 445 2158 μὲν
468 2079 506 2160 δὴ
531 2078 632 2162 διδβας
655 2078 806 2160 Ἀχελώιον
828 2076 1045 2159 ἂργιιροδίναν,

306 2181 426 2242 τοσσάκι
450 2177 478 2242 δ’
505 2180 622 2244 ἀενάων
645 2189 787 2260 ποταμῶν
809 2178 954 2259 ἐττέρασας
976 2177 1135 2258 &caroffi

78 2284 112 2343 et
132 2281 184 2343 sic
203 2283 321 2361 pergit,
342 2285 399 2346 sed
423 2300 463 2345 ne
486 2285 585 2346 verbo
608 2285 738 2359 quidem
762 2283 893 2360 indicat,
914 2283 1048 2345 ubinam
1066 2285 1198 2347 tandem
1219 2287 1360 2363 vestigia

77 2387 196 2461 raptus
219 2388 347 2461 reperta
369 2387 437 2448 sint
459 2402 480 2447 a
502 2389 619 2448 matre.

124 2488 190 2548 Sed
219 2492 257 2549 ut
286 2489 419 2564 probem
450 2490 534 2551 hanc
557 2489 742 2550 cautionem
769 2488 809 2548 ab
833 2485 1055 2548 eruditissimo
1079 2488 1176 2563 poeta
1197 2503 1263 2549 uon
1286 2490 1358 2552 sine

77 2589 218 2651 consilio
248 2591 403 2667 adhiberi,
435 2607 537 2652 unum
568 2590 686 2651 addam
716 2589 811 2662 idque
845 2588 1043 2649 luculentius
1078 2589 1283 2668 exemplum,
1319 2592 1358 2653 de

77 2689 238 2752 Palladio.

122 2790 308 2854 Palladium
343 2809 362 2854 a
396 2794 551 2856 Diomede
585 2809 628 2854 ex
655 2793 734 2854 urbe
764 2791 859 2852 'Proia
889 2791 994 2866 Argos
1025 2805 1097 2852 esse
1125 2791 1270 2853 delatum
1294 2793 1356 2869 ipsi

75 2893 195 2968 Argivi
215 2895 465 2972 contendebant,
486 2898 571 2957 teste
587 2894 750 2955 Pausania
774 2893 814 2952 ΙΙ.
840 2892 892 2952 23.
914 2893 949 2952 5:
977 2887 1113 2971 ,dycipa
1136 2896 1255 2952 κεῖσθαι
1274 2893 1356 2972 παρὰ

75 2995 185 3070 σφίσιν
216 2999 345 3073 Ἀθηνᾶς
378 2996 411 3057 cd
445 2992 623 3074 ἐκκομισθὲν
658 2993 688 3068 ἐξ
718 2988 824 3068 Ἰλίου,
856 2988 907 3051 καὶ
934 2986 1045 3051 ἁλῶναι
1076 3000 1207 3069 ποιῆσαν
1230 2990 1355 3056 ’Ίλιον”.

74 3097 261 3158 Pausanias
283 3099 373 3160 hisce
391 3099 588 3175 Argivorum
611 3097 719 3158 verbis
742 3094 841 3156 fldem
863 3094 1028 3168 denegans
1050 3092 1112 3154 hoc
1142 3092 1212 3155 loco
1240 3097 1353 3174 refert,

73 3199 140 3259 sihi
173 3200 279 3274 magis
309 3200 473 3278 probabile
500 3201 613 3276 videri,
641 3198 783 3260 Palladis
813 3195 1007 3271 signamen
1031 3196 1142 3256 Aenea
1165 3195 1199 3256 in
1223 3197 1352 3260 italiam

73 3301 256 3362 abductum
285 3317 373 3377 esse;
405 3306 439 3365 at
465 3304 489 3364 1.
516 3303 602 3364 28.9
627 3316 700 3363 eam
723 3299 849 3360 famam
871 3297 1048 3373 memorat,
1073 3311 1156 3372 quae
1179 3298 1354 3362 notissima

72 3405 149 3464 erat
173 3403 257 3478 apud
280 3403 420 3466 Graecos
443 3407 477 3465 et
498 3405 596 3479 vulgo
619 3399 861 3477 acceptissima,
886 3395 1069 3458 Palladium
1091 3396 1353 3475 aDemophoute

71 3520 154 3580 rege
174 3505 283 3566 Attico
302 3508 451 3581 ereptum
469 3521 543 3567 esse
562 3504 693 3580 Argivis
713 3517 787 3563 cum
807 3515 827 3559 a
846 3497 942 3559 Troia
961 3498 1134 3559 redeuntes
1146 3499 1353 3564 aberrassent

71 3607 114 3666 ab
148 3605 275 3667 itinere.
307 3605 389 3666 Tam
412 3607 542 3668 diversa
569 3621 588 3666 a
612 3602 774 3665 Pausania
793 3599 905 3661 referri
932 3613 1029 3659 nemo
1060 3598 1241 3676 mirabitur,
1273 3617 1352 3664 nam

71 3706 256 3768 admodum
274 3706 372 3768 dubia
390 3707 452 3768 fuit
470 3723 537 3784 res,
558 3709 592 3768 et
606 3707 674 3767 iam
686 3720 724 3766 eo
736 3701 929 3778 perventum
942 3700 1013 3759 erat
1027 3731 1066 3744 -
1080 3699 1164 3773 quod
1177 3700 1211 3759 in
1231 3702 1352 3764 talibus

70 3808 271 3884 saepissime
286 3809 431 3870 accidere
443 3809 596 3870 novimus
610 3841 649 3852 -
663 3807 700 3868 ut
711 3805 840 3866 diversa
851 3800 909 3861 sed
922 3800 1036 3860 eadem
1048 3801 1223 3863 sanctitate
1236 3806 1351 3865 ornata

69 3912 137 3973 duo
163 3909 216 3971 vel
238 3909 331 3986 plura
352 3910 494 3986 palladia
512 3912 625 3972 exime
644 3906 795 3969 homines
815 3900 1047 3965 contenderent
1065 3893 1098 3972 ²).
1119 3900 1185 3963 Res
1206 3904 1350 3979 proiecto

105 4117 125 4182 ¹)
145 4120 239 4169 Strabo
256 4134 281 4182 p.
300 4120 357 4168 aia.
374 4119 460 4168 Nseke
478 4117 508 4167 δι
526 4116 667 4166 orama
684 4113 774 4164 Hecale
791 4108 932 4160 uio-214.
951 4131 982 4142 -
1003 4105 1189 4156 Callimachum
1211 4109 1238 4157 iu
1254 4111 1349 4172 hymno

69 4202 103 4249 sd
128 4200 314 4260 Proserpinam
338 4199 502 4246 Hennensem
523 4199 677 4246 mentionem
702 4195 795 4242 iecisse
812 4191 931 4238 Heunse:
959 4185 1087 4248 „caimlpc
1106 4185 1158 4250 ἄρτι
1176 4192 1206 4247 γά
1223 4195 1246 4238 ei
1266 4195 1349 4241 lenit

68 4285 113 4338 pir
133 4279 224 4328 'Bm”
247 4279 288 4332 (ir.
313 4275 374 4342 isc)
405 4278 506 4325 etiamsi
532 4290 584 4324 non
607 4273 812 4336 improbabiliter
841 4265 950 4315 coniecit
975 4264 1124 4323 schneider,
1149 4267 1347 4321 incertiemmum

68 4366 163 4408 tamen
180 4361 228 4416 est,
245 4371 307 4406 uum
324 4359 415 4418 rapine
431 4370 534 4416 quoqne
551 4357 578 4403 in
595 4370 626 4403 ec
644 4355 757 4402 carmine
774 4347 906 4409 expositus
922 4344 1009 4391 inerit

101 4436 125 4494 ἰ
146 4440 218 4486 Serv.
244 4436 278 4484 ad
300 4435 360 4483 Aes.
380 4435 414 4482 Π.
437 4448 474 4481 vs.
501 4437 558 4482 liiii.
582 4435 692 4492 ,Dicunt
713 4443 776 4478 sace
795 4427 840 4474 clii
863 4435 943 4470 nuum
966 4420 1132 4470 simulacrum
1150 4424 1222 4473 coelo
1245 4426 1348 4486 lapsum

68 4520 143 4580 quod
165 4517 278 4565 nubibus
294 4514 430 4562 advectum
446 4517 473 4561 et
493 4514 520 4560 in
534 4517 613 4574 ponte
626 4512 772 4573 depositum
789 4503 860 4565 apud
878 4501 989 4548 Athenas
1006 4504 1107 4548 unium
1125 4501 1214 4551 inisse.
1232 4504 1304 4553 Unde
1321 4511 1348 4555 et

67 4602 212 4663 μφυριστής
225 4597 294 4644 dicis
311 4597 363 4649 est;
433 4593 479 4641 sed
488 4594 536 4641 hoo
547 4593 702 4641 Atheniense
711 4587 855 4638 Palladium
872 4596 887 4629 s
901 4581 1032 4628 veteribus
1041 4581 1158 4629 'l'rcisuis
1171 4581 1249 4630 Ilium
1265 4587 1347 4635 usn..

68 4681 164 4729 iaham.
187 4675 238 4724 Alii
262 4674 313 4722 duo
335 4671 434 4732 solunt,
455 4671 503 4719 hoc
526 4671 558 4719 de
581 4685 633 4732 quc
659 4670 771 4718 diximus
794 4667 821 4712 et
838 4659 1001 4709 Atheniense.
1019 4658 1070 4706 Alli
1088 4672 1146 4707 cnm
1163 4661 1196 4707 cb
1214 4663 1253 4710 llo
1270 4663 1347 4714 Ilium

68 4757 229 4807 conderetur
245 4754 294 4802 hoc
311 4751 451 4799 urcisncm
468 4750 540 4799 cselo
557 4746 684 4811 lcpsum''.
701 4771 734 4783 -
751 4743 822 4793 huid.
840 4742 856 4788 i.
872 4753 896 4786 v.
913 4741 950 4787 eri
967 4739 1105 4801 Παλλαδιρι
1124 4742 1221 4804 Ἄργοιο.
1239 4745 1284 4808 γὰρ
1298 4746 1346 4794 aad
