3068 5294
821 429 885 487 200
1292 429 1334 488 II.
1359 427 1471 487 23-25

222 617 348 678 defendi
378 617 487 690 potest
517 614 667 689 exemplo
698 630 813 675 versus
848 618 886 674 Ψ.
911 616 953 676 43
989 613 1044 690 ,οὐ
1076 612 1117 691 μὰ
1145 607 1228 691 Ζῆν’,
1258 612 1475 686 designetur

221 718 333 789 ὕστατος
357 714 406 777 καὶ
429 713 567 796 άριστος”
588 716 639 787 (ci.
660 716 793 777 1V.154
817 720 850 778 ei
870 717 1051 778 Schneider.
1076 715 1116 776 ad
1136 731 1211 776 eum
1235 714 1371 790 locum);
1396 714 1476 793 διερὸς
1527 745 1528 798 3

222 822 334 895 aperte
368 819 549 880 homericae
585 819 673 879 vocis
707 819 758 878 est
792 818 1014 892 interpretatio
1049 817 1099 888 (ci.
1130 831 1202 890 pag.
1231 818 1299 891 15);
1331 817 1364 876 in
1394 816 1476 877 verbe

222 919 451 1000 ἐστήρικται
475 921 596 996 autem,
622 932 819 993 quamquam
840 919 981 981 Homero
1001 933 1064 979 non
1084 917 1255 994 incognito,
1276 933 1362 979 nunc
1379 920 1476 979 tamen
1526 931 1528 988 ι

222 1023 262 1084 ad
298 1022 514 1083 recentiorum
548 1036 646 1081 usum
678 1021 785 1095 magis
816 1021 940 1082 accedit
970 1035 1068 1095 quam
1097 1019 1217 1080 iecerat
1240 1019 1293 1080 IV.
1321 1021 1361 1080 13
1385 1024 1478 1095 (supra

222 1140 293 1200 pag.
328 1127 411 1195 114).
448 1123 547 1184 Maior
581 1123 668 1184 enim
702 1124 750 1182 vis
778 1138 876 1197 quam
900 1124 931 1183 in
966 1123 1063 1183 verbo
1085 1120 1210 1197 ἱστάναι,
1235 1136 1255 1181 a
1278 1121 1371 1181 cuius
1393 1122 1478 1196 stirpe

222 1228 397 1303 derivatur,
432 1226 538 1286 inerat
573 1225 606 1285 in
641 1225 701 1285 hoc
736 1225 833 1285 verbo
867 1227 936 1285 tam
972 1225 1055 1299 apud
1091 1224 1270 1285 Homerum
1305 1223 1356 1293 (ci.
1389 1227 1424 1282 A.
1447 1224 1477 1282 28
1527 1237 1528 1252 ¹

222 1327 330 1407 ἴρισσιν
354 1325 478 1398 ἐοικότες
498 1324 534 1397 άς
558 1347 587 1385 τε
611 1324 750 1405 Κρονίων
774 1323 805 1384 ἐν
830 1322 915 1401 νέφεϊ
935 1324 1059 1405 στήριξε)
1080 1341 1179 1399 quam
1198 1325 1283 1398 apud
1304 1324 1478 1398 Hesiodum,

223 1430 315 1490 cuius
347 1444 448 1489 unum
472 1428 640 1503 praecipue
668 1427 775 1488 locum
799 1443 915 1487 versus
945 1427 1133 1488 Callimachi
1164 1427 1295 1486 revocat
1316 1426 1350 1486 in
1373 1440 1477 1486 memo·

223 1531 323 1592 riam:
359 1529 465 1606 Ἰλιεορ.
491 1529 566 1605 498,
602 1528 641 1588 de
677 1528 781 1602 lapide
805 1544 901 1602 quem
926 1530 1116 1589 evomuerat
1139 1528 1315 1591 Saturnus:
1343 1522 1478 1604 ,τὸνμὲν

224 1629 299 1703 Ζεὺς
330 1631 444 1709 στήριξε
478 1628 551 1690 κατὰ
583 1628 725 1709 χθονός”.
749 1631 791 1690 Et
814 1632 924 1691 menet
948 1631 1021 1690 huic
1046 1630 1142 1690 verbo
1165 1645 1281 1690 sensus
1309 1627 1476 1690 stabiliendi

223 1734 306 1807 apud
331 1734 467 1794 Atticos,
499 1732 619 1793 Verum
643 1732 727 1806 apud
750 1733 945 1792 recentiores
969 1731 1093 1791 sensim
1116 1732 1246 1805 deponit
1274 1733 1341 1792 vlm
1366 1730 1475 1806 figendi.

224 1835 319 1896 Redit
338 1835 451 1897 eodem
474 1835 584 1894 nostro
606 1849 702 1894 versu
723 1848 760 1893 ac
781 1834 809 1893 si
841 1830 982 1911 „inopes”
1006 1833 1144 1894 dixisset
1162 1834 1274 1908 poeta;
1300 1835 1386 1895 idem
1406 1831 1477 1892 valet

224 1937 263 1998 de
287 1937 430 2012 Dionysii
456 1936 644 2009 Perlegetae
669 1950 768 1995 versu
794 1935 859 1995 204

469 2036 547 2096 τάων
571 2031 602 2095 δ’
629 2032 805 2115 ἀμφοτέρων
830 2035 938 2114 μεσάτη
961 2034 1045 2108 πόλις
1069 2032 1241 2114 ἐστήρικται,

226 2140 259 2199 et
294 2139 431 2199 ulterius
463 2137 562 2199 etiam
595 2138 656 2198 hac
688 2139 743 2198 via
767 2153 953 2214 progressos
981 2153 1053 2198 esse
1077 2137 1270 2199 recentiores
1293 2139 1385 2199 docet
1405 2139 1477 2198 locus

225 2241 418 2301 notissimus
454 2255 494 2299 ex
532 2240 705 2314 Evangelio
742 2240 846 2300 Lucae
878 2239 963 2300 XVI.
989 2241 1049 2300 26;
1076 2236 1202 2316 ,μεταξὺ
1229 2234 1315 2317 ήμῶν
1338 2236 1386 2299 nal
1408 2235 1476 2315 iper

227 2338 300 2420 μέγα
323 2339 450 2420 χάσμα
475 2337 670 2418 ἐστήρικται”.

272 2441 406 2503 Constat
436 2443 547 2502 autem
581 2457 643 2502 non
676 2442 782 2502 solum
813 2458 928 2504 versus
960 2443 1033 2504 illos
1063 2443 1243 2504 homericos
1274 2443 1404 2506 ih'edd
1424 2455 1475 2516 sqq.

226 2545 414 2606 obversatos
450 2559 521 2604 esse
565 2544 761 2605 Callimacho
799 2559 873 2605 cum
906 2546 985 2605 haec
1016 2544 1247 2619 conscriberem
1278 2560 1356 2605 nam
1379 2541 1477 2606 adiecit

229 2643 286 2722 ,ἐν
324 2644 508 2728 Φρυγίῃ”.
545 2645 626 2722 Quid
656 2647 727 2706 ita?
761 2646 912 2707 Latuitne
943 2647 1041 2720 igitur
1077 2645 1335 2707 eruditissimum
1365 2648 1476 2722 poetam

225 2749 309 2821 quod
345 2747 396 2808 vel
430 2747 520 2821 pueri
553 2750 669 2808 norant
704 2747 929 2822 Alexandriae,
966 2747 1112 2823 Sipylum
1148 2750 1294 2808 montem
1318 2750 1476 2820 urbemque

226 2849 425 2923 Magnesiam
460 2852 493 2912 et
523 2864 642 2909 saxum
672 2850 790 2910 Niobes
820 2850 853 2910 in
877 2849 981 2926 Βράιο
1003 2850 1101 2910 esse?
1123 2850 1160 2910 ld
1184 2864 1261 2910 sane
1285 2865 1349 2911 nou
1372 2851 1477 2924 ignora·

223 2949 288 3025 bai,
324 2951 381 3010 sed
419 2950 596 3028 ,σικχαίνοιν
628 2948 726 3009 πάντα
761 2948 795 3009 τά
819 2949 968 3028 ‹inprioror’¹
994 2950 1108 3011 lubens
1133 2951 1283 3012 meminit
1309 2953 1477 3026 mytilogri¹

221 3052 358 3124 phorum
382 3052 553 3112 nonnullos
573 3051 700 3112 Tantali
724 3052 819 3113 sedes
842 3068 1015 3126 arcemque
1040 3053 1185 3129 Sipylum
1210 3055 1242 3113 in
1267 3053 1407 3128 Phrygis
1431 3049 1479 3113 col·

221 3152 346 3214 locasse
382 3186 422 3196 -
457 3169 562 3214 nonne
597 3153 712 3229 Pelops
746 3154 884 3215 Pindaro
920 3155 1029 3229 Lydus
1063 3154 1120 3225 (Ol.
1145 3155 1168 3214 Ι.
1193 3155 1245 3224 24)
1276 3156 1312 3215 at
1335 3155 1480 3217 Herodoto

223 3255 332 3329 Phryx
366 3254 537 3315 audierat?
573 3255 653 3315 Prae
686 3257 802 3316 ceteris
836 3271 912 3317 vero
935 3259 1046 3317 mente
1069 3257 1175 3316 tenuit
1197 3259 1308 3318 noster
1332 3256 1480 3334 Sophoclis

224 3356 357 3416 chorum
381 3371 422 3415 ex
446 3356 614 3432 Ανιιιροοο,
639 3357 694 3430 qui
719 3373 765 3417 vs.
792 3359 855 3417 823
881 3359 1121 3418 memoraverat
1148 3355 1219 3433 ,τὰν
1249 3358 1385 3438 Φρυγίαν
1407 3356 1480 3432 ξέναν

226 3456 408 3516 Ταντάλου”.
445 3457 578 3517 Delatus
613 3473 689 3518 vero
725 3459 757 3518 iu
795 3459 995 3533 tragoediam
1030 3459 1133 3533 pergit
1165 3460 1276 3533 opinor
1299 3462 1481 3536 tragicorum

222 3573 406 3619 sermonem
442 3559 528 3633 loqui
563 3560 651 3620 hisce
683 3560 805 3622 verbis:
842 3556 980 3639 ,ὀιζυρόν
1010 3581 1037 3619 τι
1071 3560 1307 3639 χαναύσής”,
1343 3563 1382 3624 ad
1411 3573 1480 3637 quae

222 3662 414 3723 illustranda
448 3663 515 3721 iarn
551 3662 604 3722 diu
639 3661 843 3723 adduxerunt
877 3664 1069 3738 interpretes
1102 3663 1267 3739 Sophoclis
1295 3663 1420 3725 Aiacem
1440 3675 1478 3722 vs.

226 3764 311 3823 1227
339 3760 433 3834 (δεινά
458 3761 574 3843 ῥήματα
598 3760 760 3839 ἀνοιμοικτλ
783 3768 906 3843 χανεῖν).

267 3965 322 4027 VS.
356 3969 407 4028 25,
465 3964 495 4044 ἰή
520 3965 550 4043 ἰὴ
574 3963 752 4046 φθέγγεσθε·
776 3966 869 4028 κακὸν
893 3969 1073 4049 μακάρεσσιν
1097 3967 1209 4049 ἐρίζειν.

468 4062 501 4139 ὃς
525 4066 644 4147 μάχεται
668 4067 858 4146 μακάρεσσιν,
881 4067 940 4154 ἐμῷ
965 4071 1085 4150 βασιλήι
1107 4070 1235 4149 μάχοιτο·

469 4166 546 4240 ὅστις
570 4166 628 4253 ἐμῷ
652 4168 781 4247 βασιλῆι,
803 4168 854 4229 καλ
877 4170 1034 4232 Ἀπόλλωνι
1059 4171 1188 4250 μάχοιτο.

468 4268 520 4330 τὸν
542 4267 631 4350 χορὸν
656 4266 807 4349 ὧντάλλων,
830 4269 876 4332 ὅτε
899 4272 930 4333 οἱ
950 4270 1025 4332 κατὰ
1048 4271 1150 4350 θυμὸν
1173 4269 1269 4357 deity,

469 4372 590 4449 τιμήσει·
615 4371 741 4432 δύναται
763 4370 831 4452 γάρ,
854 4371 916 4434 inei
939 4372 989 4435 Διλ
1012 4372 1107 4448 δεξιὸς
1131 4365 1225 4453 ἧσται.

468 4468 531 4534 οὐδ’
558 4470 574 4533 ὃ
597 4471 683 4552 χορὸς
706 4471 758 4534 τὸν
784 4477 898 4554 Φοῖβον
921 4471 964 4553 ἐφ’
988 4477 1024 4536 ἓν
1048 4475 1141 4555 μόνον
1165 4467 1244 4554 ἦμαρ
1272 4473 1369 4536 άείσει·

469 4570 606 4654 ἔστιγὰρ
630 4571 768 4653 εάυμνος·
791 4574 833 4648 τίς
857 4573 895 4636 dv
919 4576 956 4638 ον’
980 4575 1032 4659 ρέα
1058 4579 1172 4658 Φοῖβον
1196 4575 1307 4653 αἰείδοι,
