3320 5432
84 532 139 594 IV.
165 535 321 595 99-100
695 537 757 596 133

128 823 185 885 VS.
211 827 265 886 99.
311 815 351 897 ὧς
373 819 418 903 ἄρ’
446 823 513 903 ἔφη·
537 824 629 904 Λητὼ
652 821 685 887 ol
708 826 888 907 μετάτροπος
912 817 995 899 αὖτις
1018 824 1126 907 ἐχώρει.

309 922 368 988 ἀλλ’
394 922 432 989 ὅτ’
457 929 616 1008 Ἀγαιιάόες
638 952 689 1007 μιν
713 927 923 1011 άπηρνησαντο
946 928 1054 1008 πόληες

309 1026 480 1109 ἐργομένην,
496 1025 600 1110 Ἑλίκη
616 1019 653 1091 ‘se
677 1030 888 1105 Ποσειδάωνος
915 1029 1014 1111 ἓιαλρη

310 1131 412 1210 neapo
433 1153 473 1210 τε,
495 1132 675 1209 Δεξαμενοῖο
699 1131 854 1213 βοόστασις
880 1130 1034 1210 Ολκιάόαο,

310 1228 355 1310 ἂψ
380 1228 434 1306 [θ’]
459 1231 507 1295 bri
532 1234 696 1314 Θεσσαλίην
718 1234 814 1308 πόόας
837 1233 943 1314 ἔτρεπε·
966 1241 1058 1313 φεῦγε
1082 1228 1113 1294 δ’
1132 1230 1279 1311 ’Ἀναυρος

309 1331 359 1394 καλ
381 1335 492 1416 μεγάλη
515 1336 634 1416 Λάρισα
657 1334 707 1396 καλ
729 1337 764 1397 αλ
784 1335 962 1417 Χειρωνίόες
985 1333 1082 1416 άκραι,

188 1437 252 1498 105
308 1445 400 1517 φεῦγε
424 1433 457 1499 δὲ
478 1436 529 1498 καλ
553 1437 683 1517 Πηνειὸς
705 1436 891 1517 ἑλισσόμενος
914 1437 964 1499 tab
989 1435 1136 1517 Τεμπέαν.

299 1535 390 1618 Ἥρη,
412 1536 459 1600 ool
481 1534 512 1601 δ’
539 1537 580 1600 ἔτι
601 1547 692 1618 τῆμος
715 1535 836 1619 άνηλεὲς
858 1530 930 1620 ἦτορ
954 1537 1044 1601 ἔκειτο

310 1635 381 1702 οόόὲ
402 1641 605 1721 κατεκλάσθης
627 1663 657 1702 τε
679 1639 730 1702 καλ
752 1641 887 1726 ᾤκτισας,
907 1637 997 1720 ἡνίκα
1019 1640 1121 1720 πήχεις

308 1739 494 1824 ἀμφοτέρους
516 1739 660 1825 ὀρέγουσα
684 1743 779 1823 μάτην
803 1740 968 1825 ἐφθέγξατο
993 1747 1066 1804 τοῖα·

126 1842 317 1906 Describere
349 1845 413 1907 iter
446 1847 587 1908 Latonae
622 1851 655 1908 et
690 1846 730 1907 ad
765 1847 907 1908 rationes
942 1845 1172 1921 geographicas
1203 1855 1356 1903 revocare

78 1944 254 2006 confusam
296 1947 503 2020 vagationem
546 1963 648 2022 neque
682 1948 773 2009 lubet
810 1962 915 2022 neque
955 1949 1064 2022 vacat3
1100 1961 1205 2021 neque
1239 1958 1356 2005 causas

78 2060 279 2118 quaeremus
309 2063 366 2109 cur
395 2048 478 2110 hanc
508 2049 622 2110 urbem
653 2049 894 2125 memoraverit,
928 2048 1019 2109 illam
1052 2048 1210 2124 omiserit,
1234 2059 1355 2106 numve

80 2149 117 2207 ut
139 2148 396 2210 Atheniensibus
419 2150 569 2226 placeret,
594 2151 739 2212 Atticam
762 2151 815 2211 hic
838 2165 964 2224 quoque
987 2151 1020 2210 in
1045 2149 1274 2224 refugientium
1299 2162 1353 2207 nu·

79 2264 174 2310 mero
204 2265 270 2310 uon
291 2251 518 2313 nominaverit.
543 2251 635 2313 Nunc
657 2267 765 2314 sermo
788 2253 919 2313 tantum
941 2251 1136 2327 spectandus
1156 2251 1217 2326 est,
1238 2249 1270 2308 in
1290 2262 1354 2321 quo

78 2350 160 2412 illud
184 2353 328 2427 primum
352 2354 486 2415 offendit
507 2355 592 2429 quod
614 2370 662 2417 vs.
688 2358 730 2418 99
755 2353 1001 2432 μετάτροπος
1028 2353 1167 2428 scripsit,
1192 2366 1265 2413 curn
1291 2350 1351 2410 Ho-

79 2469 194 2515 merus
213 2455 247 2515 in
267 2455 324 2516 tali
343 2472 378 2517 re
398 2454 566 2537 ὑπότροπος
589 2459 694 2521 dicare
713 2458 818 2520 soleat
837 2460 883 2529 (Z.
897 2459 972 2531 367,
986 2457 1068 2530 501;
1089 2478 1118 2516 υ.
1132 2455 1218 2524 332).
1240 2452 1352 2513 Hesio-

78 2555 139 2616 dus
166 2555 288 2633 (Tbeop.
312 2558 366 2628 89)
396 2557 561 2637 μετάτροπα
584 2557 655 2640 ἔργα
678 2561 808 2622 vocavit
829 2560 916 2620 iacta
938 2573 1018 2632 quoe
1039 2557 1074 2617 ιἰι
1103 2561 1195 2632 caput
1218 2556 1353 2616 auctoris

78 2657 211 2718 redeunt
241 2658 347 2729 (Hom.
378 2660 551 2732 παλίντιτα).
579 2661 712 2723 Accedit
733 2664 842 2722 autem
868 2661 907 2721 ad
929 2659 1031 2720 nostri
1054 2673 1170 2720 versus
1193 2656 1349 2732 significa·

78 2759 205 2820 tionem
247 2761 414 2837 Euripides
456 2763 513 2835 (Ill.
549 2765 645 2834 1147)
688 2762 882 2842 ,μετάτροποι
918 2758 1061 2822 πνέουσιν
1096 2751 1186 2840 αὖραι
1218 2758 1350 2838 δόμων”.

76 2861 128 2930 (ci.
156 2862 274 2923 Aesch.
299 2863 383 2926 Pera.
408 2866 494 2936 973).
518 2866 565 2927 De
590 2881 667 2928 voce
691 2856 774 2937 αὖτις
798 2865 871 2926 vide
894 2879 992 2940 supra
1015 2877 1087 2938 pag.
1115 2864 1166 2924 13.

122 2963 278 3025 Formam
314 2965 483 3045 Ἀγοιιὰς
513 2973 573 3039 (vs.
609 2969 681 3040 100)
709 2969 872 3030 Homerus
894 2981 959 3028 non
981 2965 1045 3026 nisi
1067 2964 1273 3026 substantive
1296 2980 1347 3039 po·

76 3066 155 3141 suit,
188 3066 386 3129 adiectivum
420 3069 567 3132 adhibuit
599 3069 714 3149 Ἀγαιίς.
746 3069 875 3146 Optimo
895 3069 965 3130 iure
985 3067 1112 3129 censuit
1134 3068 1245 3127 noster
1268 3067 1352 3126 inter

76 3169 255 3240 utramque
276 3168 416 3230 formam
440 3171 564 3232 iustum
588 3171 762 3232 discrimen
785 3185 849 3232 non
872 3168 960 3245 fieri;
984 3170 1093 3242 itaque
1116 3168 1168 3229 hic
1189 3170 1222 3228 et
1245 3167 1282 3228 V.
1310 3169 1349 3227 13

78 3265 251 3345 Ἀχαιιάδες,
283 3269 340 3332 lll.
373 3271 435 3332 231
466 3271 604 3350 Ἀχαιίδες
628 3273 767 3347 scripsit.
791 3271 929 3332 indicari
961 3285 1036 3332 vero
1059 3271 1170 3330 nostro
1193 3268 1263 3330 loco
1286 3283 1349 3328 uon

77 3369 178 3431 urbes
200 3370 343 3432 Achivae
365 3373 422 3433 aed
446 3373 518 3435 eius
539 3374 680 3449 regionis
703 3389 785 3448 quae
808 3373 938 3434 Achaea
961 3371 1126 3433 dicebatur
1153 3370 1260 3444 arguit
1283 3386 1349 3430 ver·

77 3486 135 3532 sus
172 3487 321 3545 sequeus.
358 3473 475 3536 Genua
505 3474 651 3554 Ἀχαιίδος
680 3477 738 3537 Ill.
763 3477 825 3537 231
858 3474 1055 3536 Achivorum
1088 3487 1190 3533 naves
1213 3473 1348 3533 dixerat.

78 3572 224 3634 Verbum
251 3575 362 3636 autem
385 3571 670 3656 άπηρνήοοντο
694 3577 896 3638 homericum
920 3592 983 3637 non
1007 3577 1058 3636 eet
1081 3577 1114 3635 et
1133 3575 1349 3649 suspicionem

79 3675 187 3736 movit
219 3675 440 3739 Valckenaerii
474 3678 529 3751 qui
570 3679 603 3739 in
639 3679 766 3741 schedis
800 3678 934 3741 adnotat
968 3676 1217 3753 explicationem
1252 3691 1350 3751 supra

79 3776 237 3851 scriptam
272 3791 384 3838 veram
417 3779 590 3841 lectionem
624 3777 818 3857 ἀπηνήναντο
853 3779 1052 3842 obliterasse.
1084 3777 1266 3838 Ducebatur
1291 3778 1349 3838 for·

79 3879 171 3938 tasse
201 3877 452 3940 Valckenaerius
483 3881 524 3941 ad
558 3883 818 3943 emendationem
849 3896 1027 3954 sanequarn
1051 3878 1231 3952 elegantem
1254 3893 1350 3938 versu

80 3979 244 4040 homerico
267 3981 307 4038 Η.
334 3981 406 4058 185,
431 3982 484 4043 ubi
508 3983 644 4043 eandem
667 3982 779 4044 sedem
801 3983 936 4044 verbum
959 3981 1083 4042 obtinet

309 4083 358 4160 Ι,οἳ
379 4077 410 4144 d’
437 4081 473 4144 οὗ
496 4083 708 4164 γιγνώσκοντες
731 4081 924 4162 ἀπηνήναντο
948 4080 1098 4155 ἕκαστος’*

80 4186 248 4261 Attamen,
278 4185 355 4247 licet
388 4185 530 4248 Homero
558 4187 704 4261 ignotum
729 4186 774 4246 sit
797 4186 932 4246 verbum
958 4185 1183 4260 compositum,
1208 4185 1350 4261 simplex

80 4283 239 4366 ἀρνεῖσθαι
273 4287 403 4363 saepius
437 4289 585 4364 occurrit,
621 4292 653 4350 et
684 4289 719 4348 in
750 4287 888 4349 motione
912 4283 1069 4366 ἀρνεῖσθαι
1091 4285 1187 4364 γάμον
1211 4291 1248 4358 (α.
1275 4289 1348 4356 249)

79 4403 216 4449 sensum
247 4388 370 4450 obtinet
405 4391 515 4451 nostro
550 4389 660 4451 versui
687 4388 772 4450 haud
804 4387 1008 4449 dissimilem.
1040 4387 1238 4463 Quapropter
1268 4389 1349 4449 codi-

80 4503 156 4550 cum
186 4489 360 4551 lectionem
389 4486 601 4569 άπηρνήοαντο
632 4490 828 4552 servandam
854 4491 943 4565 puto,
971 4488 1034 4549 alio
1065 4489 1177 4550 tamen
1200 4489 1349 4564 exemplo

81 4589 346 4652 confirmandam.
378 4591 478 4654 Recte
507 4592 569 4654 dici
598 4607 695 4654 nemo
722 4593 829 4668 negat,
861 4593 895 4651 et
920 4591 1111 4652 obversatur
1134 4590 1246 4666 menti,
1270 4590 1349 4650 dum

82 4707 214 4754 versum
248 4692 398 4772 legimus,
433 4695 524 4757 locus
557 4695 753 4771 Thucydidis
792 4693 842 4754 VI.
875 4693 917 4754 to
956 4691 994 4753 de
1027 4691 1202 4753 Harmodio
1237 4689 1350 4772 ,drap-
