3104 5286
712 482 773 538 119

97 681 166 725 non
189 668 320 725 tantum
344 665 509 726 adversari
533 666 681 741 religioni
704 668 761 727 sed
785 667 932 728 funditus
959 666 1057 727 iidem
1081 667 1215 727 deorum
1238 666 1376 726 tollere?

98 767 183 842 Quid
207 768 241 826 in
265 767 325 827 hac
348 783 383 827 re
407 766 627 828 Callimachus
656 768 719 828 sibi
746 769 843 829 licere
867 770 1031 829 censuerit
1055 769 1139 828 inira
1162 768 1275 843 paucis
1298 767 1376 827 indi·

99 868 180 928 cabo
204 868 374 942 exemplis.
400 868 493 929 Certe
515 868 609 929 salva
631 869 786 944 reiigione
810 886 849 931 ea
872 872 1077 931 committere
1101 870 1215 945 potuit.

146 969 307 1044 Quoniam
343 986 418 1031 vero
452 971 593 1044 hymnos
627 986 705 1031 suos
740 972 877 1032 confecit
909 972 1075 1032 communi
1103 971 1232 1031 cuidam
1264 970 1374 1029 civita·

98 1071 145 1130 tis
177 1071 366 1131 necessitati
389 1086 507 1146 parens
530 1073 637 1147 magis
663 1089 762 1147 quam
786 1073 933 1148 propriae
956 1073 1086 1148 pietati,
1111 1074 1145 1132 et
1169 1075 1305 1132 evocata
1327 1074 1379 1131 est

98 1187 195 1232 sacra
225 1170 416 1232 Callimachi
447 1174 539 1234 Musa
568 1189 681 1234 eorum
711 1175 874 1250 opinione,
905 1175 961 1248 qui
991 1189 1184 1249 persuasum
1213 1172 1375 1232 habebant

96 1272 229 1333 sublata
259 1273 394 1333 deorum
420 1272 482 1334 fide
506 1291 575 1336 rem
598 1275 762 1351 publicam
784 1279 872 1336 stare
896 1292 960 1336 non
985 1290 1095 1351 posse,
1120 1277 1290 1350 propterea
1315 1275 1373 1334 mi·

98 1389 163 1434 uus
193 1375 312 1435 attinet
340 1391 493 1449 quaerere
522 1377 597 1451 quid
632 1393 745 1437 secum
776 1378 895 1437 intima
925 1381 1035 1438 mente
1066 1377 1106 1437 de
1137 1376 1234 1437 rebus
1257 1376 1376 1435 divinis

98 1475 321 1536 Callimachus
358 1477 513 1553 senserit,
553 1493 651 1552 quam
690 1479 766 1552 quid
800 1480 910 1538 coram
943 1478 1059 1554 populo
1091 1479 1199 1552 palam
1234 1476 1377 1552 profiteri

99 1592 236 1638 necesse
270 1577 428 1638 habuerit.
462 1578 594 1639 Tradita
625 1579 815 1655 defendunt,
849 1581 944 1640 novis
975 1581 1191 1640 adversantur
1218 1578 1376 1639 eiusmodi

99 1679 253 1740 homines
284 1678 390 1752 qualis
420 1679 483 1739 fuit
513 1679 581 1755 ilie,
614 1681 716 1740 etiam
747 1681 777 1740 si
808 1681 972 1741 interdurn
1004 1696 1119 1756 parum
1148 1682 1275 1741 constet
1298 1680 1378 1755 ipsis

100 1797 165 1855 quo
190 1781 259 1841 iure
283 1784 484 1855 praeponant
506 1781 601 1841 novis
625 1783 769 1855 antiqua.

147 1882 351 1957 Exposuerat
382 1882 460 1941 olim
491 1883 656 1957 praeclare
688 1883 805 1946 talium
837 1883 1010 1943 hominum
1041 1883 1227 1958 opinionem
1257 1882 1377 1956 Euripi·

100 1984 174 2057 des,
205 1985 376 2056 tamquam
408 1983 477 2057 ipse
504 1998 565 2044 suo
596 1984 705 2043 animo
739 1983 979 2044 dubitationum
1012 1984 1180 2059 suppliciis
1204 1984 1378 2043 dilacerato

101 2085 210 2159 legem
233 2099 417 2159 proponens
441 2083 564 2154 (Bacch.
590 2085 683 2154 890lz

864 2183 900 2246 οὐ

464 2284 520 2366 γὰρ
547 2286 684 2366 κρεῖσσόν
706 2308 777 2359 ποτε
799 2296 859 2348 τῶν
881 2287 983 2366 νόμων

461 2388 637 2468 γιγνώσκειν
659 2387 714 2468 χρὴ
737 2386 788 2448 καὶ
810 2394 940 2466 μελετᾶν·

463 2490 565 2568 κούφα
587 2488 643 2571 γὰρ
668 2491 789 2551 δαπάνα
811 2490 896 2569 νομί-

461 2593 520 2663 ζειν
543 2591 629 2671 ἰσχὺν
653 2586 715 2654 τόδ’
742 2591 818 2672 ἔχειν

462 2693 505 2754 ὅτι
528 2690 589 2755 ποτ’
616 2693 674 2775 ἄρα
697 2694 730 2757 τὸ
754 2693 912 2773 δαιμόνιον

458 2796 491 2856 τό
514 2790 535 2855 τ’
563 2794 595 2857 ἒν
619 2795 715 2882 χρόνῳ
735 2806 837 2880 μακρῷ

461 2897 589 2976 νόμιμον
613 2896 658 2959 ἀεὶ
683 2899 771 2974 φύσει
794 2919 824 2958 τε
847 2896 990 2973 πεφυκός.

150 3002 202 3061 Sic
226 3016 352 3076 quoque
376 3002 450 3075 post
473 3001 635 3076 Euripidis
659 3004 808 3076 tempora
841 3001 956 3061 multis
990 2999 1176 3060 hominibus
1200 2999 1379 3059 eruditione

105 3103 241 3162 imbutis
272 3103 339 3162 fere
369 3096 425 3177 pro
453 3106 647 3178 argumento
671 3119 744 3163 esse
769 3103 938 3164 videbatur
960 3102 1045 3177 quod
1075 3101 1269 3176 longaevam
1293 3101 1378 3160 vide·

105 3203 184 3263 baut
211 3202 306 3264 fldem
340 3204 474 3265 deorum
504 3220 588 3279 quae
623 3220 679 3279 per
710 3220 825 3265 omnes
855 3204 1014 3280 procellas
1044 3219 1153 3263 rerum
1182 3202 1381 3278 perstitisset

104 3306 260 3378 immota;
293 3304 461 3380 amabant,
493 3305 671 3366 servabant
694 3306 872 3366 adorabant
895 3304 929 3363 τὰ
949 3305 1074 3384 πάτριαι
1100 3321 1182 3379 quae
1206 3320 1225 3364 a
1249 3305 1380 3379 proavis

105 3409 236 3480 recepta
259 3408 292 3465 et
314 3406 384 3465 suis
407 3406 526 3466 studiis
549 3405 680 3466 firmata
704 3407 875 3480 nepotibus
898 3407 1026 3468 tradere
1049 3406 1233 3467 studebant.

150 3508 350 3569 Callimacho
381 3510 506 3583 autem,
539 3508 653 3568 eodem
681 3509 789 3569 studio
813 3508 1034 3569 corroboranti
1061 3508 1257 3582 Lagidarum
1281 3507 1379 3581 impe·
1421 3501 1423 3505 ’

104 3612 191 3671 rium
216 3613 367 3683 artesque
387 3612 420 3669 et
438 3610 566 3669 litteras
586 3608 740 3683 Graecas,
759 3625 822 3669 non
842 3609 945 3669 habeo
963 3624 1060 3684 quem
1071 3609 1180 3684 potius
1194 3623 1380 3682 comparem

104 3729 204 3787 quam
224 3712 408 3772 Horatium.
429 3711 549 3771 Incitat
569 3713 743 3785 utrumque
761 3712 847 3772 idem
860 3726 962 3771 amor.
976 3712 1060 3771 Nam
1073 3713 1168 3785 poeta
1179 3710 1378 3783 Venusinus,

104 3817 220 3874 renata
238 3828 273 3873 re
292 3811 421 3887 publica
439 3813 473 3871 et
492 3811 663 3871 Octaviani
682 3827 782 3872 manu
803 3827 881 3886 pace
902 3813 1090 3888 constituta,
1114 3811 1249 3886 imperio
1268 3826 1381 3900 recens
1449 3833 1451 3835 ·

105 3914 235 3974 condito
248 3913 341 3972 unice
349 3913 501 3988 sperabat
512 3912 641 3973 felicem
653 3913 795 3973 salutem
809 3929 850 3974 ex
863 3915 987 3989 patriae
999 3913 1165 3988 religionis
1178 3912 1267 3973 cultu
1279 3911 1379 3987 fideli,

104 4013 205 4074 simul
237 4014 325 4073 cives
356 4029 398 4074 ex
428 4015 588 4074 discordia
619 4014 805 4090 conciliare,
829 4031 871 4074 ex
891 4013 995 4074 turbis
1019 4012 1169 4074 civilibus
1193 4015 1233 4074 ad
1260 4028 1380 4074 novam

104 4117 271 4176 fortunam
290 4114 418 4175 elevare
436 4115 599 4190 cupiebat,
618 4131 765 4175 amorem
778 4118 811 4175 et
824 4115 1062 4176 oboedientiam
1074 4130 1151 4189 erga
1163 4130 1284 4175 novum
1297 4115 1380 4188 prin·

105 4218 211 4292 cipem
234 4215 365 4277 firmare
388 4217 524 4277 studens
548 4216 695 4276 versibus
719 4218 789 4276 tarn
813 4217 997 4277 notissimis
1020 4231 1117 4290 quam
1143 4216 1335 4291 praeclaris:

361 4318 487 4392 Regum
511 4319 730 4378 timendorum
756 4319 789 4378 in
812 4319 959 4394 proprios
983 4332 1111 4393 greges,

361 4434 455 4494 reges
501 4419 534 4479 in
577 4421 665 4495 ipsos
708 4420 883 4494 imperium
924 4421 976 4480 est
1017 4419 1120 4494 Iovis,

431 4521 509 4581 clari
538 4521 695 4596 Giganteo
719 4523 899 4598 triumpho,

499 4625 617 4683 cuncta
640 4624 811 4698 supercilio
835 4624 1009 4685 moventis.
