<?xml version="1.0" encoding="UTF-8"?>
<!DOCTYPE html PUBLIC "-//W3C//DTD XHTML 1.0 Transitional//EN"
    "http://www.w3.org/TR/xhtml1/DTD/xhtml1-transitional.dtd">
<html xmlns="http://www.w3.org/1999/xhtml" xml:lang="en" lang="en">
 <head>
  <title>
</title>
<meta http-equiv="Content-Type" content="text/html;charset=utf-8" />
  <meta name='ocr-system' content='tesseract 3.04.00' />
  <meta name='ocr-capabilities' content='ocr_page ocr_carea ocr_par ocr_line ocrx_word'/>
</head>
<body>
  <div class='ocr_page' id='page_1' title='image "./studiacallimach01kuipgoog_0181.png"; bbox 0 0 3068 5294; ppageno 0'>
   <div class='ocr_carea' id='block_1_1' title="bbox 815 439 1471 502">
    <p class='ocr_par' dir='ltr' id='par_1_1' title="bbox 815 439 1471 502">
     <span class='ocr_line' id='line_1_1' title="bbox 815 439 1471 502; baseline -0.006 0"><span class='ocrx_word' id='word_1_1' title='bbox 815 444 876 502; x_wconf 78' lang='lat'><strong>168</strong></span> <span class='ocrx_word' id='word_1_2' title='bbox 1224 439 1277 499; x_wconf 87' lang='lat' dir='ltr'><strong>IV.</strong></span> <span class='ocrx_word' id='word_1_3' title='bbox 1303 440 1471 498; x_wconf 80' lang='lat'>231-236</span> 
     </span>
    </p>
   </div>
   <div class='ocr_carea' id='block_1_2' title="bbox 183 625 1502 4679">
    <p class='ocr_par' dir='ltr' id='par_1_2' title="bbox 183 625 1502 1619">
     <span class='ocr_line' id='line_1_2' title="bbox 210 625 1473 705; baseline -0.001 -18"><span class='ocrx_word' id='word_1_4' title='bbox 210 625 440 705; x_wconf 60' lang='lat' dir='ltr'><strong>onoolpeoa’t</strong></span> <span class='ocrx_word' id='word_1_5' title='bbox 450 627 531 689; x_wconf 84' lang='lat' dir='ltr'><strong>(lum</strong></span> <span class='ocrx_word' id='word_1_6' title='bbox 542 643 617 689; x_wconf 86' lang='lat' dir='ltr'><strong>vero</strong></span> <span class='ocrx_word' id='word_1_7' title='bbox 631 644 786 705; x_wconf 89' lang='lat' dir='ltr'><strong>eosensu,</strong></span> <span class='ocrx_word' id='word_1_8' title='bbox 795 644 894 702; x_wconf 92' lang='lat' dir='ltr'><strong>quem</strong></span> <span class='ocrx_word' id='word_1_9' title='bbox 906 643 991 689; x_wconf 89' lang='lat' dir='ltr'><strong>nune</strong></span> <span class='ocrx_word' id='word_1_10' title='bbox 1003 628 1136 689; x_wconf 87' lang='lat' dir='ltr'><strong>verbum</strong></span> <span class='ocrx_word' id='word_1_11' title='bbox 1146 628 1363 702; x_wconf 85' lang='lat' dir='ltr'><strong>compositum</strong></span> <span class='ocrx_word' id='word_1_12' title='bbox 1372 627 1473 702; x_wconf 89' lang='lat' dir='ltr'><strong>habet,</strong></span> 
     </span>
     <span class='ocr_line' id='line_1_3' title="bbox 210 729 1476 806; baseline -0.001 -17"><span class='ocrx_word' id='word_1_13' title='bbox 210 729 350 804; x_wconf 86' lang='lat' dir='ltr'>simplex</span> <span class='ocrx_word' id='word_1_14' title='bbox 369 731 452 806; x_wconf 91' lang='lat' dir='ltr'><strong>apud</strong></span> <span class='ocrx_word' id='word_1_15' title='bbox 469 730 643 803; x_wconf 79' lang='lat' dir='ltr'>scriptores</span> <span class='ocrx_word' id='word_1_16' title='bbox 659 744 722 790; x_wconf 93' lang='lat' dir='ltr'><strong>non</strong></span> <span class='ocrx_word' id='word_1_17' title='bbox 746 730 932 803; x_wconf 81' lang='lat' dir='ltr'>infrequens</span> <span class='ocrx_word' id='word_1_18' title='bbox 955 729 998 790; x_wconf 86' lang='lat' dir='ltr'><strong>sit</strong></span> <span class='ocrx_word' id='word_1_19' title='bbox 1013 763 1053 772; x_wconf 97' lang='lat'>—</span> <span class='ocrx_word' id='word_1_20' title='bbox 1068 744 1144 789; x_wconf 91' lang='lat' dir='ltr'><strong>nam</strong></span> <span class='ocrx_word' id='word_1_21' title='bbox 1170 729 1284 789; x_wconf 88' lang='lat' dir='ltr'><strong>eodem</strong></span> <span class='ocrx_word' id='word_1_22' title='bbox 1307 729 1374 789; x_wconf 84' lang='lat' dir='ltr'><strong>iere</strong></span> <span class='ocrx_word' id='word_1_23' title='bbox 1398 729 1476 789; x_wconf 89' lang='lat' dir='ltr'><strong>redit</strong></span> 
     </span>
     <span class='ocr_line' id='line_1_4' title="bbox 183 827 1475 911; baseline -0.002 -20"><span class='ocrx_word' id='word_1_24' title='bbox 183 850 185 855; x_wconf 65' lang='grc'>’</span> <span class='ocrx_word' id='word_1_25' title='bbox 208 831 403 905; x_wconf 82' lang='lat' dir='ltr'><strong>Thucydidis</strong></span> <span class='ocrx_word' id='word_1_26' title='bbox 426 827 533 907; x_wconf 59' lang='lat' dir='ltr'><strong>,oddag</strong></span> <span class='ocrx_word' id='word_1_27' title='bbox 546 827 684 909; x_wconf 81' lang='grc' dir='ltr'><strong>δέχεσθαι</strong></span> <span class='ocrx_word' id='word_1_28' title='bbox 695 829 730 891; x_wconf 82' lang='grc' dir='ltr'><strong>ιὰ</strong></span> <span class='ocrx_word' id='word_1_29' title='bbox 749 829 1028 911; x_wconf 74' lang='grc' dir='ltr'><strong>παραγγελλόμενο”</strong></span> <span class='ocrx_word' id='word_1_30' title='bbox 1053 832 1105 903; x_wconf 86' lang='grc' dir='ltr'><strong>(ΙΙ.</strong></span> <span class='ocrx_word' id='word_1_31' title='bbox 1121 834 1172 900; x_wconf 80' lang='grc'><strong>11)</strong></span> <span class='ocrx_word' id='word_1_32' title='bbox 1186 831 1345 905; x_wconf 90' lang='lat' dir='ltr'><strong>-potius</strong></span> <span class='ocrx_word' id='word_1_33' title='bbox 1358 829 1475 890; x_wconf 79' lang='lat' dir='ltr'><strong>dixeris</strong></span> 
     </span>
     <span class='ocr_line' id='line_1_5' title="bbox 210 931 1476 1006; baseline -0.002 -13"><span class='ocrx_word' id='word_1_34' title='bbox 210 934 250 993; x_wconf 93' lang='lat' dir='ltr'><strong>ad</strong></span> <span class='ocrx_word' id='word_1_35' title='bbox 273 932 451 994; x_wconf 90' lang='lat' dir='ltr'><strong>ornandum</strong></span> <span class='ocrx_word' id='word_1_36' title='bbox 475 931 734 1006; x_wconf 81' lang='lat' dir='ltr'><strong>firmandamque</strong></span> <span class='ocrx_word' id='word_1_37' title='bbox 759 934 893 994; x_wconf 86' lang='lat' dir='ltr'><strong>verbum</strong></span> <span class='ocrx_word' id='word_1_38' title='bbox 914 949 955 994; x_wconf 89' lang='lat' dir='ltr'><strong>ex</strong></span> <span class='ocrx_word' id='word_1_39' title='bbox 976 947 1065 993; x_wconf 92' lang='lat' dir='ltr'><strong>more</strong></span> <span class='ocrx_word' id='word_1_40' title='bbox 1082 932 1375 993; x_wconf 81' lang='lat' dir='ltr'><strong>Alexandrinorum</strong></span> <span class='ocrx_word' id='word_1_41' title='bbox 1396 932 1476 992; x_wconf 92' lang='lat' dir='ltr'><strong>addi·</strong></span> 
     </span>
     <span class='ocr_line' id='line_1_6' title="bbox 209 1032 1478 1112; baseline -0.002 -16"><span class='ocrx_word' id='word_1_42' title='bbox 209 1037 279 1097; x_wconf 91' lang='lat' dir='ltr'><strong>tam</strong></span> <span class='ocrx_word' id='word_1_43' title='bbox 299 1051 372 1096; x_wconf 91' lang='lat' dir='ltr'><strong>esse</strong></span> <span class='ocrx_word' id='word_1_44' title='bbox 383 1034 664 1110; x_wconf 81' lang='lat' dir='ltr'><strong>praepositionem.</strong></span> <span class='ocrx_word' id='word_1_45' title='bbox 677 1035 879 1096; x_wconf 83' lang='lat' dir='ltr'><strong>Vocabulum</strong></span> <span class='ocrx_word' id='word_1_46' title='bbox 902 1032 1063 1112; x_wconf 80' lang='grc' dir='ltr'><strong>ὁμοκλὴ,</strong></span> <span class='ocrx_word' id='word_1_47' title='bbox 1080 1035 1164 1109; x_wconf 92' lang='lat' dir='ltr'><strong>quod</strong></span> <span class='ocrx_word' id='word_1_48' title='bbox 1184 1035 1214 1096; x_wconf 89' lang='lat' dir='ltr'><strong>si</strong></span> <span class='ocrx_word' id='word_1_49' title='bbox 1228 1033 1309 1096; x_wconf 88' lang='lat' dir='ltr'><strong>fides</strong></span> <span class='ocrx_word' id='word_1_50' title='bbox 1330 1036 1382 1096; x_wconf 90' lang='lat' dir='ltr'><strong>est</strong></span> <span class='ocrx_word' id='word_1_51' title='bbox 1400 1033 1478 1096; x_wconf 89' lang='lat' dir='ltr'><strong>codi-</strong></span> 
     </span>
     <span class='ocr_line' id='line_1_7' title="bbox 209 1136 1479 1213; baseline -0.001 -15"><span class='ocrx_word' id='word_1_52' title='bbox 209 1138 300 1199; x_wconf 88' lang='lat' dir='ltr'><strong>cibus</strong></span> <span class='ocrx_word' id='word_1_53' title='bbox 322 1137 374 1198; x_wconf 91' lang='lat' dir='ltr'><strong>hic</strong></span> <span class='ocrx_word' id='word_1_54' title='bbox 396 1151 510 1211; x_wconf 89' lang='lat' dir='ltr'><strong>aspero</strong></span> <span class='ocrx_word' id='word_1_55' title='bbox 533 1137 649 1210; x_wconf 87' lang='lat' dir='ltr'><strong>spiritu</strong></span> <span class='ocrx_word' id='word_1_56' title='bbox 672 1137 801 1211; x_wconf 84' lang='lat' dir='ltr'><strong>scripsit</strong></span> <span class='ocrx_word' id='word_1_57' title='bbox 820 1137 871 1207; x_wconf 86' lang='lat' dir='ltr'><strong>(ci.</strong></span> <span class='ocrx_word' id='word_1_58' title='bbox 887 1152 935 1198; x_wconf 88' lang='lat' dir='ltr'><strong>vs.</strong></span> <span class='ocrx_word' id='word_1_59' title='bbox 952 1137 1035 1213; x_wconf 81' lang='lat'><strong>158),</strong></span> <span class='ocrx_word' id='word_1_60' title='bbox 1057 1137 1265 1212; x_wconf 89' lang='lat' dir='ltr'><strong>aptissimum</strong></span> <span class='ocrx_word' id='word_1_61' title='bbox 1285 1137 1326 1198; x_wconf 92' lang='lat' dir='ltr'><strong>ad</strong></span> <span class='ocrx_word' id='word_1_62' title='bbox 1339 1136 1479 1198; x_wconf 86' lang='lat' dir='ltr'><strong>indican-</strong></span> 
     </span>
     <span class='ocr_line' id='line_1_8' title="bbox 209 1236 1481 1314; baseline -0.001 -14"><span class='ocrx_word' id='word_1_63' title='bbox 209 1241 268 1300; x_wconf 90' lang='lat' dir='ltr'><strong>das</strong></span> <span class='ocrx_word' id='word_1_64' title='bbox 296 1239 500 1299; x_wconf 80' lang='lat' dir='ltr'><strong>incitationes</strong></span> <span class='ocrx_word' id='word_1_65' title='bbox 531 1239 648 1313; x_wconf 90' lang='lat' dir='ltr'><strong>quibus</strong></span> <span class='ocrx_word' id='word_1_66' title='bbox 675 1239 802 1299; x_wconf 88' lang='lat' dir='ltr'><strong>evocari</strong></span> <span class='ocrx_word' id='word_1_67' title='bbox 825 1254 922 1300; x_wconf 90' lang='lat' dir='ltr'><strong>canes</strong></span> <span class='ocrx_word' id='word_1_68' title='bbox 946 1237 1052 1300; x_wconf 90' lang='lat' dir='ltr'><strong>solent</strong></span> <span class='ocrx_word' id='word_1_69' title='bbox 1075 1238 1124 1309; x_wconf 86' lang='lat' dir='ltr'><strong>(ci.</strong></span> <span class='ocrx_word' id='word_1_70' title='bbox 1148 1238 1230 1299; x_wconf 87' lang='lat' dir='ltr'><strong>Xen.</strong></span> <span class='ocrx_word' id='word_1_71' title='bbox 1258 1236 1334 1314; x_wconf 74' lang='lat' dir='ltr'><strong>Cyn.</strong></span> <span class='ocrx_word' id='word_1_72' title='bbox 1357 1237 1414 1299; x_wconf 90' lang='lat' dir='ltr'><strong>VI.</strong></span> <span class='ocrx_word' id='word_1_73' title='bbox 1442 1239 1481 1299; x_wconf 82' lang='grc'><strong>13</strong></span> 
     </span>
     <span class='ocr_line' id='line_1_9' title="bbox 209 1340 1502 1416; baseline -0.002 -14"><span class='ocrx_word' id='word_1_74' title='bbox 209 1344 286 1415; x_wconf 82' lang='lat' dir='ltr'><strong>sqq.)</strong></span> <span class='ocrx_word' id='word_1_75' title='bbox 312 1341 359 1401; x_wconf 89' lang='lat' dir='ltr'><strong>ita</strong></span> <span class='ocrx_word' id='word_1_76' title='bbox 382 1340 537 1416; x_wconf 86' lang='lat' dir='ltr'><strong>adhibuit,</strong></span> <span class='ocrx_word' id='word_1_77' title='bbox 561 1341 598 1399; x_wconf 90' lang='lat' dir='ltr'><strong>ut</strong></span> <span class='ocrx_word' id='word_1_78' title='bbox 621 1343 774 1414; x_wconf 87' lang='lat' dir='ltr'><strong>appareat</strong></span> <span class='ocrx_word' id='word_1_79' title='bbox 798 1355 873 1401; x_wconf 91' lang='lat' dir='ltr'><strong>eum</strong></span> <span class='ocrx_word' id='word_1_80' title='bbox 897 1341 1029 1401; x_wconf 88' lang='lat' dir='ltr'><strong>stetisse</strong></span> <span class='ocrx_word' id='word_1_81' title='bbox 1052 1340 1092 1401; x_wconf 90' lang='lat' dir='ltr'><strong>ab</strong></span> <span class='ocrx_word' id='word_1_82' title='bbox 1116 1354 1228 1400; x_wconf 90' lang='lat' dir='ltr'><strong>eorum</strong></span> <span class='ocrx_word' id='word_1_83' title='bbox 1255 1340 1404 1414; x_wconf 87' lang='lat' dir='ltr'><strong>partibus</strong></span> <span class='ocrx_word' id='word_1_84' title='bbox 1427 1341 1502 1413; x_wconf 84' lang='lat' dir='ltr'><strong>qui·</strong></span> 
     </span>
     <span class='ocr_line' id='line_1_10' title="bbox 210 1441 1485 1504; baseline -0.002 -1"><span class='ocrx_word' id='word_1_85' title='bbox 210 1443 393 1503; x_wconf 85' lang='lat' dir='ltr'><strong>statuerent</strong></span> <span class='ocrx_word' id='word_1_86' title='bbox 425 1456 489 1502; x_wconf 91' lang='lat' dir='ltr'><strong>non</strong></span> <span class='ocrx_word' id='word_1_87' title='bbox 524 1443 706 1503; x_wconf 86' lang='lat' dir='ltr'><strong>necessario</strong></span> <span class='ocrx_word' id='word_1_88' title='bbox 742 1443 775 1501; x_wconf 89' lang='lat' dir='ltr'><strong>in</strong></span> <span class='ocrx_word' id='word_1_89' title='bbox 810 1458 848 1503; x_wconf 91' lang='lat' dir='ltr'><strong>ea</strong></span> <span class='ocrx_word' id='word_1_90' title='bbox 883 1457 961 1504; x_wconf 91' lang='lat' dir='ltr'><strong>voce</strong></span> <span class='ocrx_word' id='word_1_91' title='bbox 993 1442 1101 1503; x_wconf 90' lang='lat' dir='ltr'><strong>inesse</strong></span> <span class='ocrx_word' id='word_1_92' title='bbox 1131 1455 1266 1501; x_wconf 88' lang='lat' dir='ltr'><strong>sensum</strong></span> <span class='ocrx_word' id='word_1_93' title='bbox 1290 1456 1362 1500; x_wconf 83' lang='lat' dir='ltr'><strong>cum</strong></span> <span class='ocrx_word' id='word_1_94' title='bbox 1387 1441 1485 1501; x_wconf 78' lang='lat' dir='ltr'><strong>minis</strong></span> 
     </span>
     <span class='ocr_line' id='line_1_11' title="bbox 210 1540 1484 1619; baseline -0.002 -15"><span class='ocrx_word' id='word_1_95' title='bbox 210 1543 426 1619; x_wconf 72' lang='grc' dir='ltr'><strong>λκαναπλλααιλλ,</strong></span> <span class='ocrx_word' id='word_1_96' title='bbox 450 1542 490 1604; x_wconf 82' lang='lat' dir='ltr'><strong>cf.</strong></span> <span class='ocrx_word' id='word_1_97' title='bbox 519 1547 557 1602; x_wconf 81' lang='grc' dir='ltr'><strong>Ψ.</strong></span> <span class='ocrx_word' id='word_1_98' title='bbox 579 1545 661 1617; x_wconf 85' lang='grc'><strong>337;</strong></span> <span class='ocrx_word' id='word_1_99' title='bbox 685 1543 795 1619; x_wconf 75' lang='lat' dir='ltr'><strong>hymn.</strong></span> <span class='ocrx_word' id='word_1_100' title='bbox 819 1544 853 1603; x_wconf 77' lang='lat' dir='ltr'><strong>ira</strong></span> <span class='ocrx_word' id='word_1_101' title='bbox 880 1540 944 1604; x_wconf 77' lang='lat' dir='ltr'><strong>Cer.</strong></span> <span class='ocrx_word' id='word_1_102' title='bbox 970 1542 1030 1617; x_wconf 89' lang='lat'><strong>88;</strong></span> <span class='ocrx_word' id='word_1_103' title='bbox 1055 1544 1089 1602; x_wconf 88' lang='lat' dir='ltr'><strong>et</strong></span> <span class='ocrx_word' id='word_1_104' title='bbox 1111 1541 1214 1617; x_wconf 86' lang='lat' dir='ltr'><strong>Apoll.</strong></span> <span class='ocrx_word' id='word_1_105' title='bbox 1238 1540 1312 1602; x_wconf 75' lang='lat' dir='ltr'><strong>Lea.</strong></span> <span class='ocrx_word' id='word_1_106' title='bbox 1340 1542 1413 1602; x_wconf 83' lang='lat'><strong>120.</strong></span> <span class='ocrx_word' id='word_1_107' title='bbox 1431 1543 1484 1602; x_wconf 78' lang='lat'><strong>27.</strong></span> 
     </span>
    </p>

    <p class='ocr_par' dir='ltr' id='par_1_3' title="bbox 210 1639 1493 3234">
     <span class='ocr_line' id='line_1_12' title="bbox 254 1639 1486 1724; baseline -0.002 -20"><span class='ocrx_word' id='word_1_108' title='bbox 254 1645 301 1706; x_wconf 91' lang='lat' dir='ltr'><strong>De</strong></span> <span class='ocrx_word' id='word_1_109' title='bbox 334 1645 532 1719; x_wconf 90' lang='lat' dir='ltr'><strong>pronominis</strong></span> <span class='ocrx_word' id='word_1_110' title='bbox 565 1642 706 1724; x_wconf 73' lang='grc' dir='ltr'><strong><em>σφετέρης</em></strong></span> <span class='ocrx_word' id='word_1_111' title='bbox 741 1661 815 1721; x_wconf 91' lang='lat' dir='ltr'><strong>usu,</strong></span> <span class='ocrx_word' id='word_1_112' title='bbox 850 1646 934 1718; x_wconf 90' lang='lat' dir='ltr'><strong>quod</strong></span> <span class='ocrx_word' id='word_1_113' title='bbox 968 1642 1098 1706; x_wconf 89' lang='lat' dir='ltr'><strong>adhibet</strong></span> <span class='ocrx_word' id='word_1_114' title='bbox 1133 1658 1180 1703; x_wconf 95' lang='grc' dir='ltr'><strong>νε.</strong></span> <span class='ocrx_word' id='word_1_115' title='bbox 1217 1643 1281 1703; x_wconf 83' lang='grc'><strong>233</strong></span> <span class='ocrx_word' id='word_1_116' title='bbox 1321 1639 1486 1721; x_wconf 59' lang='grc' dir='ltr'><strong>ςσφειέρης</strong></span> 
     </span>
     <span class='ocr_line' id='line_1_13' title="bbox 211 1740 1485 1823; baseline -0.003 -17"><span class='ocrx_word' id='word_1_117' title='bbox 211 1743 382 1823; x_wconf 72' lang='grc' dir='ltr'><strong><em>ἐπιλήθεται</em></strong></span> <span class='ocrx_word' id='word_1_118' title='bbox 415 1741 523 1823; x_wconf 49' lang='lat' dir='ltr'><strong>idco?</strong></span> <span class='ocrx_word' id='word_1_119' title='bbox 554 1746 670 1807; x_wconf 87' lang='lat' dir='ltr'><strong>leniter</strong></span> <span class='ocrx_word' id='word_1_120' title='bbox 700 1762 832 1807; x_wconf 89' lang='lat' dir='ltr'><strong>versum</strong></span> <span class='ocrx_word' id='word_1_121' title='bbox 863 1747 1064 1807; x_wconf 90' lang='lat' dir='ltr'><strong>homericum</strong></span> <span class='ocrx_word' id='word_1_122' title='bbox 1089 1744 1116 1806; x_wconf 85' lang='grc' dir='ltr'><strong>δ.</strong></span> <span class='ocrx_word' id='word_1_123' title='bbox 1141 1746 1205 1805; x_wconf 78' lang='lat'><strong>455</strong></span> <span class='ocrx_word' id='word_1_124' title='bbox 1233 1742 1353 1821; x_wconf 72' lang='grc' dir='ltr'><strong>,δολίης</strong></span> <span class='ocrx_word' id='word_1_125' title='bbox 1377 1740 1485 1820; x_wconf 78' lang='grc' dir='ltr'><strong>ἐπελή-</strong></span> 
     </span>
     <span class='ocr_line' id='line_1_14' title="bbox 210 1843 1487 1924; baseline 0.001 -18"><span class='ocrx_word' id='word_1_126' title='bbox 210 1852 282 1907; x_wconf 77' lang='grc' dir='ltr'><strong>θετο</strong></span> <span class='ocrx_word' id='word_1_127' title='bbox 312 1843 434 1924; x_wconf 78' lang='grc' dir='ltr'><strong>τέχνης”</strong></span> <span class='ocrx_word' id='word_1_128' title='bbox 466 1846 517 1917; x_wconf 86' lang='lat' dir='ltr'><strong>(ci.</strong></span> <span class='ocrx_word' id='word_1_129' title='bbox 540 1848 650 1924; x_wconf 75' lang='lat' dir='ltr'><strong>hymn.</strong></span> <span class='ocrx_word' id='word_1_130' title='bbox 674 1848 757 1909; x_wconf 83' lang='lat' dir='ltr'><strong>hom.</strong></span> <span class='ocrx_word' id='word_1_131' title='bbox 789 1849 824 1909; x_wconf 83' lang='grc' dir='ltr'><strong>λα</strong></span> <span class='ocrx_word' id='word_1_132' title='bbox 844 1848 936 1908; x_wconf 80' lang='lat' dir='ltr'><strong>Marc.</strong></span> <span class='ocrx_word' id='word_1_133' title='bbox 962 1862 1010 1908; x_wconf 91' lang='lat' dir='ltr'><strong>vs.</strong></span> <span class='ocrx_word' id='word_1_134' title='bbox 1038 1849 1089 1917; x_wconf 82' lang='grc'><strong>76)</strong></span> <span class='ocrx_word' id='word_1_135' title='bbox 1116 1846 1295 1922; x_wconf 78' lang='lat' dir='ltr'><strong>lumniam,</strong></span> <span class='ocrx_word' id='word_1_136' title='bbox 1323 1845 1392 1906; x_wconf 89' lang='lat' dir='ltr'><strong>iam</strong></span> <span class='ocrx_word' id='word_1_137' title='bbox 1424 1846 1487 1907; x_wconf 85' lang='lat' dir='ltr'><strong>dic·</strong></span> 
     </span>
     <span class='ocr_line' id='line_1_15' title="bbox 211 1946 1488 2026; baseline -0.002 -17"><span class='ocrx_word' id='word_1_138' title='bbox 211 1950 284 2009; x_wconf 92' lang='lat' dir='ltr'><strong>tum</strong></span> <span class='ocrx_word' id='word_1_139' title='bbox 319 1949 370 2009; x_wconf 87' lang='lat' dir='ltr'><strong>est</strong></span> <span class='ocrx_word' id='word_1_140' title='bbox 399 1963 497 2022; x_wconf 90' lang='lat' dir='ltr'><strong>supra</strong></span> <span class='ocrx_word' id='word_1_141' title='bbox 527 1951 568 2010; x_wconf 90' lang='lat' dir='ltr'><strong>ad</strong></span> <span class='ocrx_word' id='word_1_142' title='bbox 602 1966 649 2011; x_wconf 88' lang='lat' dir='ltr'><strong>vs.</strong></span> <span class='ocrx_word' id='word_1_143' title='bbox 683 1951 755 2010; x_wconf 78' lang='lat'>203.</span> <span class='ocrx_word' id='word_1_144' title='bbox 782 1949 966 2010; x_wconf 83' lang='lat' dir='ltr'><strong>—Eodem</strong></span> <span class='ocrx_word' id='word_1_145' title='bbox 1000 1963 1095 2009; x_wconf 86' lang='lat' dir='ltr'><strong>versu</strong></span> <span class='ocrx_word' id='word_1_146' title='bbox 1118 1955 1254 2026; x_wconf 78' lang='grc' dir='ltr'><strong>τεχνικῶς</strong></span> <span class='ocrx_word' id='word_1_147' title='bbox 1276 1946 1315 2008; x_wconf 91' lang='lat' dir='ltr'><strong>de</strong></span> <span class='ocrx_word' id='word_1_148' title='bbox 1339 1946 1488 2008; x_wconf 87' lang='lat' dir='ltr'><strong>custodis</strong></span> 
     </span>
     <span class='ocr_line' id='line_1_16' title="bbox 211 2047 1487 2130; baseline 0 -19"><span class='ocrx_word' id='word_1_149' title='bbox 211 2052 352 2112; x_wconf 89' lang='lat' dir='ltr'><strong>statione</strong></span> <span class='ocrx_word' id='word_1_150' title='bbox 386 2047 480 2130; x_wconf 77' lang='grc' dir='ltr'><strong>ἕδρη</strong></span> <span class='ocrx_word' id='word_1_151' title='bbox 514 2051 602 2128; x_wconf 90' lang='lat' dir='ltr'><strong>dicit,</strong></span> <span class='ocrx_word' id='word_1_152' title='bbox 637 2053 721 2126; x_wconf 90' lang='lat' dir='ltr'><strong>quod</strong></span> <span class='ocrx_word' id='word_1_153' title='bbox 754 2053 838 2114; x_wconf 91' lang='lat' dir='ltr'><strong>unde</strong></span> <span class='ocrx_word' id='word_1_154' title='bbox 869 2053 987 2113; x_wconf 88' lang='lat' dir='ltr'><strong>habeat</strong></span> <span class='ocrx_word' id='word_1_155' title='bbox 1018 2051 1167 2124; x_wconf 89' lang='lat' dir='ltr'><strong>equidem</strong></span> <span class='ocrx_word' id='word_1_156' title='bbox 1190 2049 1311 2124; x_wconf 84' lang='lat' dir='ltr'><strong>ignoro,</strong></span> <span class='ocrx_word' id='word_1_157' title='bbox 1335 2050 1368 2109; x_wconf 90' lang='lat' dir='ltr'><strong>in</strong></span> <span class='ocrx_word' id='word_1_158' title='bbox 1393 2051 1487 2125; x_wconf 88' lang='lat' dir='ltr'><strong>opica</strong></span> 
     </span>
     <span class='ocr_line' id='line_1_17' title="bbox 212 2150 1493 2227; baseline -0.002 -13"><span class='ocrx_word' id='word_1_159' title='bbox 212 2153 350 2214; x_wconf 88' lang='lat' dir='ltr'><strong>dictione</strong></span> <span class='ocrx_word' id='word_1_160' title='bbox 380 2154 467 2213; x_wconf 86' lang='lat' dir='ltr'><strong>certe</strong></span> <span class='ocrx_word' id='word_1_161' title='bbox 498 2153 662 2214; x_wconf 91' lang='lat' dir='ltr'><strong>novicium</strong></span> <span class='ocrx_word' id='word_1_162' title='bbox 686 2156 746 2216; x_wconf 89' lang='lat' dir='ltr'><strong>est.</strong></span> <span class='ocrx_word' id='word_1_163' title='bbox 775 2188 814 2198; x_wconf 88' lang='lat'>-</span> <span class='ocrx_word' id='word_1_164' title='bbox 839 2154 984 2227; x_wconf 81' lang='lat' dir='ltr'><strong>Sequens</strong></span> <span class='ocrx_word' id='word_1_165' title='bbox 1009 2168 1083 2214; x_wconf 85' lang='lat' dir='ltr'><strong>vero</strong></span> <span class='ocrx_word' id='word_1_166' title='bbox 1108 2166 1222 2213; x_wconf 89' lang='lat' dir='ltr'><strong>versus</strong></span> <span class='ocrx_word' id='word_1_167' title='bbox 1245 2153 1283 2211; x_wconf 93' lang='lat' dir='ltr'><strong>ut</strong></span> <span class='ocrx_word' id='word_1_168' title='bbox 1306 2150 1415 2211; x_wconf 89' lang='lat' dir='ltr'><strong>verbis</strong></span> <span class='ocrx_word' id='word_1_169' title='bbox 1439 2150 1493 2212; x_wconf 84' lang='lat' dir='ltr'><strong>ita&#39;</strong></span> 
     </span>
     <span class='ocr_line' id='line_1_18' title="bbox 212 2252 1487 2331; baseline -0.002 -17"><span class='ocrx_word' id='word_1_170' title='bbox 212 2270 247 2315; x_wconf 90' lang='lat' dir='ltr'><strong>re</strong></span> <span class='ocrx_word' id='word_1_171' title='bbox 282 2254 322 2314; x_wconf 93' lang='lat' dir='ltr'><strong>ab</strong></span> <span class='ocrx_word' id='word_1_172' title='bbox 357 2255 489 2327; x_wconf 90' lang='lat' dir='ltr'><strong>antiquo</strong></span> <span class='ocrx_word' id='word_1_173' title='bbox 521 2269 671 2317; x_wconf 89' lang='lat' dir='ltr'><strong>sermone</strong></span> <span class='ocrx_word' id='word_1_174' title='bbox 705 2256 855 2317; x_wconf 87' lang='lat' dir='ltr'><strong>deflect&#39;t.</strong></span> <span class='ocrx_word' id='word_1_175' title='bbox 894 2254 1105 2331; x_wconf 71' lang='lat' dir='ltr'><strong>soporiferam</strong></span> <span class='ocrx_word' id='word_1_176' title='bbox 1136 2254 1223 2315; x_wconf 89' lang='lat' dir='ltr'><strong>enim</strong></span> <span class='ocrx_word' id='word_1_177' title='bbox 1250 2252 1362 2314; x_wconf 82' lang='lat' dir='ltr'><strong>Somni</strong></span> <span class='ocrx_word' id='word_1_178' title='bbox 1385 2253 1487 2328; x_wconf 80' lang='grc' dir='ltr'><strong>αλαικ,</strong></span> 
     </span>
     <span class='ocr_line' id='line_1_19' title="bbox 213 2355 1486 2432; baseline 0 -15"><span class='ocrx_word' id='word_1_179' title='bbox 213 2371 288 2417; x_wconf 86' lang='lat' dir='ltr'><strong>cum</strong></span> <span class='ocrx_word' id='word_1_180' title='bbox 311 2370 352 2416; x_wconf 90' lang='lat' dir='ltr'><strong>ne</strong></span> <span class='ocrx_word' id='word_1_181' title='bbox 375 2356 500 2416; x_wconf 86' lang='lat' dir='ltr'><strong>alatum</strong></span> <span class='ocrx_word' id='word_1_182' title='bbox 523 2357 654 2429; x_wconf 90' lang='lat' dir='ltr'><strong>quidem</strong></span> <span class='ocrx_word' id='word_1_183' title='bbox 677 2359 803 2419; x_wconf 86' lang='lat' dir='ltr'><strong>noverit</strong></span> <span class='ocrx_word' id='word_1_184' title='bbox 827 2358 989 2419; x_wconf 87' lang='lat' dir='ltr'><strong>Homerus</strong></span> <span class='ocrx_word' id='word_1_185' title='bbox 1012 2371 1175 2432; x_wconf 88' lang='lat' dir='ltr'><strong>somnum,</strong></span> <span class='ocrx_word' id='word_1_186' title='bbox 1198 2370 1295 2416; x_wconf 91' lang='lat' dir='ltr'><strong>nemo</strong></span> <span class='ocrx_word' id='word_1_187' title='bbox 1317 2355 1352 2414; x_wconf 91' lang='lat' dir='ltr'><strong>in</strong></span> <span class='ocrx_word' id='word_1_188' title='bbox 1374 2355 1486 2417; x_wconf 90' lang='lat' dir='ltr'><strong>home·</strong></span> 
     </span>
     <span class='ocr_line' id='line_1_20' title="bbox 213 2457 1489 2533; baseline 0.001 -15"><span class='ocrx_word' id='word_1_189' title='bbox 213 2457 289 2518; x_wconf 93' lang='lat' dir='ltr'><strong>ricis</strong></span> <span class='ocrx_word' id='word_1_190' title='bbox 311 2459 454 2530; x_wconf 86' lang='lat' dir='ltr'><strong>quaeret.</strong></span> <span class='ocrx_word' id='word_1_191' title='bbox 479 2458 541 2519; x_wconf 87' lang='lat' dir='ltr'><strong>Sed</strong></span> <span class='ocrx_word' id='word_1_192' title='bbox 564 2458 737 2519; x_wconf 87' lang='lat' dir='ltr'><strong>mittamus</strong></span> <span class='ocrx_word' id='word_1_193' title='bbox 767 2459 919 2533; x_wconf 82' lang='lat' dir='ltr'><strong>indagare</strong></span> <span class='ocrx_word' id='word_1_194' title='bbox 942 2458 1015 2532; x_wconf 94' lang='lat' dir='ltr'><strong>quis</strong></span> <span class='ocrx_word' id='word_1_195' title='bbox 1044 2458 1129 2518; x_wconf 89' lang='lat' dir='ltr'><strong>inter</strong></span> <span class='ocrx_word' id='word_1_196' title='bbox 1151 2457 1350 2531; x_wconf 86' lang='lat' dir='ltr'><strong>antiquiores</strong></span> <span class='ocrx_word' id='word_1_197' title='bbox 1371 2459 1489 2531; x_wconf 85' lang='lat' dir='ltr'><strong>poetas</strong></span> 
     </span>
     <span class='ocr_line' id='line_1_21' title="bbox 214 2558 1489 2636; baseline 0.002 -18"><span class='ocrx_word' id='word_1_198' title='bbox 214 2558 275 2619; x_wconf 92' lang='lat' dir='ltr'><strong>alis</strong></span> <span class='ocrx_word' id='word_1_199' title='bbox 297 2559 422 2634; x_wconf 92' lang='lat' dir='ltr'><strong>primus</strong></span> <span class='ocrx_word' id='word_1_200' title='bbox 441 2559 548 2620; x_wconf 91' lang='lat' dir='ltr'><strong>somni</strong></span> <span class='ocrx_word' id='word_1_201' title='bbox 568 2560 665 2620; x_wconf 90' lang='lat' dir='ltr'><strong>deum</strong></span> <span class='ocrx_word' id='word_1_202' title='bbox 685 2560 863 2635; x_wconf 86' lang='lat' dir='ltr'><strong>omaverit;</strong></span> <span class='ocrx_word' id='word_1_203' title='bbox 888 2574 1040 2634; x_wconf 87' lang='lat' dir='ltr'><strong>quaerere</strong></span> <span class='ocrx_word' id='word_1_204' title='bbox 1053 2561 1207 2636; x_wconf 89' lang='lat' dir='ltr'><strong>praestat,</strong></span> <span class='ocrx_word' id='word_1_205' title='bbox 1228 2558 1359 2621; x_wconf 89' lang='lat' dir='ltr'><strong>cuinam</strong></span> <span class='ocrx_word' id='word_1_206' title='bbox 1371 2561 1489 2634; x_wconf 85' lang='lat' dir='ltr'><strong>poetae</strong></span> 
     </span>
     <span class='ocr_line' id='line_1_22' title="bbox 212 2658 1489 2748; baseline -0.001 -26"><span class='ocrx_word' id='word_1_207' title='bbox 212 2663 325 2722; x_wconf 90' lang='lat' dir='ltr'><strong>noster</strong></span> <span class='ocrx_word' id='word_1_208' title='bbox 346 2660 461 2748; x_wconf 87' lang='lat' dir='ltr'><strong>debeat</strong></span> <span class='ocrx_word' id='word_1_209' title='bbox 482 2661 561 2722; x_wconf 89' lang='lat' dir='ltr'><strong>illud</strong></span> <span class='ocrx_word' id='word_1_210' title='bbox 592 2665 767 2739; x_wconf 77' lang='grc' dir='ltr'><strong>ληθοῖον</strong></span> <span class='ocrx_word' id='word_1_211' title='bbox 800 2660 953 2741; x_wconf 76' lang='grc' dir='ltr'><strong>πικρόν.</strong></span> <span class='ocrx_word' id='word_1_212' title='bbox 975 2661 1070 2722; x_wconf 87' lang='lat' dir='ltr'><strong>Haud</strong></span> <span class='ocrx_word' id='word_1_213' title='bbox 1097 2661 1314 2735; x_wconf 86' lang='lat' dir='ltr'><strong>indignabitur</strong></span> <span class='ocrx_word' id='word_1_214' title='bbox 1337 2658 1489 2721; x_wconf 86' lang='lat' dir='ltr'><strong>callima-</strong></span> 
     </span>
     <span class='ocr_line' id='line_1_23' title="bbox 212 2762 1489 2837; baseline -0.001 -12"><span class='ocrx_word' id='word_1_215' title='bbox 212 2763 293 2825; x_wconf 91' lang='lat' dir='ltr'><strong>chus</strong></span> <span class='ocrx_word' id='word_1_216' title='bbox 323 2763 352 2823; x_wconf 89' lang='lat' dir='ltr'><strong>si</strong></span> <span class='ocrx_word' id='word_1_217' title='bbox 382 2765 616 2824; x_wconf 88' lang='lat' dir='ltr'><strong>contendamus</strong></span> <span class='ocrx_word' id='word_1_218' title='bbox 650 2779 726 2825; x_wconf 91' lang='lat' dir='ltr'><strong>eum</strong></span> <span class='ocrx_word' id='word_1_219' title='bbox 757 2765 817 2826; x_wconf 89' lang='lat' dir='ltr'><strong>hoc</strong></span> <span class='ocrx_word' id='word_1_220' title='bbox 848 2764 917 2825; x_wconf 91' lang='lat' dir='ltr'><strong>loco</strong></span> <span class='ocrx_word' id='word_1_221' title='bbox 949 2763 1122 2824; x_wconf 88' lang='lat' dir='ltr'><strong>miscuisse</strong></span> <span class='ocrx_word' id='word_1_222' title='bbox 1145 2762 1363 2837; x_wconf 86' lang='lat' dir='ltr'><strong>Lycophronis</strong></span> <span class='ocrx_word' id='word_1_223' title='bbox 1387 2764 1489 2824; x_wconf 88' lang='lat' dir='ltr'><strong>verba</strong></span> 
     </span>
     <span class='ocr_line' id='line_1_24' title="bbox 214 2864 1488 2940; baseline -0.001 -13"><span class='ocrx_word' id='word_1_224' title='bbox 214 2865 396 2927; x_wconf 84' lang='lat' dir='ltr'><strong>homericis</strong></span> <span class='ocrx_word' id='word_1_225' title='bbox 417 2865 582 2940; x_wconf 88' lang='lat' dir='ltr'><strong>Lycophro</strong></span> <span class='ocrx_word' id='word_1_226' title='bbox 603 2867 691 2928; x_wconf 89' lang='lat' dir='ltr'><strong>enim</strong></span> <span class='ocrx_word' id='word_1_227' title='bbox 712 2883 760 2928; x_wconf 87' lang='lat' dir='ltr'><strong>vs.</strong></span> <span class='ocrx_word' id='word_1_228' title='bbox 783 2868 867 2928; x_wconf 78' lang='lat'>1127</span> <span class='ocrx_word' id='word_1_229' title='bbox 888 2866 1046 2927; x_wconf 87' lang='lat' dir='ltr'><strong>adiectivo</strong></span> <span class='ocrx_word' id='word_1_230' title='bbox 1065 2880 1130 2926; x_wconf 90' lang='lat' dir='ltr'><strong>non</strong></span> <span class='ocrx_word' id='word_1_231' title='bbox 1149 2864 1366 2926; x_wconf 84' lang='lat' dir='ltr'><strong>usitatissimo</strong></span> <span class='ocrx_word' id='word_1_232' title='bbox 1379 2864 1488 2925; x_wconf 74' lang='grc' dir='ltr'><strong>σκότον</strong></span> 
     </span>
     <span class='ocr_line' id='line_1_25' title="bbox 214 2965 1486 3046; baseline -0.001 -17"><span class='ocrx_word' id='word_1_233' title='bbox 214 2969 341 3029; x_wconf 88' lang='lat' dir='ltr'><strong>dixerat</strong></span> <span class='ocrx_word' id='word_1_234' title='bbox 359 2971 497 3046; x_wconf 79' lang='grc' dir='ltr'><strong>ληθοῖον.</strong></span> <span class='ocrx_word' id='word_1_235' title='bbox 517 2969 685 3030; x_wconf 88' lang='lat' dir='ltr'><strong>Mutuatus</strong></span> <span class='ocrx_word' id='word_1_236' title='bbox 700 2969 740 3029; x_wconf 91' lang='lat' dir='ltr'><strong>ab</strong></span> <span class='ocrx_word' id='word_1_237' title='bbox 758 2983 795 3029; x_wconf 89' lang='lat' dir='ltr'><strong>eo</strong></span> <span class='ocrx_word' id='word_1_238' title='bbox 807 2968 894 3028; x_wconf 87' lang='lat' dir='ltr'><strong>illud</strong></span> <span class='ocrx_word' id='word_1_239' title='bbox 914 2967 1112 3028; x_wconf 89' lang='lat' dir='ltr'><strong>adieetivum</strong></span> <span class='ocrx_word' id='word_1_240' title='bbox 1130 2965 1348 3027; x_wconf 76' lang='lat' dir='ltr'><strong>Callimachus</strong></span> <span class='ocrx_word' id='word_1_241' title='bbox 1362 2968 1486 3044; x_wconf 89' lang='lat' dir='ltr'><strong>tamen,</strong></span> 
     </span>
     <span class='ocr_line' id='line_1_26' title="bbox 214 3067 1488 3147; baseline -0.002 -15"><span class='ocrx_word' id='word_1_242' title='bbox 214 3085 290 3132; x_wconf 91' lang='lat' dir='ltr'><strong>cum</strong></span> <span class='ocrx_word' id='word_1_243' title='bbox 313 3069 401 3130; x_wconf 90' lang='lat' dir='ltr'><strong>alam</strong></span> <span class='ocrx_word' id='word_1_244' title='bbox 424 3069 536 3131; x_wconf 79' lang='lat' dir='ltr'><strong>Sorani</strong></span> <span class='ocrx_word' id='word_1_245' title='bbox 556 3073 686 3147; x_wconf 78' lang='grc' dir='ltr'><strong>ληθοῖον</strong></span> <span class='ocrx_word' id='word_1_246' title='bbox 710 3071 830 3131; x_wconf 88' lang='lat' dir='ltr'><strong>diceret</strong></span> <span class='ocrx_word' id='word_1_247' title='bbox 852 3070 951 3130; x_wconf 89' lang='lat' dir='ltr'><strong>simul</strong></span> <span class='ocrx_word' id='word_1_248' title='bbox 974 3068 1210 3143; x_wconf 87' lang='lat' dir='ltr'><strong>recordabatur,</strong></span> <span class='ocrx_word' id='word_1_249' title='bbox 1235 3067 1353 3141; x_wconf 90' lang='lat' dir='ltr'><strong>quibus</strong></span> <span class='ocrx_word' id='word_1_250' title='bbox 1378 3069 1488 3130; x_wconf 87' lang='lat' dir='ltr'><strong>verbis</strong></span> 
     </span>
     <span class='ocr_line' id='line_1_27' title="bbox 214 3170 1007 3234; baseline -0.001 -2"><span class='ocrx_word' id='word_1_251' title='bbox 214 3171 378 3232; x_wconf 90' lang='lat' dir='ltr'><strong>Homerus</strong></span> <span class='ocrx_word' id='word_1_252' title='bbox 400 3195 427 3232; x_wconf 88' lang='grc' dir='ltr'><strong>ο.</strong></span> <span class='ocrx_word' id='word_1_253' title='bbox 452 3172 494 3233; x_wconf 81' lang='lat'><strong>85</strong></span> <span class='ocrx_word' id='word_1_254' title='bbox 515 3172 682 3234; x_wconf 88' lang='lat' dir='ltr'><strong>laudasset</strong></span> <span class='ocrx_word' id='word_1_255' title='bbox 704 3172 812 3233; x_wconf 88' lang='lat' dir='ltr'><strong>somni</strong></span> <span class='ocrx_word' id='word_1_256' title='bbox 835 3170 1007 3232; x_wconf 87' lang='lat' dir='ltr'><strong>beneficia:</strong></span> 
     </span>
    </p>

    <p class='ocr_par' dir='ltr' id='par_1_4' title="bbox 458 3267 1306 3456">
     <span class='ocr_line' id='line_1_28' title="bbox 767 3267 1244 3353; baseline -0.01 -19"><span class='ocrx_word' id='word_1_257' title='bbox 767 3268 784 3334; x_wconf 80' lang='grc' dir='ltr'>ὃ</span> <span class='ocrx_word' id='word_1_258' title='bbox 806 3272 862 3353; x_wconf 80' lang='grc' dir='ltr'><strong>γάρ</strong></span> <span class='ocrx_word' id='word_1_259' title='bbox 885 3267 905 3332; x_wconf 85' lang='grc' dir='ltr'><strong>τ’</strong></span> <span class='ocrx_word' id='word_1_260' title='bbox 932 3270 1071 3350; x_wconf 77' lang='grc' dir='ltr'><strong>ἐπέλησεν</strong></span> <span class='ocrx_word' id='word_1_261' title='bbox 1093 3267 1244 3348; x_wconf 79' lang='grc' dir='ltr'><strong>ἁπάντων,</strong></span> 
     </span>
     <span class='ocr_line' id='line_1_29' title="bbox 458 3368 1306 3456; baseline -0.005 -21"><span class='ocrx_word' id='word_1_262' title='bbox 458 3372 575 3436; x_wconf 77' lang='grc' dir='ltr'><strong>ἐσθλῶν</strong></span> <span class='ocrx_word' id='word_1_263' title='bbox 597 3371 650 3454; x_wconf 73' lang='grc' dir='ltr'><strong>ἠδὲ</strong></span> <span class='ocrx_word' id='word_1_264' title='bbox 673 3383 783 3452; x_wconf 80' lang='grc' dir='ltr'><strong>κακῶν,</strong></span> <span class='ocrx_word' id='word_1_265' title='bbox 806 3372 868 3436; x_wconf 75' lang='grc' dir='ltr'><strong>ἐπεὶ</strong></span> <span class='ocrx_word' id='word_1_266' title='bbox 890 3371 927 3455; x_wconf 75' lang='lat' dir='ltr'><strong>tp</strong></span> <span class='ocrx_word' id='word_1_267' title='bbox 950 3368 1070 3454; x_wconf 76' lang='grc' dir='ltr'><strong>βλέφαρ’</strong></span> <span class='ocrx_word' id='word_1_268' title='bbox 1096 3370 1306 3456; x_wconf 73' lang='grc' dir='ltr'><strong>ἀμφικαλύψῃ.</strong></span> 
     </span>
    </p>

    <p class='ocr_par' dir='ltr' id='par_1_5' title="bbox 213 3475 1487 3658">
     <span class='ocr_line' id='line_1_30' title="bbox 258 3475 1487 3558; baseline 0 -23"><span class='ocrx_word' id='word_1_269' title='bbox 258 3476 304 3536; x_wconf 91' lang='lat' dir='ltr'><strong>De</strong></span> <span class='ocrx_word' id='word_1_270' title='bbox 336 3478 431 3538; x_wconf 87' lang='lat' dir='ltr'><strong>verbo</strong></span> <span class='ocrx_word' id='word_1_271' title='bbox 458 3475 630 3558; x_wconf 81' lang='grc' dir='ltr'><strong>ἐρείδειν</strong></span> <span class='ocrx_word' id='word_1_272' title='bbox 662 3477 797 3538; x_wconf 79' lang='lat' dir='ltr'><strong>conferri</strong></span> <span class='ocrx_word' id='word_1_273' title='bbox 823 3478 931 3552; x_wconf 88' lang='lat' dir='ltr'><strong>potest</strong></span> <span class='ocrx_word' id='word_1_274' title='bbox 964 3477 1049 3551; x_wconf 95' lang='lat' dir='ltr'><strong>quod</strong></span> <span class='ocrx_word' id='word_1_275' title='bbox 1073 3475 1226 3537; x_wconf 84' lang='lat' dir='ltr'><strong>adnotavi</strong></span> <span class='ocrx_word' id='word_1_276' title='bbox 1248 3490 1320 3551; x_wconf 82' lang='lat' dir='ltr'><strong>pag.</strong></span> <span class='ocrx_word' id='word_1_277' title='bbox 1342 3476 1414 3536; x_wconf 83' lang='lat'>138.</span> <span class='ocrx_word' id='word_1_278' title='bbox 1440 3476 1487 3536; x_wconf 90' lang='lat' dir='ltr'><strong>De</strong></span> 
     </span>
     <span class='ocr_line' id='line_1_31' title="bbox 213 3576 1198 3658; baseline 0.003 -22"><span class='ocrx_word' id='word_1_279' title='bbox 213 3577 418 3639; x_wconf 86' lang='lat' dir='ltr'><strong>substantivo</strong></span> <span class='ocrx_word' id='word_1_280' title='bbox 441 3576 547 3658; x_wconf 77' lang='grc' dir='ltr'><strong>γλοχὶν</strong></span> <span class='ocrx_word' id='word_1_281' title='bbox 569 3579 692 3639; x_wconf 91' lang='lat' dir='ltr'><strong>dictum</strong></span> <span class='ocrx_word' id='word_1_282' title='bbox 720 3579 771 3639; x_wconf 90' lang='lat' dir='ltr'><strong>est</strong></span> <span class='ocrx_word' id='word_1_283' title='bbox 794 3579 835 3639; x_wconf 87' lang='lat' dir='ltr'><strong>ad</strong></span> <span class='ocrx_word' id='word_1_284' title='bbox 858 3578 912 3638; x_wconf 83' lang='lat' dir='ltr'><strong>IV.</strong></span> <span class='ocrx_word' id='word_1_285' title='bbox 938 3579 978 3638; x_wconf 88' lang='lat'><strong>31</strong></span> <span class='ocrx_word' id='word_1_286' title='bbox 1003 3583 1086 3653; x_wconf 82' lang='lat' dir='ltr'><strong>(pag.</strong></span> <span class='ocrx_word' id='word_1_287' title='bbox 1114 3579 1198 3649; x_wconf 83' lang='grc'><strong>119).</strong></span> 
     </span>
    </p>

    <p class='ocr_par' dir='ltr' id='par_1_6' title="bbox 211 3675 1488 4679">
     <span class='ocr_line' id='line_1_32' title="bbox 259 3675 1487 3755; baseline -0.001 -17"><span class='ocrx_word' id='word_1_288' title='bbox 259 3679 346 3755; x_wconf 82' lang='lat' dir='ltr'><strong>Quae</strong></span> <span class='ocrx_word' id='word_1_289' title='bbox 375 3682 501 3742; x_wconf 88' lang='lat' dir='ltr'><strong>restant</strong></span> <span class='ocrx_word' id='word_1_290' title='bbox 527 3681 668 3742; x_wconf 87' lang='lat' dir='ltr'><strong>breviter</strong></span> <span class='ocrx_word' id='word_1_291' title='bbox 698 3680 875 3742; x_wconf 87' lang='lat' dir='ltr'><strong>absolvam.</strong></span> <span class='ocrx_word' id='word_1_292' title='bbox 900 3681 982 3741; x_wconf 92' lang='lat' dir='ltr'><strong>Nam</strong></span> <span class='ocrx_word' id='word_1_293' title='bbox 1009 3676 1180 3740; x_wconf 74' lang='grc' dir='ltr'><strong>ἀποκλίνειν</strong></span> <span class='ocrx_word' id='word_1_294' title='bbox 1203 3681 1237 3741; x_wconf 90' lang='lat' dir='ltr'><strong>et</strong></span> <span class='ocrx_word' id='word_1_295' title='bbox 1270 3675 1487 3740; x_wconf 75' lang='grc' dir='ltr'><strong>ἀποκλίνεσθιιι</strong></span> 
     </span>
     <span class='ocr_line' id='line_1_33' title="bbox 213 3777 1486 3859; baseline 0 -18"><span class='ocrx_word' id='word_1_296' title='bbox 213 3796 311 3856; x_wconf 92' lang='lat' dir='ltr'><strong>supra</strong></span> <span class='ocrx_word' id='word_1_297' title='bbox 340 3783 381 3843; x_wconf 88' lang='lat' dir='ltr'><strong>ad</strong></span> <span class='ocrx_word' id='word_1_298' title='bbox 413 3797 462 3844; x_wconf 87' lang='lat' dir='ltr'><strong>vs.</strong></span> <span class='ocrx_word' id='word_1_299' title='bbox 491 3784 554 3845; x_wconf 81' lang='lat'><strong>209</strong></span> <span class='ocrx_word' id='word_1_300' title='bbox 587 3783 742 3858; x_wconf 85' lang='lat' dir='ltr'><strong>tractavi;</strong></span> <span class='ocrx_word' id='word_1_301' title='bbox 767 3783 926 3858; x_wconf 87' lang='lat' dir='ltr'><strong>pluralem</strong></span> <span class='ocrx_word' id='word_1_302' title='bbox 950 3797 1125 3843; x_wconf 90' lang='lat' dir='ltr'><strong>numerum</strong></span> <span class='ocrx_word' id='word_1_303' title='bbox 1154 3777 1333 3859; x_wconf 78' lang='grc' dir='ltr'><strong>καρήατα</strong></span> <span class='ocrx_word' id='word_1_304' title='bbox 1356 3780 1396 3841; x_wconf 95' lang='lat' dir='ltr'><strong>de</strong></span> <span class='ocrx_word' id='word_1_305' title='bbox 1419 3795 1486 3842; x_wconf 93' lang='lat' dir='ltr'><strong>uno</strong></span> 
     </span>
     <span class='ocr_line' id='line_1_34' title="bbox 213 3881 1486 3960; baseline 0.001 -18"><span class='ocrx_word' id='word_1_306' title='bbox 213 3883 317 3957; x_wconf 89' lang='lat' dir='ltr'><strong>capite</strong></span> <span class='ocrx_word' id='word_1_307' title='bbox 337 3884 460 3945; x_wconf 87' lang='lat' dir='ltr'><strong>dictum</strong></span> <span class='ocrx_word' id='word_1_308' title='bbox 474 3919 513 3929; x_wconf 91' lang='lat'>-</span> <span class='ocrx_word' id='word_1_309' title='bbox 528 3886 583 3959; x_wconf 88' lang='lat' dir='ltr'><strong>qui</strong></span> <span class='ocrx_word' id='word_1_310' title='bbox 601 3900 681 3945; x_wconf 88' lang='lat' dir='ltr'><strong>usus</strong></span> <span class='ocrx_word' id='word_1_311' title='bbox 699 3885 891 3960; x_wconf 88' lang='lat' dir='ltr'><strong>praesertim</strong></span> <span class='ocrx_word' id='word_1_312' title='bbox 905 3885 1088 3958; x_wconf 81' lang='lat' dir='ltr'><strong>tragoediae</strong></span> <span class='ocrx_word' id='word_1_313' title='bbox 1100 3885 1151 3945; x_wconf 86' lang='lat' dir='ltr'><strong>est</strong></span> <span class='ocrx_word' id='word_1_314' title='bbox 1162 3881 1309 3958; x_wconf 90' lang='lat' dir='ltr'><strong>proprius</strong></span> <span class='ocrx_word' id='word_1_315' title='bbox 1322 3915 1363 3925; x_wconf 92' lang='lat'><em>-</em></span> <span class='ocrx_word' id='word_1_316' title='bbox 1376 3897 1486 3943; x_wconf 88' lang='lat' dir='ltr'><strong>exem·</strong></span> 
     </span>
     <span class='ocr_line' id='line_1_35' title="bbox 213 3982 1486 4061; baseline 0.004 -18"><span class='ocrx_word' id='word_1_317' title='bbox 213 3983 275 4060; x_wconf 91' lang='lat' dir='ltr'><strong>plis</strong></span> <span class='ocrx_word' id='word_1_318' title='bbox 305 3984 482 4046; x_wconf 87' lang='lat' dir='ltr'><strong>illustravit</strong></span> <span class='ocrx_word' id='word_1_319' title='bbox 513 3986 743 4061; x_wconf 84' lang='lat' dir='ltr'><strong>Schneiderus;</strong></span> <span class='ocrx_word' id='word_1_320' title='bbox 767 3987 977 4048; x_wconf 85' lang='lat' dir='ltr'><strong>accusativus</strong></span> <span class='ocrx_word' id='word_1_321' title='bbox 999 3985 1054 4046; x_wconf 92' lang='lat' dir='ltr'><strong>ille</strong></span> <span class='ocrx_word' id='word_1_322' title='bbox 1077 3982 1228 4045; x_wconf 71' lang='lat' dir='ltr'><strong>toedio</strong></span> <span class='ocrx_word' id='word_1_323' title='bbox 1251 3984 1396 4046; x_wconf 79' lang='lat' dir='ltr'><strong>adverbii</strong></span> <span class='ocrx_word' id='word_1_324' title='bbox 1414 3984 1486 4047; x_wconf 91' lang='lat' dir='ltr'><strong>loco</strong></span> 
     </span>
     <span class='ocr_line' id='line_1_36' title="bbox 212 4086 1486 4164; baseline 0.002 -19"><span class='ocrx_word' id='word_1_325' title='bbox 212 4086 348 4162; x_wconf 89' lang='lat' dir='ltr'><strong>positus,</strong></span> <span class='ocrx_word' id='word_1_326' title='bbox 380 4089 449 4148; x_wconf 90' lang='lat' dir='ltr'><strong>tam</strong></span> <span class='ocrx_word' id='word_1_327' title='bbox 480 4088 632 4162; x_wconf 85' lang='lat' dir='ltr'><strong>frequens</strong></span> <span class='ocrx_word' id='word_1_328' title='bbox 654 4089 688 4149; x_wconf 89' lang='lat' dir='ltr'><strong>in</strong></span> <span class='ocrx_word' id='word_1_329' title='bbox 712 4088 854 4150; x_wconf 87' lang='lat' dir='ltr'><strong>Homero</strong></span> <span class='ocrx_word' id='word_1_330' title='bbox 878 4089 939 4164; x_wconf 87' lang='lat' dir='ltr'><strong>est,</strong></span> <span class='ocrx_word' id='word_1_331' title='bbox 964 4089 1002 4148; x_wconf 88' lang='lat' dir='ltr'><strong>ut</strong></span> <span class='ocrx_word' id='word_1_332' title='bbox 1024 4086 1175 4162; x_wconf 89' lang='lat' dir='ltr'><strong>exempla</strong></span> <span class='ocrx_word' id='word_1_333' title='bbox 1198 4087 1313 4147; x_wconf 85' lang='lat' dir='ltr'><strong>afferre</strong></span> <span class='ocrx_word' id='word_1_334' title='bbox 1336 4086 1486 4162; x_wconf 91' lang='lat' dir='ltr'><strong>ineptum</strong></span> 
     </span>
     <span class='ocr_line' id='line_1_37' title="bbox 213 4187 1488 4270; baseline 0.004 -22"><span class='ocrx_word' id='word_1_335' title='bbox 213 4188 266 4250; x_wconf 88' lang='lat' dir='ltr'><strong>sit.</strong></span> <span class='ocrx_word' id='word_1_336' title='bbox 282 4222 322 4232; x_wconf 98' lang='lat'>—</span> <span class='ocrx_word' id='word_1_337' title='bbox 333 4189 538 4251; x_wconf 83' lang='lat' dir='ltr'><strong>Adiectivum</strong></span> <span class='ocrx_word' id='word_1_338' title='bbox 559 4187 717 4269; x_wconf 80' lang='grc' dir='ltr'><strong>λέχριος</strong></span> <span class='ocrx_word' id='word_1_339' title='bbox 736 4191 847 4251; x_wconf 89' lang='lat' dir='ltr'><strong>minus</strong></span> <span class='ocrx_word' id='word_1_340' title='bbox 859 4190 1030 4264; x_wconf 82' lang='lat' dir='ltr'><strong>vulgatum</strong></span> <span class='ocrx_word' id='word_1_341' title='bbox 1042 4191 1093 4251; x_wconf 87' lang='lat' dir='ltr'><strong>est</strong></span> <span class='ocrx_word' id='word_1_342' title='bbox 1105 4204 1184 4250; x_wconf 90' lang='lat' dir='ltr'><strong>sane</strong></span> <span class='ocrx_word' id='word_1_343' title='bbox 1195 4205 1295 4264; x_wconf 92' lang='lat' dir='ltr'><strong>quam</strong></span> <span class='ocrx_word' id='word_1_344' title='bbox 1307 4189 1442 4270; x_wconf 75' lang='grc' dir='ltr'><strong>πλάγιος,</strong></span> <span class='ocrx_word' id='word_1_345' title='bbox 1453 4193 1488 4253; x_wconf 91' lang='lat' dir='ltr'><strong>et</strong></span> 
     </span>
     <span class='ocr_line' id='line_1_38' title="bbox 211 4290 1485 4368; baseline 0.003 -18"><span class='ocrx_word' id='word_1_346' title='bbox 211 4290 297 4351; x_wconf 91' lang='lat' dir='ltr'><strong>haud</strong></span> <span class='ocrx_word' id='word_1_347' title='bbox 321 4293 444 4353; x_wconf 90' lang='lat' dir='ltr'><strong>temere</strong></span> <span class='ocrx_word' id='word_1_348' title='bbox 464 4293 701 4368; x_wconf 87' lang='lat' dir='ltr'><strong>suspicabimur</strong></span> <span class='ocrx_word' id='word_1_349' title='bbox 728 4293 807 4354; x_wconf 88' lang='lat' dir='ltr'><strong>illud</strong></span> <span class='ocrx_word' id='word_1_350' title='bbox 831 4293 1055 4368; x_wconf 86' lang='lat' dir='ltr'><strong>suppeditasse</strong></span> <span class='ocrx_word' id='word_1_351' title='bbox 1079 4292 1273 4353; x_wconf 89' lang='lat' dir='ltr'><strong>vocabulum</strong></span> <span class='ocrx_word' id='word_1_352' title='bbox 1292 4291 1485 4368; x_wconf 88' lang='lat' dir='ltr'><strong>Xenophon·</strong></span> 
     </span>
     <span class='ocr_line' id='line_1_39' title="bbox 212 4394 1487 4472; baseline 0.005 -20"><span class='ocrx_word' id='word_1_353' title='bbox 212 4395 256 4452; x_wconf 86' lang='lat' dir='ltr'><strong>tis</strong></span> <span class='ocrx_word' id='word_1_354' title='bbox 294 4394 333 4454; x_wconf 88' lang='lat' dir='ltr'><strong>de</strong></span> <span class='ocrx_word' id='word_1_355' title='bbox 371 4394 550 4456; x_wconf 89' lang='lat' dir='ltr'><strong>Venatione</strong></span> <span class='ocrx_word' id='word_1_356' title='bbox 583 4395 713 4472; x_wconf 90' lang='lat' dir='ltr'><strong>librum,</strong></span> <span class='ocrx_word' id='word_1_357' title='bbox 752 4411 850 4470; x_wconf 90' lang='lat' dir='ltr'><strong>quem</strong></span> <span class='ocrx_word' id='word_1_358' title='bbox 884 4396 918 4456; x_wconf 92' lang='lat' dir='ltr'><strong>in</strong></span> <span class='ocrx_word' id='word_1_359' title='bbox 954 4394 1030 4455; x_wconf 92' lang='lat' dir='ltr'><strong>aula</strong></span> <span class='ocrx_word' id='word_1_360' title='bbox 1064 4394 1262 4471; x_wconf 87' lang='lat' dir='ltr'><strong>Philadelphi</strong></span> <span class='ocrx_word' id='word_1_361' title='bbox 1296 4395 1331 4456; x_wconf 89' lang='lat' dir='ltr'><strong>in</strong></span> <span class='ocrx_word' id='word_1_362' title='bbox 1365 4397 1487 4458; x_wconf 89' lang='lat' dir='ltr'><strong>honore</strong></span> 
     </span>
     <span class='ocr_line' id='line_1_40' title="bbox 212 4495 1488 4573; baseline 0.005 -19"><span class='ocrx_word' id='word_1_363' title='bbox 212 4495 313 4556; x_wconf 82' lang='lat' dir='ltr'><strong>fuisse</strong></span> <span class='ocrx_word' id='word_1_364' title='bbox 344 4512 440 4558; x_wconf 89' lang='lat' dir='ltr'><strong>nemo</strong></span> <span class='ocrx_word' id='word_1_365' title='bbox 470 4497 617 4559; x_wconf 90' lang='lat' dir='ltr'><strong>miretur.</strong></span> <span class='ocrx_word' id='word_1_366' title='bbox 650 4497 813 4559; x_wconf 88' lang='lat' dir='ltr'><strong>Haerebat</strong></span> <span class='ocrx_word' id='word_1_367' title='bbox 843 4497 954 4573; x_wconf 91' lang='lat' dir='ltr'><strong>opinor</strong></span> <span class='ocrx_word' id='word_1_368' title='bbox 984 4497 1017 4556; x_wconf 93' lang='lat' dir='ltr'><strong>in</strong></span> <span class='ocrx_word' id='word_1_369' title='bbox 1049 4497 1163 4572; x_wconf 89' lang='lat' dir='ltr'><strong>poetae</strong></span> <span class='ocrx_word' id='word_1_370' title='bbox 1195 4497 1354 4559; x_wconf 91' lang='lat' dir='ltr'><strong>memoria</strong></span> <span class='ocrx_word' id='word_1_371' title='bbox 1376 4498 1488 4573; x_wconf 79' lang='lat' dir='ltr'><strong>imago</strong></span> 
     </span>
     <span class='ocr_line' id='line_1_41' title="bbox 212 4595 1488 4679; baseline 0.003 -22"><span class='ocrx_word' id='word_1_372' title='bbox 212 4598 303 4658; x_wconf 90' lang='lat' dir='ltr'><strong>canis</strong></span> <span class='ocrx_word' id='word_1_373' title='bbox 327 4597 504 4674; x_wconf 80' lang='lat' dir='ltr'><strong>vigilantis,</strong></span> <span class='ocrx_word' id='word_1_374' title='bbox 528 4613 628 4671; x_wconf 91' lang='lat' dir='ltr'><strong>quam</strong></span> <span class='ocrx_word' id='word_1_375' title='bbox 651 4599 697 4659; x_wconf 91' lang='lat' dir='ltr'><strong>ita</strong></span> <span class='ocrx_word' id='word_1_376' title='bbox 721 4600 867 4674; x_wconf 85' lang='lat' dir='ltr'><strong>depinxit</strong></span> <span class='ocrx_word' id='word_1_377' title='bbox 885 4598 1065 4674; x_wconf 88' lang='lat' dir='ltr'><strong>Xenophon</strong></span> <span class='ocrx_word' id='word_1_378' title='bbox 1084 4595 1239 4676; x_wconf 71' lang='lat' dir='ltr'><strong>(Gymlv.</strong></span> <span class='ocrx_word' id='word_1_379' title='bbox 1254 4601 1285 4671; x_wconf 85' lang='grc'><strong>3)</strong></span> <span class='ocrx_word' id='word_1_380' title='bbox 1315 4595 1488 4679; x_wconf 59' lang='lat' dir='ltr'><strong>,exortiva</strong></span> 
     </span>
    </p>
   </div>
   <div class='ocr_carea' id='block_1_3' title="bbox 0 0 1541 5294">
    <p class='ocr_par' dir='ltr' id='par_1_7' title="bbox 0 0 1541 5294">
     <span class='ocr_line' id='line_1_42' title="bbox 0 0 1541 5294; baseline 0 0"><span class='ocrx_word' id='word_1_381' title='bbox 0 0 1541 5294; x_wconf 95' lang='lat' dir='ltr'><strong> </strong></span> 
     </span>
    </p>
   </div>
  </div>
 </body>
</html>
