3068 5294
61 472 115 533 IV.
142 473 316 533 aso-241
666 473 727 532 169

60 675 119 717 σαν
150 653 180 718 δ’
214 657 246 719 ἐκ
274 669 334 721 τῶν
363 669 495 738 τριμμῶν
525 660 597 740 ταχὺ
623 658 885 737 ἀπαλλαττόμεναι,
907 663 1035 718 τιθεῖσαι
1056 656 1108 729 τὰς
1130 655 1261 734 κεφαλάς
1285 651 1333 716 ἐπὶ

59 767 119 840 γῆν
152 761 340 839 λιχρίας.”
387 762 572 836 Numquam
606 764 717 823 tamen
751 762 927 836 quidquam
961 761 1147 821 inornatum
1181 759 1335 834 relinquit

60 863 184 924 noster.
219 863 260 923 lit
292 879 378 926 nunc
411 865 541 939 quidem
575 879 616 925 ex
648 865 832 938 tragoediae
864 879 939 924 arca
970 865 1063 923 ornat
1085 862 1332 937 Xenophontem

60 979 139 1024 oum
171 965 249 1026 dicit
282 962 367 1042 „aori
389 970 515 1046 γλωχῖνα
538 964 663 1043 θρόνοιο
690 963 802 1025 τυτθὸν
834 963 1018 1025 ἀποκλίνασα
1045 963 1178 1042 καρήατα
1201 960 1334 1042 λέχριος

59 1064 175 1127 elidet&
199 1066 234 1127 Id
268 1068 355 1128 enim
391 1068 524 1142 tragicis
558 1068 750 1142 praesertim
785 1068 817 1127 in
853 1067 977 1128 deliciis
1005 1069 1067 1142 est,
1099 1069 1135 1126 ut
1166 1065 1334 1126 adiectivis

62 1168 163 1227 verba
207 1170 325 1246 standi,
368 1171 509 1246 sedendi,
556 1169 651 1231 eundi
694 1173 818 1231 ornent.
854 1169 977 1230 Genera
1011 1171 1123 1228 autem
1158 1167 1333 1242 communi,

60 1269 200 1330 minime
224 1272 356 1347 usitato,
384 1268 534 1350 Ι,λίηριος·’
559 1271 689 1346 scripsit
711 1275 821 1332 noster
844 1283 907 1344 quo
930 1270 1060 1346 propius
1080 1269 1247 1330 accederet
1264 1269 1334 1328 imi·
1358 1332 1361 1337 ,

61 1371 145 1431 tatio
165 1371 206 1431 ad
230 1373 416 1447 exemplum
441 1373 616 1450 Sophoclis,
640 1374 673 1433 in
696 1373 790 1434 cuius
817 1371 886 1433 Οιιλ.
910 1370 970 1433 ool.
1000 1373 1062 1433 195
1087 1372 1203 1432 chorus
1224 1372 1335 1431 monet

61 1472 259 1548 Oedipodem
282 1476 319 1534 ut
342 1475 506 1537 consideat
534 1472 663 1554 ,λέχριός
685 1470 708 1555 γ’
735 1468 777 1535 ἐπ’
803 1471 896 1552 άκρου
919 1477 990 1545 λᾶος
1011 1472 1122 1552 βραχὺς
1142 1468 1300 1544 ὀκλάσας”.

105 1574 210 1635 Nemo
237 1578 366 1650 propter
396 1592 508 1638 vocem
540 1575 752 1653 αἰφνίδιος
783 1582 843 1650 (vs.
865 1577 940 1648 238)
964 1578 1079 1651 arguat
1099 1575 1334 1637 Callimachum

60 1675 152 1750 leges
182 1677 291 1751 opicae
322 1678 471 1739 dictionis
495 1679 647 1742 vitiasse:
671 1679 747 1740 licet
770 1679 858 1740 enim
881 1679 1078 1739 adiectivum
1101 1693 1164 1738 non
1187 1679 1335 1739 occurrat

59 1777 94 1836 in
118 1777 230 1854 epicis,
253 1780 419 1852 cognitum
438 1784 490 1841 est
509 1781 650 1842 Homero
670 1778 813 1858 ἐξαίφνης
833 1796 889 1855 pro
914 1777 1070 1857 ἐξαπίνας
1103 1795 1199 1840 versu
1223 1780 1334 1839 autem

61 1878 127 1938 239
163 1877 347 1952 δεσπότις
381 1882 496 1942 solitae
531 1882 655 1943 formae
686 1879 829 1942 δέσποινα
859 1882 1044 1957 praeposuit
1076 1882 1190 1943 eodem
1224 1895 1334 1941 amore

59 1980 180 2042 ductus
199 1996 263 2056 quo
282 1978 448 2062 δγγελιῶιις
468 1999 516 2045 vs.
531 1984 606 2060 alo,
627 1980 740 2064 ἐργάτις
759 1984 797 2045 ir.
813 1985 864 2060 77,
877 1980 989 2063 ἀλετρίς
1006 1981 1333 2044 intransitorium.

103 2184 159 2246 Vs.
186 2186 261 2248 239.
418 2183 437 2265 ἦ
463 2181 492 2247 δ’
519 2184 669 2268 ἀλεγεινὸν
692 2167 880 2266 άλασιήσασα
902 2186 1068 2267 προσηύδα·

313 2288 409 2366 »οὕτω
431 2298 490 2350 νῦν
513 2282 537 2350 ά
561 2289 659 2369 Ζηνὸς
683 2285 798 2351 ὀνείδεα
820 2287 870 2351 καί
881 2288 1042 2370 γαμέοισθε

310 2390 421 2472 λάθρια
442 2389 491 2452 καί
514 2391 634 2453 κίκτοιτε
657 2389 853 2472 κεκρυμμένα,
875 2387 946 2471 μηδ’
973 2390 1025 2453 ὅθι
1049 2389 1142 2452 δειλαί

313 2490 466 2566 δυσπονέος
489 2491 648 2575 μογέουσιν
671 2492 828 2575 δλεπρίδες,
850 2490 908 2555 ἀλλ’
935 2493 987 2556 ὅθι
1009 2503 1109 2571 φῶκαι

312 2593 437 2655 εἰνάλιαι
458 2595 616 2673 τίκτουσιν,
638 2593 683 2656 ivl
706 2595 895 2657 σπιλάδεσσιν
918 2594 1068 2675 έρήμοις”.

109 2694 202 2756 Licet
225 2695 442 2758 Callimachus
462 2699 609 2775 animum
632 2700 765 2761 Iunonis
781 2699 888 2760 dolore
911 2698 1075 2760 infensum
1098 2697 1251 2773 depingat
1269 2712 1335 2758 ver·

63 2795 116 2856 his
147 2811 224 2858 vere
256 2799 438 2876 homericis,
470 2816 548 2861 nam
579 2803 624 2860 Μ.
650 2804 712 2862 163
743 2802 858 2863 eodem
886 2801 982 2862 modo
1005 2801 1129 2862 dictum
1152 2802 1222 2861 erat
1248 2796 1337 2876 „dte-

64 2896 175 2976 στήσας
220 2897 290 2972 ἔπος
331 2898 443 2979 ηδδα”,
479 2903 549 2979 ipsa
590 2906 701 2964 tamen
736 2905 847 2979 regina
881 2905 1014 2966 deorum
1049 2917 1153 2977 neque
1188 2901 1337 2976 dignitati

64 2998 196 3074 Olympi
232 3017 335 3077 neque
373 3005 481 3081 spicae
514 3006 664 3067 dictionis
697 3007 851 3080 gravitati
889 3007 1064 3082 quidquam
1095 3004 1243 3066 consulit.
1275 3003 1337 3064 Vix

64 3101 230 3163 homerico
261 3120 410 3169 sermone
440 3108 574 3182 dignum
602 3111 651 3169 est
674 3109 758 3182 quod
781 3109 929 3170 aemulas
953 3123 1032 3169 suas
1057 3103 1155 3185 Ζηνὸς
1178 3101 1338 3165 ὀνείδεα

64 3203 220 3280 increpat.
244 3207 328 3268 Nam
353 3210 416 3270 etsi
439 3205 553 3282 ὄνειδος
573 3212 657 3286 apud
677 3210 856 3273 Homerum
877 3213 947 3272 tam
967 3211 1109 3284 iurgium
1128 3224 1227 3283 quam
1246 3207 1336 3269 dede·

65 3320 126 3366 cus
148 3307 290 3370 indicare
309 3309 393 3372 solet
411 3314 445 3372 et
463 3312 611 3387 proxime
633 3313 674 3374 ad
695 3313 781 3374 hunc
805 3328 936 3374 versum
956 3312 1081 3374 accedit
1099 3311 1178 3372 illud
1200 3307 1265 3386 „rol
1282 3307 1338 3391 γὰρ

65 3404 123 3486 έγδο
142 3405 194 3468 καί
212 3406 311 3470 ἔπειτα
329 3412 474 3490 κατηφείη
485 3410 536 3473 καί
548 3409 663 3485 ὄνειδος
676 3410 819 3491 έσσομαι”
842 3416 893 3485 (Π.
906 3413 987 3489 498;
1002 3415 1031 3472 Ρ.
1045 3414 1130 3489 556),
1150 3414 1338 3474 nontamen

64 3507 152 3584 ι’μιαε
176 3525 330 3585 υαοοκοε
352 3508 467 3573 ὀνείδεα
492 3515 569 3576 dicit
592 3514 765 3576 Homerus.
791 3516 896 3576 Immo
927 3515 1152 3590 potiusquam
1177 3514 1338 3574 Homerus

65 3611 302 3688 Aristophanes
332 3616 384 3676 hio
414 3618 525 3677 nostro
556 3616 705 3692 exemplo
729 3631 801 3678 esse
826 3617 941 3693 potuit,
965 3617 1058 3678 cuius
1081 3615 1234 3676 novimus
1258 3616 1336 3676 illud

68 3710 268 3793 ,Χολαργέων
299 3712 435 3789 δνειδος”
463 3717 612 3788 (Actora.
637 3718 722 3789 855).
747 3718 830 3779 Fieri
854 3721 966 3779 tamen
989 3720 1106 3793 potest,
1130 3719 1166 3777 ut
1190 3717 1222 3777 id
1244 3716 1337 3792 inpri-

64 3814 132 3874 mis
154 3816 410 3891 suppeditaverit
441 3817 636 3880 (iallimacho
667 3819 859 3881 vocabulum
891 3816 1014 3896 ὄνειδος,
1037 3819 1120 3894 quod
1145 3819 1339 3880 meminerat

64 3916 101 3976 in
121 3931 158 3978 re
180 3919 267 3980 haud
290 3920 422 3982 omnino
444 3921 595 3981 dissimili
617 3920 664 3980 lta
688 3921 849 3982 Auroram
872 3921 1048 3983 allocutam
1072 3935 1144 3982 esse
1163 3920 1337 3981 Tithonum

64 4020 186 4098 (hymn.
209 4021 293 4083 hom.
316 4022 351 4082 ia
380 4022 486 4084 Venor.
512 4023 604 4094 ator:

316 4122 428 4202 »αὐτὰρ
452 4122 516 4202 έμοί
539 4118 597 4204 μέγ’
624 4120 738 4196 ὄνειδος
762 4121 794 4184 έν
817 4121 995 4185 ἀθανάτοισι
1017 4128 1134 4184 θεοῖσιν

185 4240 186 4243 ’
312 4223 424 4288 ἔσσεται
447 4224 545 4306 ἤματα
567 4225 665 4287 πάντα
689 4221 848 4306 διαμπερές
872 4224 970 4286 εἵνεκα
994 4231 1062 4287 σεῖο.

111 4328 264 4390 Ceterum
284 4329 391 4391 verbis
410 4326 571 4409 γαμέοισθε
590 4328 755 4391 eiciamus
767 4330 972 4390 accusativos
993 4327 1154 4408 λάθρια,
1176 4349 1339 4407 κεκρυμ-

64 4428 163 4509 μένα
206 4431 348 4492 adiciens
390 4434 561 4506 tamquam
605 4432 747 4493 adverbii
787 4431 866 4507 loco,
902 4447 1027 4493 morem
1064 4432 1210 4506 sequitur
1244 4433 1338 4506 tragi-

64 4548 188 4603 corum,
224 4548 328 4607 ueque
359 4534 521 4595 homerico
553 4534 649 4596 verbo
682 4536 843 4615 γαμεῖσθαι
878 4533 981 4594 utitur
1016 4535 1049 4595 in
1084 4533 1196 4594 illicito
1227 4548 1337 4595 amore

64 4641 141 4710 (qua
171 4635 211 4696 de
249 4649 283 4695 re
321 4634 445 4697 dictum
476 4637 527 4696 cst
556 4650 628 4710 pag.
660 4636 724 4711 84),
759 4649 845 4696 nuuc
879 4636 1009 4710 quidem
1041 4636 1081 4698 ab
1112 4634 1245 4696 Homeri
1276 4651 1338 4696 ser·
