3104 5286
824 449 886 512 184

479 633 633 716 Ἑλλήνων
656 635 744 717 ἆγναλ
766 637 882 717 βαίνετε
903 634 1065 716 θυγατέρες
1081 630 1113 708 ¹).

262 740 307 801 Ut
337 741 388 801 his
411 742 559 801 versibus
590 741 795 816 Posidonius,
827 741 875 801 ita
902 739 1122 801 Callimachus
1149 740 1309 822 Arsinoen
1333 740 1494 814 epigram·

219 842 309 901 mate
343 841 387 902 VI
424 843 545 920 Κύπριν
585 846 745 922 Ζεφυρῖτιν
776 843 950 918 salutavit,
982 856 1080 915 quam
1113 839 1267 920 Ἀρσινόην
1300 839 1495 915 Φιλάδελφον

218 941 342 1021 Numida
368 944 529 1019 inlepide
553 946 693 1019 quodam
717 944 813 1020 cypri
836 946 963 1019 reperto
986 944 1048 1003 dici
1072 944 1250 1018 accipimus
1271 937 1308 1018 ²),
1333 945 1371 1002 ut
1395 957 1495 1016 saepe

217 1047 332 1117 poetae
362 1046 492 1105 variant
521 1046 583 1106 has
613 1043 785 1123 ἐπικλήσεις.
817 1046 854 1104 In
888 1043 983 1105 Coma
1013 1044 1174 1105 Berenices
1204 1047 1314 1105 autem
1343 1044 1495 1118 reginam

218 1146 288 1204 tam
318 1160 378 1206 suo
409 1147 541 1207 nomine
573 1163 670 1222 quam
701 1146 919 1223 Zephyritidis
949 1146 1110 1206 indicasse
1137 1147 1300 1221 putandus
1332 1147 1397 1220 est,
1424 1146 1497 1205 tota

218 1248 330 1306 tamen
349 1262 384 1306 re
396 1263 453 1322 per
465 1248 685 1324 mythologiae
698 1249 932 1310 abundantiam
943 1262 1152 1323 summopere
1164 1249 1350 1309 obscurata:
1363 1250 1426 1318 (vs.
1440 1248 1495 1317 bl)

441 1350 622 1411 Abiunctae
644 1350 740 1426 paulo
764 1353 840 1411 ante
864 1365 976 1410 comae
999 1365 1075 1410 mea
1097 1350 1166 1410 fata
1188 1365 1316 1410 sorores

388 1488 390 1493 -
484 1452 651 1527 lugebant,
677 1467 752 1512 cum
775 1467 811 1512 se
834 1450 1015 1511 Memnonis
1038 1451 1208 1526 Aethiopis

441 1552 591 1627 Unigena
613 1553 785 1628 impellens
809 1553 1009 1612 nictantibus
1033 1567 1109 1612 aera
1131 1553 1246 1627 pennis

485 1655 603 1715 obtulit
625 1655 781 1716 Arsinoes
804 1655 957 1715 Locridos
980 1653 1049 1714 ales
1072 1670 1188 1729 equus,

441 1756 533 1829 isque
556 1772 613 1831 per
635 1757 800 1817 aetherias
822 1772 876 1816 me
899 1755 1019 1816 tollens
1040 1755 1150 1816 avolat
1172 1755 1306 1816 umbras

485 1860 519 1918 et
541 1857 677 1918 Veneris
701 1860 790 1919 casto
814 1857 951 1918 collocat
973 1857 1006 1916 in
1030 1858 1171 1932 gremio;

439 1959 511 2034 ipsa
533 1974 630 2019 suum
654 1959 839 2034 Zephyritis
862 1973 900 2019 eo
922 1957 1084 2018 famulum
1107 1957 1233 2032 legarat

486 2060 583 2121 Graia
606 2059 757 2136 Canopiis
780 2061 886 2120 incola
908 2060 1081 2120 littoribus.

220 2159 364 2233 Apparet
393 2160 445 2221 hic
476 2175 602 2236 quoque
626 2163 710 2222 inter
741 2162 847 2237 ipsam
871 2162 966 2221 deam
989 2161 1189 2235 Aphroditen
1212 2163 1309 2234 atque
1332 2162 1498 2222 Arsinoen

220 2260 305 2320 haud
338 2261 449 2322 minus
479 2266 589 2337 aperte
617 2264 793 2323 discrimen
823 2261 893 2322 fieri
920 2277 1018 2337 quam
1042 2277 1062 2322 a
1084 2261 1254 2323 Theocrito
1276 2262 1373 2337 paulo
1398 2278 1501 2338 supra

220 2361 429 2423 observatum
460 2364 661 2425 videbamus.
694 2365 742 2426 Ab
773 2366 843 2440 ipso
873 2368 983 2425 autem
1015 2363 1213 2426 Callimacho
1246 2380 1326 2425 num
1358 2364 1500 2425 Veneris

220 2461 327 2522 cultus
366 2463 399 2524 in
438 2465 596 2540 Zephyrio
631 2466 857 2540 promunturIo
893 2466 933 2525 ab
968 2466 1191 2541 Epizephyriis
1223 2465 1381 2526 Locribue
1418 2465 1500 2526 olim

220 2565 369 2625 conditus
404 2581 477 2627 esse
509 2568 561 2627 hic
584 2570 742 2643 narretur,
765 2559 788 2637 3)
816 2568 848 2627 id
881 2568 1010 2642 quidem
1041 2582 1083 2626 cx
1113 2566 1232 2627 Catulli
1256 2567 1407 2627 versione
1431 2564 1498 2627 effl-

220 2681 292 2727 cere
327 2683 392 2728 non
422 2669 515 2742 licet;
556 2669 713 2730 Graecam
752 2672 904 2730 naturam
935 2669 1054 2729 diserte
1085 2668 1264 2728 vindicavit
1293 2668 1499 2743 Zephyritidi

217 2768 385 2829 Locridem
407 2771 502 2831 deam
523 2786 643 2831 vocans
663 2771 746 2846 quod
770 2771 847 2831 iecit
870 2772 1009 2831 fortasse
1032 2770 1109 2844 quia
1126 2771 1264 2831 timebat
1283 2784 1324 2830 ne
1337 2770 1497 2831 facillime

218 2883 293 2929 cum
315 2870 402 2930 Iside
425 2869 548 2953 εὐαλοίᾳ
572 2886 645 2932 eam
678 2872 911 2932 confunderent
937 2871 1098 2945 aequales.
1122 2871 1204 2931 Nam
1229 2887 1304 2931 cum
1339 2873 1498 2947 Aegyptii

216 2971 284 3030 iarn
307 2973 431 3045 pridem
455 2973 552 3033 Isidis
575 2975 714 3054 nomine
727 2974 887 3034 Arsinoen
910 2973 1130 3048 omavissent‚
1156 2972 1335 3032 verendum
1358 2976 1498 3033 eratne

219 3072 313 3131 facile
336 3076 549 3145 sequerentur
572 3075 695 3135 Graeci.

263 3174 315 3233 Sic
339 3189 464 3247 quoque
488 3175 629 3236 summis
652 3176 771 3236 saltem
799 3176 849 3236 dis
874 3189 967 3250 reges
994 3175 1060 3234 divi
1081 3190 1100 3234 a
1119 3174 1224 3249 poetis
1242 3177 1497 3249 postponuntur.

218 3273 409 3334 Theocritus
440 3276 527 3336 enim
557 3280 687 3353 propter
710 3276 890 3337 Ptolemaei
913 3275 1010 3351 primi
1033 3275 1224 3350 apotheosin
1242 3275 1366 3349 pietate
1391 3277 1498 3337 Phila·

219 3375 327 3451 delphi
350 3375 483 3438 laudata
505 3378 618 3448 (XVII.
646 3380 718 3449 121)

440 3486 553 3554 μοῦνος
577 3475 609 3538 δὲ
632 3477 783 3560 προιὲρων
807 3500 836 3539 τε
859 3477 909 3538 ιιαλ
933 3469 976 3539 ὧν
998 3476 1039 3538 ἔτι
1061 3476 1160 3557 θερμὰ
1182 3476 1269 3538 κονία
1304 3539 1306 3543 ,

439 3577 612 3659 οτειβομένα
635 3581 814 3661 καθύπερθε
838 3581 942 3640 ποδῶν
965 3577 1139 3657 δαμάσσεται
1161 3579 1228 3658 ἴχνη

440 3679 527 3759 μαιρλ
550 3682 623 3765 φίλᾳ
647 3681 697 3742 καλ
719 3680 809 3761 πατρὶ
832 3682 972 3754 θυώδεος
996 3681 1093 3742 εἴσατο
1118 3682 1226 3759 ναούς,

218 3785 331 3845 vivum
362 3788 475 3845 tamen
505 3801 629 3862 regem,
655 3786 719 3846 nisi
742 3801 816 3846 curn
841 3786 968 3846 natales
992 3786 1062 3845 eius
1085 3785 1261 3859 memorat,
1287 3784 1340 3844 dei
1363 3788 1501 3847 nomine

218 3901 283 3945 non
314 3886 463 3961 adornat,
496 3901 610 3946 verum
642 3903 717 3947 oum
742 3887 893 3947 heroibus
915 3886 1071 3947 Diomede
1097 3885 1286 3959 Achilleque
1310 3891 1500 3962 comparat;

217 3987 349 4047 tandem
381 3987 414 4046 in
445 3986 508 4048 fine
540 3989 693 4065 encomii,
727 4003 925 4062 quamquam
953 3987 1069 4062 hymni
1088 3986 1246 4046 solemnis
1269 3986 1378 4047 forma
1402 4003 1499 4065 usne,

217 4089 264 4148 ita
286 4087 534 4163 Philadelphum
558 4090 758 4164 adloquitur:

220 4265 431 4274 -—-—--

251 4383 269 4441 ¹)
287 4386 350 4434 weil
369 4384 474 4433 Μοπιιοι.
494 4384 566 4431 θνεοε
583 4385 652 4432 VIII.
675 4385 739 4431 1879
757 4399 782 4444 p.
803 4386 842 4430 31.
861 4384 893 4430 oi.
912 4383 970 4431 Alb.
990 4382 1045 4429 VII.
1064 4383 1120 4428 ³18.

248 4460 269 4526 2)
288 4467 378 4513 Straclr
396 4463 482 4512 Nachr.
501 4463 543 4512 dee
559 4463 632 4511 Arch.
652 4463 780 4512 Oeeelhclt.
799 4462 858 4510 Art.
878 4463 943 4511 XIX.
962 4463 1017 4510 2³6.

248 4539 270 4607 ι)
287 4545 433 4592 Secundum
456 4544 573 4593 Servium
598 4542 632 4589 ad
653 4541 713 4589 Aen.
732 4542 775 4590 XI.
795 4543 842 4589 165
866 4543 942 4589 Locri
960 4541 1052 4589 Ozolee
1071 4542 1176 4588 inerunt
1192 4541 1238 4599 qni
1259 4540 1285 4586 in
1303 4540 1421 4602 Libyam
1439 4545 1501 4596 olim

212 4623 290 4673 deleti
307 4627 401 4672 essent.
419 4622 457 4674 Oi.
475 4624 579 4685 Dionys.
599 4623 654 4671 Per.
672 4635 709 4671 vs.
728 4623 791 4681 uel,
809 4624 836 4669 et
853 4622 972 4671 Posiden.
992 4621 1044 4682 spd
1060 4621 1124 4672 Weil
1144 4621 1161 4668 l.
1174 4620 1191 4669 1.
