3068 5288
654 465 673 524 3

36 655 162 714 adderet
194 667 313 712 cornua
340 651 527 725 Ammonis,
557 650 785 723 incuderetque
817 650 933 710 iisdem
964 650 1110 712 nummis
1142 651 1305 730 Sarapidis

35 756 209 830 imaginem
227 750 255 829 ¹),
273 753 453 812 salutatum
470 767 542 812 esse
562 750 685 826 ,fllium
703 751 787 811 Solis
799 752 1108 827 sanctissimamque
1120 755 1243 813 summi
1255 756 1306 815 dei

33 857 231 932 imaginem”
246 849 277 926 ²).
302 855 385 913 Nam
410 855 592 913 accesserat
616 853 667 911 his
690 853 842 912 omnibus
866 854 972 913 cultus
992 870 1067 914 vere
1087 857 1307 932 Aegyptiacus

32 957 144 1017 incolis
170 956 388 1016 Alexandriae
408 954 550 1028 oblatus,
572 968 646 1012 cum
667 954 800 1013 tandem
821 953 917 1014 deum
941 955 1189 1016 sanctissimum
1209 958 1306 1017 Mem·

33 1060 197 1132 phitarum
233 1057 404 1130 Osarhapi
435 1071 476 1115 ex
512 1055 650 1129 serapeo
685 1054 906 1130 Memphitico,
939 1057 1023 1130 quod
1055 1060 1125 1117 erat
1159 1059 1191 1118 in
1227 1059 1308 1118 colle

32 1160 172 1234 senhapi
203 1158 437 1220 Alexandriam
469 1157 663 1216 arcessierat
694 1156 963 1231 splendidumque
988 1159 1017 1218 ei
1041 1159 1099 1219 deo
1123 1159 1310 1220 condiderat

31 1261 192 1336 templum
227 1276 265 1320 eo
299 1260 370 1320 loco
405 1259 456 1318 cui
491 1274 610 1317 nomen
646 1261 716 1318 erat
750 1258 906 1319 Rhacotis
919 1251 952 1328 3).
986 1260 1080 1335 Quid,
1114 1263 1198 1334 quod
1230 1263 1309 1322 olim

31 1366 114 1440 regis
140 1362 319 1424 Alexandri
342 1362 450 1436 Magni
475 1361 599 1420 cineres
624 1360 664 1420 ad
688 1361 802 1420 urbem
833 1362 997 1436 Memphin
1022 1365 1192 1437 tamquam
1214 1368 1311 1441 caput

30 1468 119 1542 regni
144 1465 313 1525 attulisset
324 1457 361 1538 ⁴),
388 1478 492 1536 exque
516 1463 607 1521 iussu
632 1461 778 1521 eiusdem
802 1463 957 1537 principis
984 1464 1201 1526 Alexandriae
1229 1469 1309 1526 tem-

30 1570 119 1643 plum
141 1566 341 1627 condidisset
358 1565 445 1638 Isidi,
471 1563 651 1623 secundum
675 1563 895 1637 Aegyptiacae
919 1565 1155 1626 architecturae
1179 1583 1311 1627 normas

29 1668 262 1730 aedificatum?
292 1667 405 1725 Nonne
429 1665 531 1724 videri
558 1667 686 1739 poterat
714 1665 839 1738 primus
863 1666 1004 1740 Aegypti
1028 1683 1087 1727 rex
1110 1670 1309 1744 Aegyptiaco

29 1772 119 1832 cultu
143 1770 351 1830 delabentem
375 1768 572 1826 Graecorum
595 1764 786 1838 religionem
811 1767 1017 1828 corroborare
1042 1768 1211 1830 voluisse?

73 1873 176 1933 Nobis
205 1872 312 1943 hodie,
338 1884 506 1928 sacrarum
532 1867 780 1941 inscriptionum
802 1869 931 1928 aedium
958 1872 1174 1945 votorumque
1197 1873 1314 1932 rudera

31 1973 289 2046 consulentibus
312 1972 369 2030 vix
388 1971 453 2030 tale
472 1970 645 2030 consilium
665 1970 762 2043 primi
775 1961 1029 2043 Lagidae'fuissc
1041 1974 1179 2034 videtur.
1194 1975 1312 2049 Ingens

30 2076 161 2150 quidem
199 2076 292 2134 extat
326 2074 423 2146 inque
457 2072 526 2131 dies
561 2072 678 2131 crescit
712 2088 868 2132 numerus
900 2075 1164 2136 testimoniorum
1196 2078 1312 2151 quibus

31 2181 99 2237 tam
132 2191 249 2250 regum
280 2190 379 2249 quam
408 2174 557 2247 inprimis
582 2173 752 2232 hominum
776 2175 978 2247 privatorum
1006 2176 1112 2250 pietas
1136 2193 1213 2253 erga
1236 2179 1312 2239 deos

32 2279 252 2353 Aegyptiacos
283 2274 510 2346 confirmatum
535 2275 591 2333 sed
616 2275 764 2333 maxima
787 2290 899 2334 eorum
923 2281 1213 2338 monumentorum
1237 2295 1312 2354 pars

31 2380 164 2439 serioris
196 2380 248 2437 est
278 2379 405 2452 aetatis,
439 2391 575 2449 raroque
606 2358 691 2435 alius
721 2377 853 2451 pietatis
882 2378 1013 2450 praebet
1038 2380 1190 2454 exempla
1213 2395 1311 2454 quam

32 2483 102 2542 eius
133 2496 199 2555 qua
229 2495 358 2554 semper
386 2478 508 2547 Graeci,
540 2477 633 2537 salva
663 2479 792 2553 propria
822 2479 966 2552 ipsorum
990 2480 1154 2555 religione,
1181 2485 1312 2543 exteros

32 2599 159 2658 quoque
199 2582 276 2641 deos
311 2581 399 2641 adire
433 2579 591 2639 solebant.
628 2579 668 2639 Et
702 2580 825 2655 priores
859 2580 978 2640 saltem
1016 2582 1154 2656 Lagidae
1189 2584 1312 2644 Graeca

33 2684 190 2758 religione
224 2684 397 2756 imperium
433 2697 545 2755 suum,
583 2681 634 2740 cui
668 2682 810 2741 formam
845 2684 943 2755 atque
977 2683 1118 2744 indolem
1154 2685 1310 2746 Graecam

35 2784 256 2857 vindicabant,
289 2782 419 2843 firmare
450 2782 632 2841 voluerunt.
665 2782 849 2857 Habebunt,
883 2799 965 2857 quae
995 2784 1028 2843 in
1059 2785 1120 2845 hac
1144 2802 1178 2846 re
1205 2787 1310 2847 imita·

33 2891 155 2961 rentur,
176 2885 327 2959 exempla
344 2884 494 2958 insignia.
513 2883 675 2957 Quantam
689 2884 774 2944 enim
790 2900 902 2944 curam
915 2884 1082 2961 Philippus
1095 2888 1310 2965 impenderat,

35 2993 70 3049 ut
97 2988 254 3062 religione
284 3002 410 3061 quoque
440 3001 500 3045 sua
525 3000 600 3044 vere
633 2986 792 3046 Graecum
823 2987 1002 3061 principem
1031 3002 1066 3047 se
1089 2987 1310 3062 profiteretur!

32 3091 122 3150 Iovis
154 3088 313 3162 Apollinis
345 3087 494 3147 Herculis
526 3086 723 3159 imaginibus
754 3102 908 3147 nummos
939 3104 1017 3148 suos
1048 3088 1262 3151 adornaverat
1278 3085 1310 3167 ⁵),

33 3192 221 3251 Phocenses
245 3205 397 3263 agressus
420 3191 491 3249 erat
517 3197 703 3263 „tamquam
725 3189 880 3263 sacrilegii
902 3206 966 3248 con
993 3189 1209 3251 Ibcbcuorcm
1232 3194 1314 3252 uuor

31 3293 128 3353 esaet”
143 3284 177 3366 Β),
219 3291 435 3350 Athenienses
466 3290 552 3350 ultro
587 3290 786 3363 adhortatus,
826 3293 882 3364 ,ut
916 3306 1010 3351 sacra
1044 3293 1167 3352 violata
1200 3308 1313 3355 secum

31 3395 260 3455 vindicarent’
274 3387 308 3461 ⁷).
340 3394 437 3467 lium,
467 3395 537 3452 tota
568 3392 702 3451 Graecia
732 3393 902 3452 discordiis
934 3393 1122 3469 dilacerata,
1163 3396 1313 3457 Herculis

31 3495 223 3572 progeniem
252 3494 456 3555 solemnibus
483 3493 590 3552 verbis
620 3492 823 3553 salutaverat
854 3494 1015 3556 Isocrates
1043 3497 1135 3557 adis
1159 3501 1312 3558 vocatum

30 3603 71 3659 ut
99 3612 232 3672 praeses
256 3599 344 3656 esset
366 3596 538 3655 universae
562 3595 686 3670 patriae
700 3587 733 3663 8).
759 3595 856 3655 Plura
880 3598 1024 3657 eiusdem
1050 3599 1182 3673 pietatis
1205 3616 1312 3660 exem·

30 3702 90 3777 pla
125 3698 312 3760 Alexander
347 3696 477 3771 Lagidis
512 3696 700 3771 reliquerat,
737 3696 792 3769 qui
827 3712 957 3773 semper
991 3699 1022 3758 id
1057 3704 1169 3774 egerat
1203 3702 1312 3761 arden·

31 3801 167 3864 tissimo
198 3800 320 3874 studio,
352 3801 389 3858 ut
418 3798 515 3858 iactis
547 3797 717 3871 verbisque
748 3798 940 3873 declararet,
975 3801 1185 3860 Macedonum
1210 3817 1312 3877 reges,

68 3996 92 4060 ¹)
110 3998 203 4044 Mfiller
220 3995 335 4043 Numism.
352 3993 449 4041 d’Aleae.
468 4008 493 4054 p.
512 3996 550 4040 26.

68 4073 91 4136 ’)
109 4076 220 4133 Mahaffy
238 4073 314 4121 Greek
331 4072 389 4138 Life
406 4071 457 4119 aad
478 4071 586 4134 Thoaqkt
606 4087 631 4132 p.
651 4074 706 4120 176.

66 4153 91 4220 3)
109 4157 191 4203 Tacit.
206 4154 291 4201 histor.
310 4154 351 4201 lv.
370 4155 416 4207 82;
436 4151 532 4200 Brunet
549 4153 581 4199 de
600 4150 702 4200 Presies
720 4149 842 4199 rndmoirer
852 4150 917 4215 prbe.
932 4152 947 4199 d
962 4152 1055 4201 l’Acad.
1074 4157 1138 4203 1852
1153 4169 1178 4216 p.
1193 4158 1241 4203 622
1258 4170 1314 4217 sqq.

29 4236 162 4295 Brugnola
182 4234 265 4296 Geopr.
284 4232 378 4281 Iusckr.
396 4234 416 4280 1.
432 4247 457 4293 p.
476 4235 533 4280 240.

67 4314 93 4378 ⁴)
110 4315 186 4362 Paua.
205 4314 225 4359 1.
245 4315 268 4360 6.
285 4314 308 4360 8.
327 4315 353 4360 ct
370 4310 394 4362 7.

67 4392 92 4456 6)
110 4394 149 4442 Of.
166 4391 281 4455 Syncpeia
297 4390 330 4456 of
343 4389 384 4437 the
401 4389 466 4436 Brit.
485 4388 549 4437 Mus.
569 4387 652 4450 Ocim,
664 4386 757 4450 period.
776 4389 823 4436 III.
843 4390 871 4436 Β.
891 4391 928 4437 li.
950 4391 987 4436 18.

68 4472 92 4536 ⁶)
110 4474 204 4522 lustin
223 4473 293 4519 VIII.
312 4473 335 4518 2.

67 4551 92 4615 7)
110 4552 229 4600 Aeschin.
247 4550 277 4598 de
287 4549 362 4615 falsa
380 4549 423 4611 leq.
443 4551 457 4608 ξ
477 4550 532 4596 lar.

69 4630 92 4692 ³)
110 4633 191 4678 noer.
208 4629 242 4677 aa
257 4629 368 4692 Praipp.
386 4644 412 4690 p.
431 4624 487 4686 aab,
506 4623 562 4687 aab,
581 4622 638 4687 aad,
656 4628 713 4687 aaa,
732 4628 802 4682 mac,
821 4629 890 4673 1040.
