3104 5296
835 453 878 513 80
1237 449 1294 512 ΙΙΙ.
1322 452 1495 514 119-127

268 641 306 700 In
326 640 377 700 his
396 637 554 716 versibus,
582 655 720 713 quorum
743 641 866 715 priores
890 641 945 715 qui
968 642 1027 702 aut
1048 641 1257 702 coniectando
1280 642 1340 701 aut
1363 640 1497 701 lacunas

224 741 396 802 statuendo
420 740 577 815 corrigere
600 741 707 803 conati
730 743 807 802 suut
830 743 911 803 mihi
930 742 1061 816 quidem
1081 757 1145 803 non
1169 742 1318 803 librarios
1336 743 1373 802 at
1389 742 1496 816 ipsum

225 842 460 904 Callimachum
498 843 655 917 corrigere
685 843 844 921 videntur,
877 845 1028 906 hesiodea
1058 845 1164 919 magis
1203 859 1301 918 quam
1333 845 1496 906 homerica

224 945 333 1006 studia
374 945 441 1019 egit
482 946 586 1020 poeta.
623 946 671 1006 Ne
705 948 818 1008 tamen
851 946 1033 1008 homericae
1068 945 1344 1021 interpretationis
1379 945 1495 1007 indicia

223 1047 375 1122 quamvis
405 1046 491 1108 levia
521 1047 673 1109 omittam
703 1048 801 1109 verbo
832 1063 948 1110 moneo
975 1063 1023 1110 vs.
1051 1049 1113 1110 119
1137 1048 1284 1110 consulto
1308 1062 1383 1109 earn
1409 1048 1494 1108 verbi

222 1147 497 1229 πειρήσασθαι
531 1149 801 1224 significationem
828 1150 971 1212 adhiberi
991 1166 1074 1226 quae
1093 1150 1127 1210 in
1146 1150 1288 1211 Homero
1309 1151 1380 1210 erat
1402 1149 1493 1210 raris·

223 1255 326 1327 slma;
347 1250 433 1324 τόξον
453 1248 541 1331 ἔργον
560 1246 674 1311 ἀέθλου
693 1255 856 1329 πειρᾶσθαι
874 1252 958 1312 solet
977 1253 1010 1312 in
1035 1251 1181 1326 Odyssea
1200 1254 1234 1312 et
1252 1250 1354 1311 Iliade
1375 1250 1438 1311 dici
1459 1250 1495 1311 de

225 1368 262 1414 eo
285 1353 341 1427 qui
360 1353 428 1414 vim
449 1368 543 1413 suam
563 1353 597 1413 in
625 1352 732 1426 aliqua
755 1368 789 1414 re
809 1354 983 1431 experitur,
1006 1353 1059 1415 hic
1082 1369 1159 1415 vero
1181 1354 1220 1414 de
1244 1354 1304 1414 dea
1327 1353 1495 1414 adhibetur

224 1470 306 1529 quae
337 1470 449 1516 arcum
477 1455 585 1530 ipsum
609 1455 802 1530 experiendo
824 1455 948 1533 probat,
972 1457 1012 1517 de
1035 1471 1098 1530 qua
1121 1471 1155 1517 re
1178 1456 1309 1530 saepius
1334 1455 1495 1516 Homems

223 1556 408 1636 σειρητίζειν,
436 1558 472 1617 ab
502 1576 534 1632 φ.
558 1557 623 1617 410
650 1555 827 1635 »πειρήσατο
858 1559 997 1637 νενρῆς”,
1020 1557 1156 1619 dixerat.
1183 1556 1301 1618 Contra
1324 1557 1366 1616 ab
1389 1556 1494 1617 home·

224 1659 289 1720 rico
324 1674 386 1719 usu
417 1657 563 1733 paullum
597 1658 723 1720 decedit
757 1659 913 1720 vocabulo
947 1655 1159 1738 ἀλιιήμιιν,
1195 1659 1278 1732 quod
1309 1673 1440 1732 perraro
1463 1658 1493 1718 in

224 1762 365 1822 Homero
396 1760 534 1822 occurrit
557 1760 607 1831 (Ω.
634 1761 754 1822 165:
768 1761 852 1837 186),
885 1776 983 1823 sensu
1013 1761 1145 1837 passivo
1176 1775 1266 1836 usus,
1298 1761 1333 1821 at
1357 1760 1493 1834 graviori

224 1863 337 1938 culpae
367 1863 525 1924 obnoxius
555 1863 617 1924 fuit
651 1879 726 1924 cum
757 1864 897 1925 formam
928 1864 1023 1939 plane
1047 1864 1200 1925 vitiosam
1223 1858 1414 1922 ιε’λεσιισν
1437 1862 1491 1923 ior·

224 1965 338 2027 mavit.
363 1964 524 2042 Ceterum,
549 1966 728 2027 recentiora
751 1966 894 2040 antiquis
917 1966 1060 2027 miscens
1082 1965 1219 2026 verbum
1242 1964 1374 2025 adhibet
1397 1960 1493 2041 ἕρμα

225 2067 371 2138 ξασθαι
394 2068 446 2128 cui
469 2082 510 2127 ex
541 2066 624 2128 falsa
647 2067 912 2142 interpretatione
937 2067 1025 2128 verbi
1045 2066 1200 2128 homerici
1223 2063 1348 2143 μαίομαι
1373 2067 1414 2136 (Ρ.
1432 2066 1492 2126 564

224 2164 401 2245 ἐσεμάσσατο
424 2165 527 2246 θυμόν
550 2168 605 2229 11111
628 2169 759 2245 interpr.
782 2165 886 2247 ἔπληξέ
909 2190 967 2246 μον
990 2166 1045 2247 τὴν
1067 2167 1204 2247 καρδίαν)
1227 2167 1296 2228 vim
1313 2174 1368 2227 τοῦ
1390 2164 1492 2245 ἐμβάλ-

224 2271 286 2328 λειν
305 2268 371 2330 fere
390 2270 573 2331 tribuerunt
591 2270 818 2346 Alexandriui3
840 2286 1039 2345 quamquam
1063 2286 1083 2331 a
1102 2270 1199 2331 verbo
1219 2266 1343 2347 μάσσειν
1355 2269 1492 2330 derivari

225 2371 339 2432 debere
366 2386 430 2432 non
456 2372 576 2433 oblitus
600 2375 670 2434 erat
693 2375 820 2448 noster;
852 2388 931 2434 nam
950 2372 1004 2437 IV.
1032 2374 1071 2432 13
1095 2368 1407 2449 αἰιιομάσσεσθαι
1430 2370 1491 2432 vul·

223 2474 299 2547 gato
322 2489 421 2535 sensu
444 2474 583 2536 adhibet.
608 2474 692 2535 Tum
715 2474 913 2550 pronominis
936 2475 1076 2536 formam
1100 2473 1264 2552 ριν,11σο1
1287 2473 1382 2535 uobis
1403 2474 1492 2536 hodie

224 2575 359 2636 minime
390 2575 572 2637 homericae
603 2576 740 2638 dialecto
763 2577 933 2637 convenire
956 2577 1113 2653 videatur,
1137 2576 1302 2637 invenisse
1326 2576 1494 2638 tamenin

223 2677 293 2738 suis
326 2676 567 2752 exemplaribus
601 2680 635 2739 et
668 2678 776 2753 spicae
812 2678 943 2739 dictioni
975 2678 1156 2739 vindicasse
1187 2677 1294 2752 possis
1325 2678 1492 2754 suspicari,

222 2780 376 2854 quoniam
406 2780 575 2855 Apollonio
607 2779 776 2855 sophistae
798 2796 932 2842 necesse
957 2780 1065 2840 visum
1090 2780 1134 2840 sit
1164 2779 1196 2839 iu
1228 2778 1371 2840 Lexlcou
1398 2793 1492 2840 suum

223 2898 297 2943 eam
313 2897 427 2943 vocem
446 2882 587 2957 recipere
606 2882 716 2943 addita
735 2884 812 2943 nota
835 2879 908 2961 »οὐχ
927 2879 1090 2960 εὑρίσκεται
1102 2874 1168 2961 παρ’
1186 2875 1305 2964 Ὁμήρῳ
1329 2876 1370 2952 ὡς
1389 2880 1494 2940 Ἀναίων

221 2980 358 3063 ιείαχεν”
390 2984 440 3055 (cf.
461 2983 607 3045 Schneid.
640 3000 669 3059 p.
695 2985 780 3060 227),
813 2985 896 3057 quod
927 2985 983 3045 vix
1014 2985 1230 3046 memorasset
1257 2983 1322 3042 nisi
1345 2982 1403 3043 alii
1427 2998 1493 3045 con·

221 3087 322 3148 traria
351 3088 512 3161 putarent.
544 3086 589 3146 At
618 3086 651 3147 in
683 3087 893 3160 sequentibus
923 3086 1055 3148 Hesiodi
1086 3086 1193 3147 locum
1226 3084 1301 3160 Opp.
1335 3086 1400 3147 225
1429 3101 1491 3160 sqq.

222 3188 395 3250 artificiose
432 3188 554 3248 imitari
594 3187 829 3249 Callimachum
867 3189 1031 3250 interdum
1070 3188 1167 3249 verbo
1198 3188 1334 3248 verbum
1366 3189 1492 3250 redden·

221 3293 301 3368 tem,
341 3290 505 3352 interdum
546 3290 587 3351 ab
622 3291 754 3364 antiqua
788 3291 1008 3368 simplicitate,
1043 3291 1121 3351 dum
1156 3291 1189 3350 iu
1224 3290 1363 3351 arctiora
1399 3293 1491 3353 vetus

222 3407 338 3466 poema
368 3392 546 3468 contrahat,
566 3391 694 3467 longius
717 3392 947 3471 discedentem,
972 3392 1156 3454 observabit
1175 3392 1358 3467 quicunque
1379 3394 1492 3454 utrius·

222 3508 285 3567 que
308 3495 421 3568 poetae
444 3494 542 3555 verba
565 3495 811 3570 comparaverit.
832 3496 910 3556 Inde
930 3496 1080 3570 apertum
1100 3495 1151 3555 est
1170 3494 1249 3556 illud
1270 3491 1492 3572 ἀλιτήμσνα

222 3591 346 3655 πολλὰ
379 3591 566 3655 τίλεσκον
600 3611 675 3657 cum
710 3595 843 3657 Hesiodi
873 3612 970 3657 versu
1005 3597 1067 3656 241
1112 3593 1208 3671 „dorca
1247 3591 1409 3673 ἀλιτραίνει
1445 3591 1492 3654 καί

221 3693 378 3774 ἀτάσθαλα
418 3695 623 3776 prmaeium?
660 3713 733 3759 esse
768 3699 1030 3775 comparandum,
1064 3698 1101 3757 ut
1133 3695 1320 3758 Callimachi
1347 3712 1398 3759 vs.
1432 3698 1491 3757 122

222 3814 291 3874 sqq.
324 3800 441 3860 ο1125
473 3815 548 3861 cum
576 3800 706 3862 Hesiod.
739 3801 802 3860 242
830 3816 917 3876 sqq.;
952 3800 999 3860 ita
1033 3814 1109 3861 vero
1139 3814 1209 3860 rem
1240 3813 1335 3873 agere
1363 3803 1492 3874 poetam

222 3901 479 3963 Alexandrinum
520 3904 557 3962 ut
596 3902 742 3963 doctrina
776 3918 836 3964 sua
870 3904 1040 3977 antiquum
1079 3903 1213 3963 exornet
1247 3917 1373 3978 poema,
1410 3917 1491 3963 nunc

222 4003 315 4064 utin
339 4004 446 4064 verbis
472 4002 637 4082 »κείρονται
661 3999 692 4063 dt
715 4000 870 4085 ρίρανιες”
895 4020 992 4065 usum
1016 4003 1190 4079 respiciens
1213 4003 1417 4065 homericum
1441 4003 1491 4065 ubi

221 4104 305 4166 hanc
338 4103 608 4179 significationem
641 4106 765 4168 obtinet
795 4107 946 4186 κείρεσθαι
980 4106 1094 4178 (veluti
1124 4105 1150 4165 δ.
1184 4106 1246 4167 198
1275 4103 1438 4185 κείρασθαί
1464 4125 1491 4164 τε

221 4204 318 4285 κόμην
347 4203 463 4286 βαλέειν
490 4201 510 4268 ι’
544 4204 603 4269 ἀπὸ
634 4206 729 4287 δάκρυ
752 4213 904 4288 παρειῶν),
931 4224 1016 4269 nunc
1039 4207 1170 4269 Pindari
1199 4207 1311 4281 legens
1343 4207 1489 4282 vestigia,

223 4308 330 4370 Ialhm.
361 4308 431 4370 VH.
470 4310 509 4370 12
540 4306 561 4389 ἢ
597 4304 708 4389 Δωρίδ’
751 4307 892 4371 ἀποικίαν
926 4310 1048 4371 οὕνεκεν
1083 4305 1188 4392 ὀρθῷ
1223 4306 1391 4381 ἔστασας
1430 4305 1489 4370 ἐπί

223 4419 357 4493 σφυρῷ
396 4409 655 4489 Λακεδαιμονίαν,
688 4414 784 4474 modo
819 4412 952 4487 vulgata
994 4411 1127 4473 uomina
1161 4411 1341 4471 secuudum
1383 4426 1488 4472 mores

222 4527 302 4572 suae
332 4513 451 4572 aetatis
477 4511 680 4588 amplificans
710 4515 757 4576 ita
788 4516 824 4575 ut
854 4530 910 4590 pro
944 4514 1039 4575 solito
1068 4509 1163 4591 λεχὼ
1196 4512 1317 4573 diceret
1346 4509 1489 4592 λεχαὶς,

223 4615 318 4675 modo
348 4616 385 4673 ut
414 4614 447 4674 in
478 4611 618 4693 βληιαλ
652 4616 701 4687 (de
731 4632 796 4691 qua
826 4632 903 4678 voce
934 4616 1103 4677 subtiliora
1133 4629 1230 4689 quam
1258 4629 1341 4686 quae
1376 4629 1488 4676 versus
