3068 5294
838 447 899 506 198
1300 442 1340 501 11.
1367 440 1476 501 18-20

227 626 322 699 πνοὰς
359 626 486 705 νήνεμος
520 627 624 709 αἰθὴρ,
654 637 735 707 κῦμα
769 626 802 691 δὲ
833 630 944 691 ττόντον
977 627 1017 707 μὴ
1042 627 1230 689 κελαδείτω”.
1254 627 1375 687 Eodem
1398 639 1477 686 sensu

227 745 312 791 nunc
351 728 569 791 Callimachus
602 731 738 791 verbnm
768 732 847 792 illud
878 732 1017 807 adhibet,
1050 734 1084 790 et
1114 730 1165 790 hic
1190 743 1269 789 sane
1300 727 1414 788 solitus
1441 728 1479 787 est
1522 752 1526 808 χ

227 846 308 891 usus
332 831 560 892 vocabulorum
587 829 722 910 εὔφημος
745 834 779 894 et
802 832 948 911 εὐφημεῖν
972 833 1056 908 apud
1080 832 1284 893 recentiores.

273 931 415 992 Verbum
439 932 596 1012 κλείειν,
619 935 702 1008 quod
725 934 750 995 Ι.
777 935 817 995 51
842 936 951 995 minus
975 935 1124 995 accurate
1154 931 1336 993 adhibitum
1358 929 1480 990 vidimus
1523 1004 1524 1007 Ἴ

229 1033 280 1103 (cf.
304 1048 401 1108 supra
424 1048 495 1108 pag.
517 1036 579 1110 24),
603 1051 687 1097 nuno
718 1036 898 1097 celebrandi
924 1035 1192 1111 significationem
1216 1033 1341 1093 obtinet
1363 1031 1480 1092 eandem
1522 1020 1523 1024 ’

229 1150 328 1209 quam
359 1135 456 1196 habet
486 1137 518 1196 in
543 1152 580 1198 eo
612 1152 718 1212 versu,
743 1137 835 1197 cuius
857 1137 955 1199 linem
979 1137 1018 1197 ad
1043 1130 1178 1197 verbnm
1203 1133 1358 1208 exprimit
1379 1135 1480 1206 noster,
1523 1155 1524 1159 ¹

229 1260 259 1298 α.
284 1237 348 1297 338
1522 1227 1523 1231 ¹

473 1333 534 1419 ἔργ’
561 1336 680 1418 ἀνδρῶν
704 1360 734 1399 τε
756 1344 838 1399 θεῶν
862 1361 902 1417 τε,
923 1338 958 1398 τά
981 1361 1010 1399 τε
1033 1337 1181 1398 κλείουσιν
1204 1333 1310 1397 ἀοιδοί.

275 1439 440 1501 citharam
462 1441 621 1516 Apollinis
645 1442 742 1515 atque
766 1456 878 1502 arcum
904 1456 966 1516 quo
990 1441 1139 1515 exemplo
1162 1440 1255 1500 nisus
1279 1440 1373 1500 vocet
1399 1436 1481 1515 ,ivea

233 1541 370 1620 Φοίβου”
405 1542 470 1602 iarn
505 1543 644 1604 vidimus
674 1558 745 1618 pag.
773 1545 831 1617 77;
856 1544 913 1604 sed
937 1544 1067 1603 cuinam
1091 1542 1186 1603 debet
1209 1541 1407 1614 exquisitam
1427 1542 1481 1601 doc·

231 1644 351 1704 trinam
382 1659 445 1718 qua
476 1642 664 1723 Λυκορὲα
699 1648 864 1720 nuncupat
895 1646 1084 1706 Phoebum?
1103 1644 1225 1705 Notum
1246 1646 1297 1704 est
1321 1643 1481 1703 Pausaniae

230 1745 418 1806 testimonio
449 1746 498 1816 (X.
523 1749 553 1823 6,
568 1747 586 1805 2
603 1751 681 1821 sqq.)
704 1747 850 1808 diversas
873 1747 974 1807 fuisse
999 1747 1150 1807 Parnassi
1174 1745 1359 1806 accolarum
1382 1744 1480 1819 opinio·

232 1862 290 1907 nes
313 1846 352 1907 de
375 1847 496 1920 origine
527 1848 615 1908 urbis
639 1849 808 1925 Lycoreae,
833 1850 935 1922 deque
958 1864 1057 1909 sensu
1080 1847 1231 1908 nominis.
1255 1846 1369 1907 Nonne
1391 1846 1481 1921 proba·

231 1947 295 2008 bile
318 1950 379 2025 est,
403 1964 477 2009 cnm
501 1950 598 2010 addat
620 1953 730 2012 noster
752 1951 812 2011 hoc
835 1965 1013 2024 cognomen
1036 1950 1095 2010 deo
1119 1948 1219 2008 simul
1243 1962 1357 2009 arcum
1381 1960 1480 2007 memo·

233 2062 309 2108 rans
332 2050 499 2125 Apollinis,
520 2051 696 2125 Lycoreum
722 2053 752 2113 ei
771 2053 869 2112 deum
888 2054 1042 2113 vocatum
1060 2051 1160 2112 videri
1181 2050 1256 2123 qnia
1274 2050 1362 2124 lupos
1381 2047 1480 2120 arceat,

235 2150 344 2224 itaque
368 2151 551 2226 Apollinem
574 2158 705 2214 Λυκεῖον
729 2154 799 2214 sive
822 2151 1016 2213 Λοκοκνόνον
1040 2152 1231 2213 eonomine
1255 2141 1479 2225 significariil.
1533 2144 1534 2197 ἶ

279 2252 368 2312 Artis
390 2254 445 2313 vix
468 2255 576 2315 minus
597 2256 709 2317 doctae
733 2257 960 2317 testimonium
982 2255 1113 2330 praebet
1132 2268 1248 2315 versus
1260 2254 1302 2313 20
1316 2253 1369 2313 ubi
1381 2263 1479 2311 memo·

234 2356 347 2414 rantur
369 2355 514 2415 Thetidis
538 2357 696 2433 querelae,
721 2360 850 2432 propter
872 2358 985 2417 laudes
1008 2355 1166 2430 Apollinis
1185 2355 1400 2414 intermissae.
1419 2352 1478 2427 Que-

235 2457 361 2516 rentem
403 2458 441 2518 do
485 2458 594 2518 nutura
632 2458 689 2519 filii
724 2463 829 2520 morte
864 2460 1035 2519 induxerat
1069 2457 1238 2518 Thetidem
1273 2456 1429 2516 Homerus
1456 2451 1478 2510 in

234 2556 440 2632 hoplopoeiae
475 2575 540 2620 vss.
574 2561 616 2621 35
639 2576 704 2635 sqq.
730 2561 791 2622 Sed
815 2562 881 2621 iam
909 2559 1110 2634 Aethiopidis
1136 2559 1232 2633 poeta
1251 2557 1290 2618 de
1314 2559 1391 2619 deae
1412 2555 1481 2616 luctu

234 2660 308 2733 post
342 2657 401 2719 filii
433 2663 573 2722 mortem
607 2663 688 2736 egit:
725 2659 828 2738 ,Olea
860 2663 1065 2737 (interempto
1088 2660 1222 2730 Achille)
1254 2655 1417 2736 ἀφικομένη
1440 2651 1480 2712 obv

215 2761 377 2833 ,Μούσαις
411 2759 461 2820 καί
494 2766 557 2834 ταῖς
588 2759 730 2839 ἀδελφαῖς
760 2767 872 2841 θρηνεῖ
897 2760 949 2822 τὸν
972 2760 1087 2821 παῖδα”
1112 2762 1241 2836 (fraym.
1265 2776 1310 2835 ep.
1336 2761 1383 2821 ed.
1406 2753 1480 2818 Kini.

235 2878 265 2937 p.
291 2863 354 2933 34).
378 2864 463 2925 Item
488 2864 522 2923 in
545 2864 648 2924 altera
670 2865 785 2938 necyia
808 2869 850 2934 (ω.
875 2866 928 2934 47)
952 2865 1117 2924 narratur:

478 2963 572 3041 μήτηρ
596 2959 626 3023 δ’
653 2962 682 3037 ἐξ
705 2961 775 3037 ἁλὸς
798 2956 873 3042 ἦλθε
898 2963 955 3024 σὺν
978 2961 1133 3047 ἀθανάτης
1156 2958 1273 3045 ἁλίῃσιν

477 3062 611 3146 ἀγγελίης
635 3064 751 3127 ἀίουσα·
775 3063 832 3145 βοὴ
858 3060 888 3126 ‹l'
915 3063 977 3126 ἐντί
1000 3063 1148 3125 πόντον
1171 3059 1276 3143 ὀρώρει

478 3166 630 3245 θεσπεσίη.

281 3268 361 3329 (ium
397 3284 472 3330 vero
506 3269 707 3343 Aethiopidis
739 3268 905 3328 enarrator
928 3267 1060 3328 Procius
1083 3268 1218 3328 adiciat:
1246 3260 1283 3342 ,ἡ
1310 3262 1392 3337 Θέτις
1413 3261 1485 3337 ἀναρ-

234 3367 353 3428 adeona
387 3367 439 3429 τὸν
469 3370 562 3429 παῖδα
593 3369 633 3441 εἰς
664 3367 718 3447 τὴν
746 3365 870 3445 Λευκὴν
900 3376 994 3446 νῆσον
1017 3368 1210 3446 ὁιοιιομίζει”,
1235 3371 1347 3428 contra
1370 3367 1486 3427 alterius

235 3472 367 3544 necyiae
382 3474 477 3547 poeta
500 3473 532 3532 in
553 3471 633 3532 Orco
652 3472 768 3546 degere
787 3471 948 3532 Achillem
966 3471 1102 3531 censuit.
1125 3469 1223 3531 (iuius
1244 3469 1384 3544 opinioni
1395 3468 1489 3529 farore

233 3574 382 3633 nostrum
416 3573 578 3647 (quidquid
613 3574 651 3634 do
686 3575 817 3635 anctore
853 3575 950 3646 atque
984 3573 1106 3647 origine
1138 3575 1306 3632 extremae
1341 3570 1490 3645 Odysseae

234 3674 336 3748 partis
366 3674 530 3745 iudicavit)
561 3691 624 3736 non
659 3675 837 3748 miramur;
874 3689 951 3734 nam
983 3673 1141 3734 memoria
1164 3674 1315 3733 tenemus
1339 3688 1440 3746 nequa
1460 3671 1492 3730 de

235 3774 357 3852 cadmi,
378 3792 480 3850 neque
501 3777 539 3837 de
556 3777 642 3837 Pelei
654 3792 757 3851 neque
771 3776 809 3837 de
823 3776 964 3850 Tydidae
978 3777 1045 3836 vita
1058 3777 1132 3850 post
1143 3776 1284 3836 mortem
1295 3775 1392 3837 beata
1403 3775 1495 3835 ullam

235 3876 304 3937 lieri
335 3878 418 3952 apud
450 3877 683 3938 Callimachum
717 3878 927 3937 mentionem.
960 3877 1001 3936 Et
1023 3892 1108 3938 nuno
1133 3878 1219 3936 certe
1243 3876 1319 3950 quid
1342 3877 1382 3937 de
1408 3891 1446 3937 ea
1467 3891 1497 3934 ro

236 3981 382 4040 censeret
415 3980 544 4039 disertis
577 3979 684 4039 verbis
719 3979 883 4039 indicavit.
916 3978 1137 4052 Sempiternas
1171 3978 1260 4038 enim
1294 3993 1371 4037 cnm
1405 3977 1499 4052 lingat

236 4079 380 4140 Thetidis
410 4080 558 4154 querelas
589 4082 623 4140 et
666 4083 743 4140 tunc
782 4080 877 4140 modo
910 4079 1073 4154 paulisper
1104 4079 1310 4140 intermissas
1340 4094 1417 4141 cum
1439 4080 1500 4140 lau·

235 4180 292 4241 des
320 4180 478 4256 Apollinis
506 4182 738 4258 instaurentur,
764 4181 798 4241 in
823 4181 903 4254 Orco
931 4196 1049 4242 aevum
1079 4181 1193 4256 degero
1220 4182 1314 4256 putat
1332 4181 1500 4256 Achillem,

235 4283 344 4356 quisi
375 4279 407 4342 ἐν
438 4282 540 4360 νήσοις
568 4282 712 4363 μακάρων
736 4286 833 4360 esset,
862 4282 952 4342 nulla
981 4285 1070 4343 esset
1099 4282 1198 4342 matri
1227 4283 1376 4358 perpetui
1397 4283 1502 4344 luctus

270 4525 290 4592 ¹)
307 4529 409 4577 Placuit
430 4529 479 4577 hoo
506 4531 638 4591 epitheton
667 4531 761 4578 ceteris
784 4541 886 4589 quoqne
910 4529 994 4589 poetis
1016 4528 1206 4584 Alexandrinla;
1229 4526 1288 4575 vide
1316 4527 1401 4588 Apoll.
1423 4527 1503 4575 ahod

235 4608 278 4658 1v.
298 4610 373 4666 149ος
391 4609 503 4670 Euphor.
522 4609 553 4658 ir.
573 4604 770 4673 elmataeis).
