3104 5296
814 457 875 516 138
1222 455 1276 516 IV.
1303 457 1480 516 117-120

207 637 295 713 Quod
318 652 381 698 non
401 654 618 702 memorarem
638 642 701 702 nisi
720 643 871 716 frequens
887 643 939 704 hic
958 659 1038 704 usus
1058 645 1141 718 apud
1162 645 1357 705 recentiores
1376 645 1480 706 fuisse

207 737 385 800 videretur:
418 742 626 803 Aristarchus
656 743 776 805 saltem
798 760 862 806 non
889 744 1034 819 neglexit
1057 760 1188 806 monere
1215 746 1346 807 disertis
1370 748 1481 807 verbis

206 841 246 900 ad
274 843 306 903 Y.
328 842 392 902 478
416 841 479 919 „in
501 842 625 903 πάντα
648 842 691 904 τὰ
712 843 901 922 τεταμένα
926 854 1016 924 νεῦρα
1040 843 1177 919 τίνοντας
1191 843 1322 927 Ὅμηρος
1345 845 1456 926 λέμει”.

251 944 436 1005 Revertitnr
449 945 666 1007 callimachus
677 949 717 1009 ad
728 949 888 1022 tragicum
901 964 1085 1011 sermonem
1098 964 1173 1009 cum
1184 966 1231 1010 vs.
1245 950 1317 1026 118,
1326 951 1480 1011 suaviore

208 1060 303 1108 versu
326 1063 425 1120 quam
448 1063 529 1121 quos
555 1064 694 1123 pangere
718 1050 810 1127 solet,
835 1051 945 1112 Pelion
968 1051 1098 1111 invocat
1121 1050 1291 1128 „llr'plwv
1315 1042 1339 1111 ὦ
1365 1051 1481 1112 Φιλύ-

205 1169 275 1225 ρης
309 1149 547 1227 ννμφήιον”,
581 1151 824 1212 substantivum
859 1156 1006 1228 νυμφεῖον
1041 1169 1061 1213 a
1094 1148 1259 1226 tragoedia
1294 1155 1480 1229 mutuatus,

206 1264 281 1311 cum
315 1252 481 1326 praeclara
511 1254 567 1314 illa
589 1254 768 1328 Antigones
792 1256 922 1327 querela
946 1255 974 1315 ei
998 1255 1224 1316 obversaretur
1247 1259 1305 1325 (vs.
1330 1255 1408 1326 891)
1437 1247 1481 1331 „cir

205 1350 316 1431 τύμβος
341 1345 364 1413 ὦ
387 1357 566 1432 νομφεῖον”.
592 1356 630 1415 ln
653 1370 717 1428 qua
740 1371 774 1416 re
798 1372 859 1416 sua
881 1359 993 1417 tamen
1021 1356 1123 1417 utitur
1146 1357 1286 1431 licentia,
1311 1371 1390 1417 nam
1413 1371 1481 1417 non

205 1449 344 1532 λέκτρα
367 1460 498 1532 νυμφεῖα
522 1457 653 1531 respicit
675 1456 825 1531 Philyrae
849 1473 963 1518 verum
987 1458 1066 1519 Pelii
1087 1460 1242 1534 montem,
1267 1473 1329 1531 quo
1349 1458 1482 1530 fugiens

206 1556 351 1630 nympha
375 1563 537 1633 pepererat
564 1557 735 1619 Chironem
759 1559 809 1629 (cf.
836 1574 883 1619 vs.
910 1560 993 1629 104).
1019 1560 1088 1619 Non
1112 1574 1244 1633 possum
1274 1560 1350 1632 quin
1374 1560 1480 1634 suspi-

206 1672 259 1717 cer
282 1659 322 1718 ad
345 1673 420 1719 eum
444 1659 642 1733 singularem
665 1659 754 1720 vocis
774 1675 870 1721 usum
892 1676 929 1721 eo
949 1661 1118 1721 devenisse
1139 1659 1374 1721 callimachum
1394 1661 1481 1733 quod

206 1759 413 1821 observasset
443 1762 572 1836 saepius
595 1762 669 1823 illas
693 1761 847 1823 mulieres
871 1763 989 1823 deasve
1013 1776 1096 1835 quae
1119 1763 1152 1821 in
1176 1761 1252 1822 flore
1276 1763 1396 1822 aetatis
1418 1764 1479 1837 pri·

206 1877 278 1922 mos
303 1862 433 1924 ederent
455 1864 568 1937 partus
591 1864 630 1924 ab
655 1863 795 1924 Homero
819 1863 940 1939 νύμφας
963 1864 1025 1924 dici
1048 1857 1079 1933 ¹).

251 1964 297 2024 De
321 1964 475 2025 vocabulo
499 1960 591 2037 ὠδὶς
614 1967 698 2039 quod
718 1967 816 2040 fetum
836 1981 899 2025 non
921 1967 1033 2040 partus
1052 1966 1169 2026 dolores
1186 1967 1297 2025 nostro
1317 1964 1388 2025 loco
1400 1966 1480 2025 indi·

207 2069 259 2129 cat
278 2069 343 2128 iam
365 2067 432 2127 dixi
450 2083 521 2142 pag.
537 2070 586 2128 16.
608 2069 645 2128 In
667 2067 763 2128 verbo
784 2070 895 2127 autem
916 2064 1189 2143 innostescere
1208 2072 1268 2137 (vs.
1286 2067 1357 2136 120)
1372 2068 1481 2141 magis

206 2170 344 2230 fortasse
379 2169 564 2242 aequalium
600 2184 696 2228 usum
730 2184 828 2242 quam
854 2169 1026 2242 antiquum
1049 2183 1232 2229 sermonem
1258 2171 1391 2228 secutus
1415 2172 1478 2229 est.

207 2271 322 2347 Minus,
346 2271 468 2346 opinor,
492 2270 625 2330 ινιῖιιιιιλι·
649 2271 715 2330 vim
740 2270 838 2330 habet
857 2286 956 2344 quam
975 2270 1122 2345 ponendi,
1144 2284 1207 2342 qua
1226 2271 1350 2329 ratione
1369 2265 1479 2347 ὁρμὴν,

207 2369 299 2453 ὁρμὴν
333 2369 552 2452 ἀπερείδεσθαι,
585 2371 639 2450 την
673 2370 776 2432 ἐλπίδα
814 2371 856 2445 εἴς
891 2394 956 2432 τινα
992 2368 1201 2450 ἀπερείδεσθαι
1236 2373 1362 2448 dicitur,
1399 2373 1480 2445 quin

207 2474 307 2534 etiam
342 2470 395 2550 τὴν
429 2473 510 2534 λείαν
540 2473 581 2546 είς
612 2473 704 2534 τόπον
727 2471 792 2533 τινά
822 2470 1031 2553 ἀπερείδεσθαι
1056 2473 1139 2533 dixit
1162 2473 1314 2546 Polybius
1339 2475 1393 2534 cui
1417 2475 1479 2535 hoc

207 2577 341 2638 verbum
365 2578 576 2650 infrequenti
598 2579 649 2637 est
673 2592 743 2636 usu.
769 2577 859 2636 Idem
883 2577 948 2637 iam
977 2576 1119 2636 valuisse
1145 2574 1342 2636 Callimacho
1367 2576 1391 2635 ii
1414 2576 1478 2637 loci

207 2681 347 2753 arguunt
369 2680 485 2753 quibus
509 2679 650 2754 simplex
674 2678 807 2738 verbum
832 2678 981 2752 legimus.
1005 2679 1056 2737 Ita
1075 2676 1128 2736 IV.
1143 2678 1205 2736 234
1227 2673 1350 2753 ἐρείδειν
1369 2675 1477 2754 πτερὸν

206 2782 323 2843 dicitur
357 2797 502 2856 somnus,
537 2782 570 2841 in
601 2795 665 2853 qua
695 2795 729 2840 re
760 2780 879 2839 iterum
910 2779 1075 2852 tragoedia
1099 2778 1248 2852 exemplo
1272 2793 1347 2839 esse
1371 2781 1479 2853 potuit

206 2883 290 2954 (Eur.
323 2882 389 2958 Iph.
429 2883 523 2944 lhur.
562 2884 646 2943 1123
679 2878 759 2958 ὄμμα
790 2880 831 2953 εἰς
854 2888 911 2961 γῆν
935 2878 1078 2959 ἐρείδειν),
1102 2895 1301 2954 quamquam
1326 2880 1481 2941 favebant

206 3000 331 3058 quoque
362 2985 436 3045 huic
467 2985 541 3045 usui
565 2984 612 3044 illi
636 2998 750 3045 versus
774 2983 938 3044 Homerici
961 2998 981 3042 a
1004 2982 1121 3055 quibus
1144 2982 1236 3042 abest
1259 2982 1348 3043 notio
1371 2983 1480 3043 omnis

208 3088 377 3162 adnitendi,
414 3086 515 3147 veluti
555 3088 595 3146 Ψ.
633 3086 706 3145 284.
751 3081 854 3159 „cirisi
887 3081 919 3144 δέ
953 3100 1026 3159 σφιν
1060 3087 1156 3160 χαῖται
1190 3079 1395 3161 ἐρηρέδαται”.
1431 3085 1480 3144 Ex

206 3189 322 3261 quibus
357 3188 426 3248 iure
461 3186 582 3248 efficias
615 3186 849 3247 Callimachum
883 3201 947 3246 non
981 3186 1103 3246 favisse
1135 3199 1246 3245 eorum
1282 3186 1402 3246 iudicio
1424 3186 1481 3259 oui

205 3312 234 3366 η.
255 3291 297 3350 95
322 3287 371 3360 (iv
396 3285 427 3348 δὲ
446 3288 553 3368 θρόνοι
576 3286 643 3367 περὶ
660 3293 758 3366 τοῖχον
779 3282 924 3367 ἐρηρέδατ’
948 3286 1025 3346 ἔνθα
1046 3284 1095 3344 καὶ
1116 3284 1203 3356 ἔνθα)
1225 3287 1360 3347 verbum
1381 3287 1479 3362 expli·

206 3391 322 3452 cabant
341 3393 512 3464 tamquam
536 3388 768 3469 ,ἐνηρμοσμένον
788 3381 899 3467 ἦσαν’,
914 3391 990 3463 quia
1000 3391 1081 3465 fiaes
1093 3389 1194 3449 luisse
1207 3389 1301 3448 sedes
1314 3391 1479 3463 putarent.

249 3486 490 3569 Ὠμοτόκονς
526 3494 607 3553 satis
642 3493 817 3569 explicavit
849 3493 1074 3567 spanhemius,
1110 3493 1256 3565 spectare
1289 3505 1403 3551 vocem
1435 3491 1482 3567 (ni

207 3594 299 3655 fallor
324 3595 443 3655 rectius
462 3610 560 3668 quarn
582 3594 770 3665 Meinekius)
796 3596 915 3670 putans
939 3594 979 3654 ad
1004 3608 1145 3666 eaquae
1168 3593 1206 3652 de
1231 3591 1362 3652 leonum
1384 3594 1483 3666 partu

206 3694 333 3755 rettulit
356 3695 538 3756 Herodotus
561 3696 618 3756 111.
647 3696 718 3756 108.

251 3897 305 3958 VS.
334 3899 405 3959 121.
425 3896 480 3974 τὴν
505 3893 532 3959 δ’
558 3896 616 3976 ἀρα
638 3896 688 3959 καὶ
713 3896 843 3977 Πηνειὸς
866 3894 1001 3977 ἀμείβετο
1026 3896 1142 3974 δάιιρνα
1165 3894 1281 3973 λείβων·

433 4006 557 4079 ηΛητοῖ,
578 3998 725 4081 ἀναγκαίη
750 3999 860 4079 μεγάλη
887 3997 967 4071 θεός·
991 3997 1027 4059 οὐ
1051 3996 1107 4078 γὰρ
1129 3996 1218 4076 ἔγωγε

428 4101 534 4163 πότνια
557 4100 611 4174 σάς
635 4099 745 4174 ὠδῖνας
767 4099 929 4178 ἀναίνομαι
953 4135 994 4144 -
1018 4093 1086 4161 οίδα
1109 4097 1160 4159 καί
1183 4096 1272 4171 ἀλλοις

430 4202 614 4281 λουσαμένας
638 4199 686 4263 ἀπ’
713 4201 792 4282 ἐμεῖο
816 4201 955 4282 λεχωίδας
981 4236 1021 4246 -
1047 4198 1120 4261 ἀλλά
1144 4222 1194 4278 μοι
1207 4197 1289 4278 Ἥρη

332 4307 394 4367 125
430 4302 552 4382 δαψιλὲς
574 4304 739 4384 ἠπείλησεν.
764 4303 947 4384 ἀπαύγασαι,
969 4296 1031 4375 οίος
1054 4300 1178 4381 ἔφεδρος

428 4405 531 4486 οὔρεος
554 4406 583 4481 ἐξ
608 4407 723 4469 ὖπάτον
748 4404 879 4485 σκοπιὴν
903 4404 969 4485 ἔχει,
991 4403 1023 4477 ὅς
1046 4402 1136 4482 κέμε
1159 4402 1223 4482 ῥεῖα

243 4638 265 4703 ¹)
284 4642 322 4689 01.
340 4642 406 4689 inira
424 4642 456 4688 ad
473 4655 511 4689 vs.
529 4643 583 4689 215.
