3068 5294
64 457 116 519 IV.
141 457 318 518 249-256
664 454 726 514 173

62 647 159 707 verbo
182 643 347 723 μέλπεσθαι
370 643 468 717 atque
491 641 525 701 in
552 641 758 702 substantivo
783 637 881 718 μολπὴ
904 641 1049 703 nondum
1071 643 1228 705 statuisse
1250 647 1334 719 quod

61 750 175 822 postea
205 746 332 807 monuit
361 743 570 804 Aristarchus
598 741 649 812 (cf.
673 742 817 802 Ariston.
841 743 881 802 ad
907 744 945 800 A.
969 744 1044 818 474,
1079 743 1180 805 Lehrs
1204 762 1234 821 p.
1261 749 1334 818 138)

60 864 116 908 eas
148 861 245 908 voces
275 847 315 906 ab
347 845 488 905 Homero
519 845 558 904 de
589 843 664 904 ludo
696 858 825 917 semper
857 843 929 919 dici,
960 859 1140 918 numquam
1164 847 1203 908 de
1226 851 1334 911 cantu.

58 949 192 1025 Spectat
215 949 303 1008 enim
325 960 411 1007 nunc
435 944 653 1005 Callimachus
675 959 808 1005 versum
829 947 866 1002 A.
886 945 952 1004 474
975 941 1151 1022 „pithoeus
1171 944 1332 1029 ἓνάερρον”

57 1052 143 1124 quod
173 1050 273 1124 igilur
303 1063 379 1109 cum
410 1045 641 1107 recentioribus
670 1045 710 1106 de
735 1047 833 1106 cautu
857 1046 991 1121 accepit,
1016 1048 1130 1109 eodem
1154 1051 1249 1112 modo
1272 1067 1335 1126 quo

57 1153 99 1213 ΙΙ.
126 1153 145 1212 7
171 1150 413 1212 substantivum
438 1143 535 1224 potavi
558 1148 627 1222 lpse
652 1147 807 1208 adhibuit.

103 1252 268 1313 Proximis
290 1252 438 1312 versibus
460 1251 494 1310 in
517 1249 682 1323 tragoedia
704 1263 881 1310 moramur.
917 1250 1042 1311 Pariter
1067 1252 1153 1312 enim
1177 1273 1333 1333 περικν-
1371 1323 1373 1329 ,

58 1358 264 1415 uipereor
296 1354 457 1422 (cohaeret
483 1352 570 1412 enim
599 1366 674 1411 cum
694 1351 792 1411 verbo
812 1352 1005 1426 praepositio
1024 1355 1176 1426 quamvis
1198 1360 1334 1436 remota,

60 1456 101 1517 cf.
123 1472 153 1532 p.
176 1457 230 1527 91)
250 1470 288 1516 ac
318 1451 522 1514 inusitato
549 1454 681 1527 tragicis
700 1453 795 1514 debet
815 1453 866 1524 (of.
890 1453 965 1515 Eur.
990 1453 1098 1517 Eleclr.
1124 1457 1210 1535 864),
1229 1474 1333 1534 neque
1370 1438 1372 1443 ¹

58 1559 174 1618 minus
203 1555 347 1635 λοχεία,
380 1555 432 1617 cui
463 1555 668 1616 substantivo
697 1555 828 1632 frustra,
860 1557 896 1615 ut
921 1556 1009 1630 epioe
1032 1560 1171 1635 sonaret,
1194 1559 1335 1622 formam

58 1660 206 1720 ionicam
236 1659 341 1719 induit
370 1659 481 1717 noster
509 1656 626 1734 λοχελην
658 1657 812 1717 scribens.
845 1657 919 1731 Ipse
952 1658 1064 1719 autern
1088 1660 1196 1720 exitus
1220 1676 1335 1723 versus

58 1763 125 1823 252
161 1758 347 1837 ,ἀοιδόεατοι
377 1761 550 1837 πετεηνῶν”
581 1759 658 1819 licei
685 1775 727 1819 ex
751 1759 934 1820 imitatione
957 1761 1112 1822 homerici
1138 1761 1334 1837 ,τελειότατον

55 1871 210 1939 πετεηνῶν
244 1862 289 1933 (Θ.
314 1863 388 1932 249)
420 1863 498 1921 nata
531 1861 597 1920 sint
627 1861 736 1936 verba,
767 1863 879 1922 tamen
910 1862 1100 1936 superlativi
1123 1863 1228 1925 forma
1247 1867 1333 1926 haud

58 1965 187 2038 vulgari
210 1967 380 2038 tamquam
404 1964 504 2037 digito
529 1966 711 2024 monstrare
739 1963 820 2023 mihi
844 1962 971 2023 videtur
993 1965 1124 2039 poetam
1148 1965 1240 2026 cuius
1264 1983 1335 2029 ves·

56 2068 140 2141 tigia
163 2081 249 2127 nuuc
272 2068 382 2127 noster
404 2066 532 2141 premit.
565 2065 728 2141 Quantum
752 2064 915 2139 novimus,
936 2079 1032 2125 nemo
1053 2070 1128 2126 ante
1148 2066 1333 2143 Euripidem

58 2170 119 2230 hac
154 2168 260 2229 forma
284 2175 383 2228 'usus
417 2169 497 2229 erat.
534 2167 594 2243 Qui
628 2165 745 2236 (Helen.
784 2166 882 2240 1109)
913 2166 947 2225 iu
979 2166 1066 2226 chori
1098 2169 1228 2230 exordio
1262 2186 1332 2231 sua·

60 2271 198 2331 vissimo
232 2266 349 2347 ἀηδόνα
380 2266 583 2347 δακρυόεσσαν
618 2268 785 2328 celebrans
820 2264 1015 2341 „o’rordoroiwv
1047 2264 1157 2347 ὄρνιθα
1180 2270 1335 2356 μελῳδὸν”

58 2373 297 2445 suffragantem
332 2370 444 2431 habuit
478 2370 686 2430 Theocritum
721 2368 804 2439 (XII.
842 2370 880 2439 7).
911 2370 956 2428 At
989 2368 1185 2431 Callimacho
1215 2373 1337 2448 placuit

58 2489 145 2535 nunc
170 2473 301 2548 quidem
324 2471 380 2532 alii
403 2472 456 2532 avi
480 2470 623 2544 palmam
650 2469 830 2530 cantilenae
852 2468 985 2546 deferre,
1009 2485 1120 2548 cycno,
1145 2488 1243 2546 quem
1266 2475 1335 2549 ipse

58 2590 186 2648 quoque
206 2573 374 2647 Euripides
398 2587 495 2646 saepe
522 2572 651 2645 propter
673 2571 790 2630 cantus
812 2569 1014 2631 dulcedinem
1038 2571 1215 2651 laudasset,
1239 2576 1335 2651 idque

58 2676 252 2752 praesertim
275 2690 340 2735 uno
363 2675 443 2750 loco,
467 2687 565 2747 quem
584 2687 670 2732 nunc
692 2673 819 2745 spectat
843 2670 1061 2733 callimachus
1082 2689 1201 2748 cycnos
1223 2679 1334 2753 „Mov-

58 2776 141 2838 οάον
173 2773 321 2855 ’όρνιθας”
354 2775 529 2850 appellans.
565 2773 657 2834 Hanc
686 2773 773 2833 enirn
808 2774 914 2848 ipsam
949 2773 1091 2835 insulam
1127 2776 1227 2838 Delon
1262 2794 1333 2840 can·

58 2881 135 2940 tans
175 2878 343 2955 Euripides
384 2879 417 2938 in
460 2876 560 2952 Iphip.
600 2875 695 2937 Tour.
732 2891 779 2936 vs.
819 2877 903 2953 1103
946 2882 1185 2939 memoraverat
1227 2879 1335 2960 λίμνην

57 2979 213 3059 τροχοεεδῆ

349 3078 456 3156 λίμναν
479 3072 508 3138 θ’
539 3077 726 3138 εἱλίσσουσαν
749 3076 832 3157 ὕδωρ
857 3078 980 3139 κύκλιον

352 3178 429 3240 ἔνθα
452 3180 563 3251 κύκνος
586 3177 717 3264 μελῳδὸς
743 3179 873 3251 Μούσας
896 3180 1065 3259 θεραπεύει.

105 3287 183 3347 Mire
214 3286 254 3345 ab
285 3284 345 3344 hac
368 3283 563 3344 imitationis
586 3285 655 3343 arte
676 3282 856 3357 composita
881 3284 914 3342 et
937 3281 1098 3343 laboriosa
1120 3284 1244 3346 distant
1267 3303 1332 3347 ver·

59 3404 118 3448 sus
139 3388 325 3461 sequentes.
348 3385 479 3446 Etiam
502 3385 655 3446 novimus
680 3384 870 3446 Callimachi
894 3399 1029 3445 morem.
1055 3384 1336 3463 Quotienscunque

60 3489 189 3551 doctam
222 3487 261 3548 de
292 3503 351 3548 suo
382 3486 625 3548 adnotationem
648 3488 819 3561 tamquam
844 3486 963 3546 subicit
987 3487 1145 3565 versibus,
1171 3489 1337 3553 descendit

59 3591 101 3651 ad
133 3590 316 3651 orationem
347 3589 435 3649 vitae
465 3587 654 3649 cotidianae.
685 3586 779 3648 Redit
810 3590 922 3647 aulem
954 3589 1068 3649 statim
1091 3589 1130 3649 ad
1154 3592 1336 3663 graviorem
1399 3583 1415 3625 '·

59 3691 235 3753 dictionem
271 3689 407 3764 epicam,
442 3688 694 3763 exemplumque
727 3688 929 3749 homericum
966 3689 1068 3750 immo
1099 3693 1336 3755 sententiarum

58 3808 183 3854 nexum
217 3790 359 3865 exempli
394 3790 445 3850 sui
479 3790 637 3850 imitando
672 3790 825 3866 illustrat,
860 3805 936 3851 cum
973 3806 1020 3852 vs.
1055 3793 1119 3853 255
1143 3807 1189 3867 sq.
1220 3797 1337 3870 repetit

58 3895 222 3970 copiosius
255 3907 338 3968 quae
368 3892 417 3953 ita
440 3894 649 3952 enarraverat
671 3891 825 3952 homerici
849 3892 965 3965 hymni
987 3893 1021 3952 ia
1043 3893 1220 3969 Apollinem
1242 3901 1338 3972 poeta
1373 3875 1375 3888 ⁴

58 3995 222 4071 antiquior
245 3998 304 4066 (vs.
332 3995 406 4064 119)

296 4092 338 4154 ’ἐκ
363 4089 389 4155 δ’
418 4091 506 4174 ἔθορε
528 4093 586 4174 πρὸ
609 4092 736 4170 φόωσδε·
760 4091 830 4154 θεαὶ
854 4088 882 4154 δ’
909 4089 1054 4168 ὀλόλυξαν
1080 4094 1201 4158 ἅπασαι.

103 4198 193 4276 Quae
224 4199 334 4258 autem
367 4198 451 4272 apud
474 4199 624 4258 nostrum
654 4199 751 4256 cantu
775 4211 835 4256 suo
858 4197 954 4257 deum
979 4213 1092 4258 recens
1116 4203 1231 4261 nalum
1256 4205 1337 4265 exci-

58 4303 152 4377 piunt
186 4314 250 4360 non
284 4299 364 4368 deae
393 4301 470 4359 sunt
504 4301 539 4358 at
568 4297 710 4359 Deliacos
739 4298 905 4374 nymphae,
937 4314 1020 4372 quae
1058 4300 1190 4375 antiquo
1225 4309 1338 4379 poetae

58 4404 197 4464 audiunt
216 4408 324 4478 κοῦροι
344 4398 490 4478 Δηλιάδες
504 4393 736 4477 Ἑνατηβελὲναο
749 4398 900 4477 θεράπναι
913 4403 973 4471 (vs.
987 4402 1069 4472 rei).
1081 4401 1150 4463 Nisi
1162 4403 1256 4466 fallor
1268 4423 1337 4468 con·

59 4506 147 4566 sulio
170 4519 227 4566 eas
260 4504 394 4564 dearum
426 4503 496 4563 loco
526 4502 697 4563 substituit
720 4501 949 4578 Callimachus,
981 4505 1018 4563 ut
1043 4503 1247 4567 Deliacarum
1278 4510 1337 4569 vir·

60 4609 174 4684 ginum
207 4606 314 4681 choro,
345 4620 427 4678 quae
452 4604 554 4678 ipsius
578 4604 686 4663 aetate
709 4618 822 4663 mense
846 4603 1023 4665 Artemisio
1047 4605 1116 4666 Deli
1140 4607 1337 4684 deorumque
