3090 5294
61 469 122 529 111.
148 470 280 529 31-35
684 473 727 532 57

63 655 98 716 in
121 656 211 718 111666
236 657 383 719 versibus
406 658 539 735 11116116,
563 674 641 720 nam
661 659 762 734 serpit
784 659 876 719 humi
896 660 999 720 oratio
1021 659 1085 719 nisi
1108 658 1192 733 quod
1214 657 1337 717 mirum

63 758 97 817 in
122 758 257 819 modum
281 761 448 821 contortus
470 763 521 822 est
552 760 724 822 verborum
747 776 861 822 nexus.
886 761 1042 822 Attamen
1065 761 1118 822 hic
1144 759 1209 820 illic
1234 774 1337 819 recur-

63 860 142 919 runt
171 859 206 919 in
236 859 321 922 docti
352 863 493 924 hominis
524 862 718 924 memoriam
752 864 921 937 tamquam
952 864 1081 937 glossae
1113 861 1336 935 antiquorum;

64 960 168 1021 veluti
191 977 241 1023 vs.
262 965 302 1024 31
328 980 403 1025 oum
427 964 557 1026 adhibet
576 965 774 1026 adiectivum
797 961 1005 1043 ἐθελημὸς,
1026 964 1111 1039 quod
1134 963 1257 1024 diceres
1280 963 1339 1022 aut

64 1063 215 1124 consulto
245 1079 420 1142 usurpasse
450 1068 581 1143 poetam
611 1069 649 1128 ut
680 1067 713 1127 in
744 1080 885 1128 errorem
916 1067 1084 1127 induceret
1109 1065 1256 1140 lectores,
1280 1064 1339 1123 aut

62 1180 197 1240 prorsus
219 1167 326 1243 inepte
350 1169 535 1231 adhibuisse
559 1168 623 1229 nisi
643 1168 853 1229 meminisses
874 1183 989 1230 versus
1010 1167 1154 1229 hesiodei
1176 1165 1250 1241 Opp.
1275 1166 1336 1225 117

421 1267 537 1349 ναριιὸν
561 1262 590 1328 δ’
615 1266 701 1347 ἔφερε
724 1266 861 1348 ζείδωρος
883 1265 997 1348 ἅροορα

266 1368 417 1448 αὐτομάτη
439 1369 550 1431 πολλόν
571 1391 601 1430 τε
623 1367 674 1430 καὶ
696 1367 847 1447 ἄφθονον·
871 1369 903 1430 οἱ
923 1363 954 1429 δ’
980 1364 1173 1447 ἐθελημοὶ

268 1470 370 1551 ἥσυχοι
392 1469 462 1552 ἔργα
485 1469 619 1550 νέμοντο.

63 1574 112 1633 116
132 1572 184 1633 his
207 1573 293 1634 enim
314 1574 463 1635 versibus
482 1574 665 1650 disputasse
684 1574 917 1648 grammaticos
936 1573 1128 1647 quaerentes
1148 1572 1224 1647 quid
1239 1571 1339 1634 vellet

64 1672 218 1754 ἐθελημοὶ,
238 1676 331 1737 facile
351 1677 524 1753 credimus,
548 1678 752 1750 testaturque
773 1676 881 1750 Etym.
895 1675 1000 1750 Magn.
1014 1675 1089 1736 818.
1103 1676 1145 1735 42
1167 1672 1215 1751 ,ἐν
1227 1677 1339 1752 παραλ-

62 1775 157 1852 λήλου
189 1774 222 1836 τὸ
253 1775 335 1854 αὐτὸ,
364 1774 502 1857 θιλημοὶ,
527 1776 664 1857 ἥσυχοΐᾎ
693 1780 726 1839 61
749 1778 933 1852 Hesychius
959 1774 1128 1856 „idsinpoi
1151 1774 1337 1855 πρόθυμοι”.

62 1877 105 1937 Et
140 1878 220 1939 haec
250 1878 496 1941 callimacheam
527 1880 593 1940 iere
624 1879 925 1954 interpretationem
955 1879 1093 1941 reddunt
1111 1872 1142 1950 ¹).
1178 1879 1274 1954 Item,
1301 1879 1339 1937 ut

64 1980 118 2039 661
151 1979 353 2040 insolitarum
387 1980 566 2042 dictionum
588 1982 716 2041 amator
742 1980 937 2055 sedulusque
963 1981 1133 2056 interpres,
1157 1978 1339 2053 insequenti

64 2095 163 2141 versu
197 2079 367 2153 αἰτίζεις
398 2082 481 2143 dixit
504 2097 603 2143 sensu
627 2082 793 2158 precandi;
821 2083 906 2156 quod
929 2098 1005 2144 cum
1029 2083 1063 2143 in
1086 2082 1232 2155 Odyssea
1254 2096 1337 2140 οινο-

62 2182 193 2242 dioaadi
223 2184 291 2243 vim
322 2183 439 2245 habere
469 2184 574 2245 soleat
599 2186 647 2254 (ut
668 2184 737 2260 ipse
761 2199 886 2259 quoque
911 2184 1129 2246 Callimachus
1152 2182 1249 2258 probe
1272 2198 1336 2243 me·

63 2284 162 2344 minit
192 2284 247 2357 qui
271 2284 323 2346 VI.
358 2287 421 2346 116
452 2283 569 2357 αἰτίζων
597 2281 711 2358 ἀνόλας
742 2302 784 2348 ex
813 2307 841 2365 ρ.
867 2286 930 2347 222
962 2286 1024 2347 sibi
1053 2284 1246 2360 desumpsit)
1272 2299 1337 2345 uuo

63 2387 176 2446 tamen
200 2385 269 2447 loco
293 2386 339 2447 ita
362 2386 524 2448 Homerus
547 2387 673 2449 dixerat
697 2386 736 2459 (1.
764 2389 840 2459 651)

310 2482 412 2549 oreti
438 2485 514 2569 ἀνὴρ
537 2496 670 2562 τοιοῦτος
692 2487 771 2568 ἔχων
790 2487 975 2567 μελεδήματα
997 2493 1087 2573 θυμῷ

310 2587 424 2667 elatior,
1245 2654 1248 2658 ,

60 2693 99 2752 ut
122 2691 228 2765 magis
249 2691 400 2768 precandi
419 2708 518 2767 quam
535 2692 741 2754 mendicandi
759 2707 894 2753 sensum
914 2691 1056 2753 haberet.
1077 2691 1223 2767 Arripuit
1232 2691 1340 2752 iocum

60 2795 174 2854 noster
208 2795 241 2854 et
275 2792 361 2854 dedit
397 2808 531 2868 operam
565 2796 603 2854 ut
636 2795 670 2855 in
701 2795 816 2856 eadem
846 2809 910 2869 qua
938 2795 1102 2855 Homerus
1124 2808 1240 2855 versus
1263 2792 1339 2853 sede

61 2895 199 2956 verbum
212 2894 392 2957 collocaret.
407 2927 448 2936 -
461 2896 587 2958 Iterum
599 2896 710 2957 minus
729 2895 863 2957 solitam
875 2895 1000 2957 dicendi
1020 2896 1180 2957 rationem
1192 2895 1226 2955 in
1238 2893 1336 2969 Odys·
1430 2920 1432 2924 >

60 3011 120 3058 sea
153 2998 377 3059 occurrentem
413 2997 605 3060 illustrando
636 2999 749 3060 notare
779 2997 883 3059 voluit
907 3013 982 3059 cum
1012 2999 1177 3059 16161131
1210 2996 1340 3072 scripsit

64 3095 121 3176 ,τὰ
139 3097 180 3177 μή
199 3096 275 3158 θεὸν
293 3095 383 3158 drtoo
402 3095 498 3172 ἀέξειν
522 3098 559 3159 εἴ
563 3116 674 3159 σεται
696 3120 759 3159 m.
771 3101 818 3158 λ”.
842 3100 926 3161 Nam
945 3100 1169 3176 divulgatum
1185 3101 1235 3162 est
1258 3098 1337 3159 illud

306 3191 366 3259 οἶδ’
391 3197 440 3260 ἐπὶ
463 3197 553 3279 δεξιὰ,
576 3193 635 3261 oit’
664 3194 705 3261 ἒιί
732 3197 869 3282 ἀριστερὰ
891 3208 1028 3279 νωμῆσαι
1050 3201 1127 3280 βοῦν

310 3297 435 3380 ἀζαλέην
1274 3342 1277 3346 ι

58 3417 161 3464 sensu
183 3409 237 3462 rou
260 3399 438 3463 ἐνίστασθαι
461 3405 513 3474 (Η.
539 3406 625 3481 238),
650 3405 715 3467 6116
737 3407 821 3467 16116
845 3407 1177 3468 6611616666506
1204 3403 1289 3483 ,τόδε
1312 3399 1335 3485 μ’

60 3502 279 3581 εἴαεαι...μήνι
309 3505 516 3584 καταισχύνειν
545 3502 681 3586 νανέραν
711 3503 831 3587 μένος”,
863 3506 919 3567 ubi
947 3508 1034 3568 recte
1066 3507 1218 3569 6611161111
1243 3507 1337 3568 inter·

60 3606 200 3683 pretatio
224 3606 385 3679 Eustathii
417 3608 525 3679 (1968.
551 3609 604 3679 52)
631 3606 761 3692 ,γνώμη
786 3605 934 3685 νοήσεις.”
963 3607 1021 3668 Oui
1048 3608 1117 3671 1666
1141 3608 1227 3670 haud
1249 3608 1339 3668 dissi·

61 3708 150 3769 milis
170 3709 291 3769 noster.
312 3708 463 3770 Ceterum
482 3709 680 3785 tragicorum
700 3709 845 3770 sermoni
866 3709 972 3782 magis
991 3724 1090 3782 quam
1114 3709 1249 3771 Homeri
1260 3709 1340 3769 haec

60 3809 159 3870 dictio
193 3811 354 3887 convenit,
389 3813 486 3884 atque
524 3826 542 3871 e
577 3810 710 3884 tragicis
745 3809 903 3871 nonnulla
938 3809 1000 3870 sibi
1034 3810 1216 3886 desumpsit
1249 3810 1340 3871 hisce

60 3909 212 3972 versibus
244 3909 471 3972 Callimachus.
503 3911 574 3972 Non
604 3911 694 3973 enim
725 3912 889 3973 Homerus
912 3926 1011 3973 sensu
1034 3911 1207 3972 6616116611
1233 3910 1339 3972 dicere

59 4010 146 4072 solet
168 4006 305 4083 ἀέξειν
324 4017 384 4084 (16.
398 4014 452 4082 34)
466 4027 719 4087 -quamquam
731 4012 829 4074 habet
839 4011 933 4084 κῦδος
945 4007 1040 4084 ἀέξειν
1055 4044 1094 4056 -
1108 4014 1143 4074 61
1155 4012 1338 4089 Sophocles,

58 4113 190 4175 Pindari
210 4114 707 4191 16116666611611111111111666111116,
724 4114 793 4176 Oed.
809 4131 874 4191 rep.
891 4115 974 4176 1091
991 4116 1190 4192 ,Κιθαιρῶνα
1203 4108 1337 4189 αὕξειν”,

59 4216 198 4277 dixerat.
222 4215 270 4277 De
292 4215 363 4291 ipsa
384 4217 463 4279 urbe
485 4217 641 4298 πύργον
675 4232 739 4278 non
767 4217 851 4278 dixit
882 4217 1061 4291 Homerus;
1086 4220 1121 4277 at
1144 4215 1230 4275 haud
1252 4215 1337 4289 igno·

60 4319 116 4377 tus
139 4316 269 4378 6611116
292 4333 334 4378 ex
365 4318 531 4394 tragoedia
553 4319 662 4381 nescio
694 4334 758 4393 qua
781 4319 974 4395 desumptus
997 4332 1113 4379 versus
1139 4317 1234 4388 (Plut.
1260 4316 1336 4378 Mor.

94 4643 113 4708 ¹)
129 4652 240 4709 ναηνν
256 4647 374 4698 eunom
388 4631 540 4714 ‘sponsurus
556 4651 671 4702 moue·
687 4652 722 4701 11
743 4653 800 4703 eor.
