<?xml version="1.0" encoding="UTF-8"?>
<!DOCTYPE html PUBLIC "-//W3C//DTD XHTML 1.0 Transitional//EN"
    "http://www.w3.org/TR/xhtml1/DTD/xhtml1-transitional.dtd">
<html xmlns="http://www.w3.org/1999/xhtml" xml:lang="en" lang="en">
 <head>
  <title>
</title>
<meta http-equiv="Content-Type" content="text/html;charset=utf-8" />
  <meta name='ocr-system' content='tesseract 3.04.00' />
  <meta name='ocr-capabilities' content='ocr_page ocr_carea ocr_par ocr_line ocrx_word'/>
</head>
<body>
  <div class='ocr_page' id='page_1' title='image "./studiacallimach01kuipgoog_0065.png"; bbox 0 0 3090 5294; ppageno 0'>
   <div class='ocr_carea' id='block_1_1' title="bbox 828 463 1490 528">
    <p class='ocr_par' dir='ltr' id='par_1_1' title="bbox 828 463 1490 528">
     <span class='ocr_line' id='line_1_1' title="bbox 828 463 1490 528; baseline -0.008 0"><span class='ocrx_word' id='word_1_1' title='bbox 828 469 869 528; x_wconf 80' lang='lat'>52</span> <span class='ocrx_word' id='word_1_2' title='bbox 1277 464 1336 525; x_wconf 88' lang='lat'>111.</span> <span class='ocrx_word' id='word_1_3' title='bbox 1363 463 1490 524; x_wconf 78' lang='lat'><strong>13-17</strong></span> 
     </span>
    </p>
   </div>
   <div class='ocr_carea' id='block_1_2' title="bbox 219 648 1543 1750">
    <p class='ocr_par' dir='ltr' id='par_1_2' title="bbox 219 648 1543 1750">
     <span class='ocr_line' id='line_1_2' title="bbox 223 648 1489 737; baseline -0.013 -12"><span class='ocrx_word' id='word_1_4' title='bbox 223 678 348 737; x_wconf 87' lang='lat' dir='ltr'>usuque</span> <span class='ocrx_word' id='word_1_5' title='bbox 379 658 554 721; x_wconf 81' lang='lat' dir='ltr'>admodum</span> <span class='ocrx_word' id='word_1_6' title='bbox 585 654 718 729; x_wconf 85' lang='lat' dir='ltr'>vulgata</span> <span class='ocrx_word' id='word_1_7' title='bbox 748 655 825 714; x_wconf 88' lang='lat' dir='ltr'>sunt</span> <span class='ocrx_word' id='word_1_8' title='bbox 852 653 1010 715; x_wconf 90' lang='lat' dir='ltr'>eiusmodi</span> <span class='ocrx_word' id='word_1_9' title='bbox 1030 652 1236 713; x_wconf 86' lang='lat' dir='ltr'>substantiva</span> <span class='ocrx_word' id='word_1_10' title='bbox 1254 666 1338 726; x_wconf 85' lang='lat' dir='ltr'>quae</span> <span class='ocrx_word' id='word_1_11' title='bbox 1362 652 1396 711; x_wconf 91' lang='lat' dir='ltr'>in</span> <span class='ocrx_word' id='word_1_12' title='bbox 1421 648 1489 727; x_wconf 75' lang='grc' dir='ltr'><strong><em>ίιης,</em></strong></span> 
     </span>
     <span class='ocr_line' id='line_1_3' title="bbox 220 753 1489 836; baseline -0.009 -12"><span class='ocrx_word' id='word_1_13' title='bbox 220 769 274 836; x_wconf 72' lang='grc' dir='ltr'><strong><em>ἵεις</em></strong></span> <span class='ocrx_word' id='word_1_14' title='bbox 309 761 489 825; x_wconf 78' lang='lat' dir='ltr'>desinentia</span> <span class='ocrx_word' id='word_1_15' title='bbox 523 759 557 818; x_wconf 90' lang='lat' dir='ltr'>et</span> <span class='ocrx_word' id='word_1_16' title='bbox 585 772 605 818; x_wconf 93' lang='lat' dir='ltr'>a</span> <span class='ocrx_word' id='word_1_17' title='bbox 634 756 837 817; x_wconf 86' lang='lat' dir='ltr'>substantivo</span> <span class='ocrx_word' id='word_1_18' title='bbox 869 755 1015 816; x_wconf 87' lang='lat' dir='ltr'>derivata</span> <span class='ocrx_word' id='word_1_19' title='bbox 1045 754 1278 816; x_wconf 86' lang='lat' dir='ltr'>adiectlvorum</span> <span class='ocrx_word' id='word_1_20' title='bbox 1301 768 1400 829; x_wconf 88' lang='lat' dir='ltr'>saepe</span> <span class='ocrx_word' id='word_1_21' title='bbox 1426 753 1489 812; x_wconf 84' lang='lat' dir='ltr'>vice</span> 
     </span>
     <span class='ocr_line' id='line_1_4' title="bbox 220 855 1489 939; baseline -0.01 -13"><span class='ocrx_word' id='word_1_22' title='bbox 220 866 408 939; x_wconf 84' lang='lat' dir='ltr'>funguntur,</span> <span class='ocrx_word' id='word_1_23' title='bbox 435 859 587 922; x_wconf 84' lang='lat' dir='ltr'>delectari</span> <span class='ocrx_word' id='word_1_24' title='bbox 618 861 730 920; x_wconf 84' lang='lat' dir='ltr'>tamen</span> <span class='ocrx_word' id='word_1_25' title='bbox 762 858 954 934; x_wconf 85' lang='lat' dir='ltr'>praesertim</span> <span class='ocrx_word' id='word_1_26' title='bbox 978 857 1100 919; x_wconf 82' lang='lat' dir='ltr'>dixeris</span> <span class='ocrx_word' id='word_1_27' title='bbox 1121 857 1235 931; x_wconf 87' lang='lat' dir='ltr'>poetas</span> <span class='ocrx_word' id='word_1_28' title='bbox 1256 855 1489 916; x_wconf 83' lang='lat' dir='ltr'>Alexandrinos</span> 
     </span>
     <span class='ocr_line' id='line_1_5' title="bbox 219 958 1488 1036; baseline -0.013 -6"><span class='ocrx_word' id='word_1_29' title='bbox 219 969 336 1030; x_wconf 86' lang='lat' dir='ltr'>barum</span> <span class='ocrx_word' id='word_1_30' title='bbox 359 979 476 1027; x_wconf 86' lang='lat' dir='ltr'>vocum</span> <span class='ocrx_word' id='word_1_31' title='bbox 500 962 653 1036; x_wconf 81' lang='lat' dir='ltr'><strong>rhythmo</strong></span> <span class='ocrx_word' id='word_1_32' title='bbox 675 975 866 1021; x_wconf 88' lang='lat' dir='ltr'>numeroso:</span> <span class='ocrx_word' id='word_1_33' title='bbox 890 959 1012 1034; x_wconf 78' lang='lat' dir='ltr'>placuit</span> <span class='ocrx_word' id='word_1_34' title='bbox 1039 959 1128 1019; x_wconf 89' lang='lat' dir='ltr'>enim</span> <span class='ocrx_word' id='word_1_35' title='bbox 1151 959 1192 1019; x_wconf 91' lang='lat' dir='ltr'>iis</span> <span class='ocrx_word' id='word_1_36' title='bbox 1216 973 1318 1018; x_wconf 89' lang='lat' dir='ltr'>novas</span> <span class='ocrx_word' id='word_1_37' title='bbox 1342 958 1488 1030; x_wconf 79' lang='lat' dir='ltr'>formare,</span> 
     </span>
     <span class='ocr_line' id='line_1_6' title="bbox 219 1058 1489 1142; baseline -0.009 -14"><span class='ocrx_word' id='word_1_38' title='bbox 219 1068 266 1129; x_wconf 81' lang='lat' dir='ltr'>iia</span> <span class='ocrx_word' id='word_1_39' title='bbox 288 1066 477 1142; x_wconf 83' lang='lat' dir='ltr'>Apollonius</span> <span class='ocrx_word' id='word_1_40' title='bbox 489 1066 557 1136; x_wconf 89' lang='lat' dir='ltr'><strong>(III.</strong></span> <span class='ocrx_word' id='word_1_41' title='bbox 573 1064 668 1134; x_wconf 84' lang='lat'>1219)</span> <span class='ocrx_word' id='word_1_42' title='bbox 696 1062 833 1141; x_wconf 63' lang='lat' dir='ltr'>„volupes</span> <span class='ocrx_word' id='word_1_43' title='bbox 851 1058 1014 1140; x_wconf 74' lang='grc' dir='ltr'><em>ἑλειονόμοι</em></span> <span class='ocrx_word' id='word_1_44' title='bbox 1034 1058 1250 1138; x_wconf 83' lang='grc' dir='ltr'><strong><em>ποταμίτιδ</em></strong></span> <span class='ocrx_word' id='word_1_45' title='bbox 1259 1061 1316 1132; x_wconf 86' lang='grc' dir='ltr'>ες”</span> <span class='ocrx_word' id='word_1_46' title='bbox 1338 1062 1372 1121; x_wconf 82' lang='lat' dir='ltr'>et</span> <span class='ocrx_word' id='word_1_47' title='bbox 1383 1059 1489 1120; x_wconf 80' lang='lat' dir='ltr'>nostor</span> 
     </span>
     <span class='ocr_line' id='line_1_7' title="bbox 219 1162 1487 1247; baseline -0.009 -16"><span class='ocrx_word' id='word_1_48' title='bbox 219 1171 271 1241; x_wconf 91' lang='grc' dir='ltr'><strong>(ΙΙ.</strong></span> <span class='ocrx_word' id='word_1_49' title='bbox 296 1169 349 1239; x_wconf 83' lang='lat'>48)</span> <span class='ocrx_word' id='word_1_50' title='bbox 377 1164 620 1247; x_wconf 71' lang='grc' dir='ltr'><strong><em>,ζεορίτιδας</em></strong></span> <span class='ocrx_word' id='word_1_51' title='bbox 649 1162 772 1243; x_wconf 77' lang='grc' dir='ltr'><strong><em>ἔτρεφεν</em></strong></span> <span class='ocrx_word' id='word_1_52' title='bbox 801 1162 941 1240; x_wconf 51' lang='lat' dir='ltr'>innova?</span> <span class='ocrx_word' id='word_1_53' title='bbox 973 1178 1054 1238; x_wconf 90' lang='lat' dir='ltr'>quos</span> <span class='ocrx_word' id='word_1_54' title='bbox 1085 1178 1185 1237; x_wconf 85' lang='lat' dir='ltr'>equos</span> <span class='ocrx_word' id='word_1_55' title='bbox 1211 1178 1254 1223; x_wconf 85' lang='lat' dir='ltr'>ex</span> <span class='ocrx_word' id='word_1_56' title='bbox 1275 1163 1408 1236; x_wconf 85' lang='lat' dir='ltr'>vulgato</span> <span class='ocrx_word' id='word_1_57' title='bbox 1431 1175 1487 1220; x_wconf 88' lang='lat' dir='ltr'>usu</span> 
     </span>
     <span class='ocr_line' id='line_1_8' title="bbox 219 1263 1487 1345; baseline -0.008 -13"><span class='ocrx_word' id='word_1_58' title='bbox 219 1271 386 1345; x_wconf 82' lang='lat' dir='ltr'>Euripides</span> <span class='ocrx_word' id='word_1_59' title='bbox 419 1270 457 1328; x_wconf 89' lang='lat' dir='ltr'>ut</span> <span class='ocrx_word' id='word_1_60' title='bbox 488 1267 569 1328; x_wconf 91' lang='lat' dir='ltr'>alios</span> <span class='ocrx_word' id='word_1_61' title='bbox 600 1267 753 1328; x_wconf 86' lang='lat' dir='ltr'>omittam</span> <span class='ocrx_word' id='word_1_62' title='bbox 781 1264 970 1345; x_wconf 75' lang='grc' dir='ltr'><strong><em>ξιφηφόρους</em></strong></span> <span class='ocrx_word' id='word_1_63' title='bbox 994 1265 1141 1340; x_wconf 76' lang='lat' dir='ltr'>(Heras.</span> <span class='ocrx_word' id='word_1_64' title='bbox 1168 1267 1240 1335; x_wconf 83' lang='lat'>120)</span> <span class='ocrx_word' id='word_1_65' title='bbox 1269 1263 1389 1343; x_wconf 70' lang='grc' dir='ltr'><strong><em>ζυγίους</em></strong></span> <span class='ocrx_word' id='word_1_66' title='bbox 1414 1263 1487 1340; x_wconf 74' lang='grc' dir='ltr'><strong><em>(Ιρκ.</em></strong></span> 
     </span>
     <span class='ocr_line' id='line_1_9' title="bbox 219 1356 1543 1446; baseline -0.002 -13"><span class='ocrx_word' id='word_1_67' title='bbox 219 1372 292 1433; x_wconf 79' lang='lat' dir='ltr'>Aul.</span> <span class='ocrx_word' id='word_1_68' title='bbox 314 1372 388 1441; x_wconf 81' lang='lat'>221)</span> <span class='ocrx_word' id='word_1_69' title='bbox 408 1370 545 1446; x_wconf 85' lang='lat' dir='ltr'>dixerat,</span> <span class='ocrx_word' id='word_1_70' title='bbox 565 1368 728 1429; x_wconf 85' lang='lat' dir='ltr'>Homerus</span> <span class='ocrx_word' id='word_1_71' title='bbox 755 1369 868 1428; x_wconf 85' lang='lat' dir='ltr'>autem</span> <span class='ocrx_word' id='word_1_72' title='bbox 886 1399 926 1410; x_wconf 91' lang='lat'><em>-</em></span> <span class='ocrx_word' id='word_1_73' title='bbox 940 1367 1051 1442; x_wconf 90' lang='lat' dir='ltr'>opinor</span> <span class='ocrx_word' id='word_1_74' title='bbox 1073 1367 1149 1440; x_wconf 87' lang='lat' dir='ltr'>quia</span> <span class='ocrx_word' id='word_1_75' title='bbox 1171 1367 1225 1426; x_wconf 84' lang='lat' dir='ltr'>vix</span> <span class='ocrx_word' id='word_1_76' title='bbox 1251 1380 1395 1439; x_wconf 83' lang='lat' dir='ltr'>unquam</span> <span class='ocrx_word' id='word_1_77' title='bbox 1420 1367 1487 1440; x_wconf 86' lang='lat' dir='ltr'>equi</span> <span class='ocrx_word' id='word_1_78' title='bbox 1542 1356 1543 1431; x_wconf 75' lang='lat' dir='ltr'>J</span> 
     </span>
     <span class='ocr_line' id='line_1_10' title="bbox 219 1468 1487 1544; baseline -0.006 -9"><span class='ocrx_word' id='word_1_79' title='bbox 219 1477 248 1536; x_wconf 89' lang='lat' dir='ltr'>ei</span> <span class='ocrx_word' id='word_1_80' title='bbox 272 1472 432 1535; x_wconf 85' lang='lat' dir='ltr'>indicandi</span> <span class='ocrx_word' id='word_1_81' title='bbox 455 1472 532 1531; x_wconf 89' lang='lat' dir='ltr'>sunt</span> <span class='ocrx_word' id='word_1_82' title='bbox 555 1470 611 1544; x_wconf 84' lang='lat' dir='ltr'>qui</span> <span class='ocrx_word' id='word_1_83' title='bbox 633 1469 752 1544; x_wconf 82' lang='lat' dir='ltr'>singuli</span> <span class='ocrx_word' id='word_1_84' title='bbox 776 1485 871 1531; x_wconf 87' lang='lat' dir='ltr'>curru</span> <span class='ocrx_word' id='word_1_85' title='bbox 896 1469 1069 1543; x_wconf 80' lang='lat' dir='ltr'>alligantur</span> <span class='ocrx_word' id='word_1_86' title='bbox 1091 1468 1200 1541; x_wconf 87' lang='lat' dir='ltr'>itaque</span> <span class='ocrx_word' id='word_1_87' title='bbox 1229 1482 1343 1528; x_wconf 91' lang='lat' dir='ltr'>omnes</span> <span class='ocrx_word' id='word_1_88' title='bbox 1367 1468 1441 1542; x_wconf 87' lang='lat' dir='ltr'>equi</span> <span class='ocrx_word' id='word_1_89' title='bbox 1461 1469 1487 1528; x_wconf 91' lang='lat' dir='ltr'>ei</span> 
     </span>
     <span class='ocr_line' id='line_1_11' title="bbox 219 1565 1486 1655; baseline -0.007 -17"><span class='ocrx_word' id='word_1_90' title='bbox 219 1580 297 1639; x_wconf 89' lang='lat' dir='ltr'>sunt</span> <span class='ocrx_word' id='word_1_91' title='bbox 316 1573 522 1655; x_wconf 74' lang='grc' dir='ltr'><strong><em>ζεορίιιδες-</em></strong></span> <span class='ocrx_word' id='word_1_92' title='bbox 535 1573 661 1648; x_wconf 89' lang='lat' dir='ltr'>proprio</span> <span class='ocrx_word' id='word_1_93' title='bbox 684 1573 815 1633; x_wconf 90' lang='lat' dir='ltr'>nomine</span> <span class='ocrx_word' id='word_1_94' title='bbox 839 1587 902 1633; x_wconf 92' lang='lat' dir='ltr'>non</span> <span class='ocrx_word' id='word_1_95' title='bbox 925 1571 1090 1632; x_wconf 87' lang='lat' dir='ltr'>indicavit.</span> <span class='ocrx_word' id='word_1_96' title='bbox 1103 1603 1142 1617; x_wconf 93' lang='lat'>-</span> <span class='ocrx_word' id='word_1_97' title='bbox 1156 1570 1201 1631; x_wconf 89' lang='lat' dir='ltr'>De</span> <span class='ocrx_word' id='word_1_98' title='bbox 1226 1584 1304 1631; x_wconf 87' lang='lat' dir='ltr'>voce</span> <span class='ocrx_word' id='word_1_99' title='bbox 1328 1565 1486 1650; x_wconf 82' lang='grc' dir='ltr'><strong><em>ἄμιτρος</em></strong></span> 
     </span>
     <span class='ocr_line' id='line_1_12' title="bbox 220 1674 732 1750; baseline -0.014 -10"><span class='ocrx_word' id='word_1_100' title='bbox 220 1683 280 1750; x_wconf 86' lang='lat' dir='ltr'>(va.</span> <span class='ocrx_word' id='word_1_101' title='bbox 307 1679 358 1748; x_wconf 77' lang='lat'>14)</span> <span class='ocrx_word' id='word_1_102' title='bbox 383 1677 449 1736; x_wconf 87' lang='lat' dir='ltr'>iam</span> <span class='ocrx_word' id='word_1_103' title='bbox 473 1675 541 1735; x_wconf 84' lang='lat' dir='ltr'>dixi</span> <span class='ocrx_word' id='word_1_104' title='bbox 565 1674 654 1734; x_wconf 88' lang='lat' dir='ltr'>adl.</span> <span class='ocrx_word' id='word_1_105' title='bbox 679 1675 732 1734; x_wconf 81' lang='lat'>21.</span> 
     </span>
    </p>
   </div>
   <div class='ocr_carea' id='block_1_3' title="bbox 220 1873 1543 4708">
    <p class='ocr_par' dir='ltr' id='par_1_3' title="bbox 264 1873 1349 2369">
     <span class='ocr_line' id='line_1_13' title="bbox 264 1873 1302 1955; baseline -0.005 -16"><span class='ocrx_word' id='word_1_106' title='bbox 264 1881 318 1942; x_wconf 86' lang='lat' dir='ltr'>Vs.</span> <span class='ocrx_word' id='word_1_107' title='bbox 346 1881 396 1940; x_wconf 82' lang='lat'>15.</span> <span class='ocrx_word' id='word_1_108' title='bbox 423 1875 494 1955; x_wconf 64' lang='lat' dir='ltr'>„dig</span> <span class='ocrx_word' id='word_1_109' title='bbox 520 1873 553 1937; x_wconf 76' lang='grc' dir='ltr'>δέ</span> <span class='ocrx_word' id='word_1_110' title='bbox 576 1897 627 1954; x_wconf 87' lang='grc' dir='ltr'>μοι</span> <span class='ocrx_word' id='word_1_111' title='bbox 650 1873 840 1954; x_wconf 80' lang='grc' dir='ltr'><em>ἀμφιπόλους</em></span> <span class='ocrx_word' id='word_1_112' title='bbox 863 1876 1031 1955; x_wconf 73' lang='grc' dir='ltr'><strong><em>Ἀμνισίδος</em></strong></span> <span class='ocrx_word' id='word_1_113' title='bbox 1055 1875 1147 1936; x_wconf 84' lang='grc' dir='ltr'><strong><em>εἴκοσι</em></strong></span> <span class='ocrx_word' id='word_1_114' title='bbox 1169 1875 1302 1954; x_wconf 84' lang='grc' dir='ltr'><strong><em>νύμφας,</em></strong></span> 
     </span>
     <span class='ocr_line' id='line_1_14' title="bbox 419 1975 1297 2058; baseline -0.003 -18"><span class='ocrx_word' id='word_1_115' title='bbox 419 1978 456 2040; x_wconf 79' lang='grc' dir='ltr'>αἴ</span> <span class='ocrx_word' id='word_1_116' title='bbox 472 2000 501 2039; x_wconf 90' lang='grc' dir='ltr'>τε</span> <span class='ocrx_word' id='word_1_117' title='bbox 525 2000 576 2057; x_wconf 87' lang='grc' dir='ltr'>μοι</span> <span class='ocrx_word' id='word_1_118' title='bbox 589 1975 775 2058; x_wconf 76' lang='grc' dir='ltr'><strong><em>’ἕνδρομίδας</em></strong></span> <span class='ocrx_word' id='word_1_119' title='bbox 797 1999 827 2038; x_wconf 92' lang='grc' dir='ltr'>τε</span> <span class='ocrx_word' id='word_1_120' title='bbox 849 1976 909 2057; x_wconf 73' lang='grc' dir='ltr'><strong><em>καὶ,</em></strong></span> <span class='ocrx_word' id='word_1_121' title='bbox 931 1975 1041 2039; x_wconf 80' lang='grc' dir='ltr'><em>ὁππότε</em></span> <span class='ocrx_word' id='word_1_122' title='bbox 1063 1975 1165 2057; x_wconf 70' lang='grc' dir='ltr'><strong><em>μηκέτι</em></strong></span> <span class='ocrx_word' id='word_1_123' title='bbox 1187 1977 1297 2058; x_wconf 74' lang='grc' dir='ltr'><strong><em>λύγκας</em></strong></span> 
     </span>
     <span class='ocr_line' id='line_1_15' title="bbox 420 2071 1280 2160; baseline -0.001 -20"><span class='ocrx_word' id='word_1_124' title='bbox 420 2075 493 2160; x_wconf 86' lang='grc' dir='ltr'><strong><em>μηδ’</em></strong></span> <span class='ocrx_word' id='word_1_125' title='bbox 520 2078 649 2158; x_wconf 71' lang='grc' dir='ltr'><strong><em>ἐλάφους</em></strong></span> <span class='ocrx_word' id='word_1_126' title='bbox 672 2080 818 2160; x_wconf 78' lang='grc' dir='ltr'><strong><em>βύλλοιμι,</em></strong></span> <span class='ocrx_word' id='word_1_127' title='bbox 839 2080 936 2154; x_wconf 78' lang='grc' dir='ltr'><strong><em>θοοὺς</em></strong></span> <span class='ocrx_word' id='word_1_128' title='bbox 961 2081 1056 2153; x_wconf 88' lang='grc' dir='ltr'><strong><em>κύνας</em></strong></span> <span class='ocrx_word' id='word_1_129' title='bbox 1080 2071 1114 2141; x_wconf 80' lang='grc' dir='ltr'>εὖ</span> <span class='ocrx_word' id='word_1_130' title='bbox 1136 2077 1280 2159; x_wconf 77' lang='grc' dir='ltr'><strong><em>κομὲοιεν.</em></strong></span> 
     </span>
     <span class='ocr_line' id='line_1_16' title="bbox 423 2177 1333 2262; baseline 0 -21"><span class='ocrx_word' id='word_1_131' title='bbox 423 2180 475 2254; x_wconf 86' lang='grc' dir='ltr'>δὸς</span> <span class='ocrx_word' id='word_1_132' title='bbox 498 2177 531 2241; x_wconf 76' lang='grc' dir='ltr'>δέ</span> <span class='ocrx_word' id='word_1_133' title='bbox 553 2202 603 2260; x_wconf 93' lang='grc' dir='ltr'>μοι</span> <span class='ocrx_word' id='word_1_134' title='bbox 623 2177 713 2262; x_wconf 85' lang='grc' dir='ltr'><strong><em>ούρεα</em></strong></span> <span class='ocrx_word' id='word_1_135' title='bbox 735 2181 840 2241; x_wconf 81' lang='grc' dir='ltr'><strong><em>πάντα·</em></strong></span> <span class='ocrx_word' id='word_1_136' title='bbox 863 2179 950 2243; x_wconf 77' lang='grc' dir='ltr'><strong><em>πόλιν</em></strong></span> <span class='ocrx_word' id='word_1_137' title='bbox 974 2179 1007 2242; x_wconf 77' lang='grc' dir='ltr'>δέ</span> <span class='ocrx_word' id='word_1_138' title='bbox 1029 2204 1079 2260; x_wconf 90' lang='grc' dir='ltr'>μοι</span> <span class='ocrx_word' id='word_1_139' title='bbox 1101 2180 1206 2260; x_wconf 69' lang='grc' dir='ltr'><strong><em>ἥντινα</em></strong></span> <span class='ocrx_word' id='word_1_140' title='bbox 1228 2185 1333 2259; x_wconf 87' lang='grc' dir='ltr'><strong><em>νεῖμον</em></strong></span> 
     </span>
     <span class='ocr_line' id='line_1_17' title="bbox 422 2279 1349 2369; baseline 0 -27"><span class='ocrx_word' id='word_1_141' title='bbox 422 2282 527 2361; x_wconf 72' lang='grc' dir='ltr'><strong><em>ἥντινα</em></strong></span> <span class='ocrx_word' id='word_1_142' title='bbox 551 2287 613 2369; x_wconf 73' lang='grc' dir='ltr'><strong><em>λῇς·</em></strong></span> <span class='ocrx_word' id='word_1_143' title='bbox 637 2282 771 2363; x_wconf 81' lang='grc' dir='ltr'><strong><em>σπαρνὸν</em></strong></span> <span class='ocrx_word' id='word_1_144' title='bbox 794 2282 861 2365; x_wconf 78' lang='grc' dir='ltr'><strong><em>γὰρ,</em></strong></span> <span class='ocrx_word' id='word_1_145' title='bbox 883 2279 921 2344; x_wconf 80' lang='grc' dir='ltr'>ὅτ’</span> <span class='ocrx_word' id='word_1_146' title='bbox 940 2281 1073 2363; x_wconf 72' lang='grc' dir='ltr'><strong><em>’Ἄρτεμις</em></strong></span> <span class='ocrx_word' id='word_1_147' title='bbox 1096 2281 1169 2344; x_wconf 81' lang='grc' dir='ltr'><strong><em>ύστιι</em></strong></span> <span class='ocrx_word' id='word_1_148' title='bbox 1189 2282 1349 2343; x_wconf 83' lang='grc' dir='ltr'><strong><em>κύτεισιν.”</em></strong></span> 
     </span>
    </p>

    <p class='ocr_par' dir='ltr' id='par_1_4' title="bbox 220 2385 1543 3260">
     <span class='ocr_line' id='line_1_18' title="bbox 266 2385 1488 2463; baseline -0.002 -16"><span class='ocrx_word' id='word_1_149' title='bbox 266 2386 327 2447; x_wconf 87' lang='lat' dir='ltr'>Hic</span> <span class='ocrx_word' id='word_1_150' title='bbox 349 2386 420 2461; x_wconf 91' lang='lat' dir='ltr'>ipsa</span> <span class='ocrx_word' id='word_1_151' title='bbox 442 2386 612 2446; x_wconf 90' lang='lat' dir='ltr'>modorum</span> <span class='ocrx_word' id='word_1_152' title='bbox 636 2388 843 2463; x_wconf 88' lang='lat' dir='ltr'>constructio,</span> <span class='ocrx_word' id='word_1_153' title='bbox 867 2402 950 2460; x_wconf 86' lang='lat' dir='ltr'>quae</span> <span class='ocrx_word' id='word_1_154' title='bbox 970 2386 1049 2447; x_wconf 91' lang='lat' dir='ltr'>adeo</span> <span class='ocrx_word' id='word_1_155' title='bbox 1068 2386 1254 2447; x_wconf 79' lang='lat' dir='ltr'>Thiersahio</span> <span class='ocrx_word' id='word_1_156' title='bbox 1274 2385 1439 2460; x_wconf 83' lang='lat' dir='ltr'>displicuit</span> <span class='ocrx_word' id='word_1_157' title='bbox 1456 2389 1488 2446; x_wconf 90' lang='lat' dir='ltr'>ut</span> 
     </span>
     <span class='ocr_line' id='line_1_19' title="bbox 223 2485 1488 2566; baseline -0.002 -17"><span class='ocrx_word' id='word_1_158' title='bbox 223 2504 271 2549; x_wconf 88' lang='lat' dir='ltr'>vs.</span> <span class='ocrx_word' id='word_1_159' title='bbox 288 2489 327 2548; x_wconf 81' lang='lat'>17</span> <span class='ocrx_word' id='word_1_160' title='bbox 348 2485 480 2566; x_wconf 76' lang='grc' dir='ltr'><strong><em>βάλλομι</em></strong></span> <span class='ocrx_word' id='word_1_161' title='bbox 491 2487 598 2562; x_wconf 90' lang='lat' dir='ltr'>legere</span> <span class='ocrx_word' id='word_1_162' title='bbox 612 2487 735 2565; x_wconf 88' lang='lat' dir='ltr'>maliet,</span> <span class='ocrx_word' id='word_1_163' title='bbox 748 2488 863 2549; x_wconf 90' lang='lat' dir='ltr'>indicio</span> <span class='ocrx_word' id='word_1_164' title='bbox 883 2504 955 2549; x_wconf 88' lang='lat' dir='ltr'>esse</span> <span class='ocrx_word' id='word_1_165' title='bbox 974 2490 1083 2563; x_wconf 86' lang='lat' dir='ltr'>potest</span> <span class='ocrx_word' id='word_1_166' title='bbox 1102 2487 1330 2548; x_wconf 83' lang='lat' dir='ltr'>Alexandrinis</span> <span class='ocrx_word' id='word_1_167' title='bbox 1343 2488 1401 2548; x_wconf 87' lang='lat' dir='ltr'>vix</span> <span class='ocrx_word' id='word_1_168' title='bbox 1413 2487 1488 2548; x_wconf 86' lang='lat' dir='ltr'>satis</span> 
     </span>
     <span class='ocr_line' id='line_1_20' title="bbox 220 2589 1543 2664; baseline -0.002 -13"><span class='ocrx_word' id='word_1_169' title='bbox 220 2590 407 2651; x_wconf 82' lang='lat' dir='ltr'>constitisse</span> <span class='ocrx_word' id='word_1_170' title='bbox 430 2589 542 2662; x_wconf 88' lang='lat' dir='ltr'>quales</span> <span class='ocrx_word' id='word_1_171' title='bbox 566 2590 605 2650; x_wconf 90' lang='lat' dir='ltr'>de</span> <span class='ocrx_word' id='word_1_172' title='bbox 626 2606 664 2651; x_wconf 89' lang='lat' dir='ltr'>ea</span> <span class='ocrx_word' id='word_1_173' title='bbox 686 2606 721 2651; x_wconf 88' lang='lat' dir='ltr'>re</span> <span class='ocrx_word' id='word_1_174' title='bbox 743 2590 833 2664; x_wconf 87' lang='lat' dir='ltr'>leges</span> <span class='ocrx_word' id='word_1_175' title='bbox 855 2590 888 2650; x_wconf 91' lang='lat' dir='ltr'>in</span> <span class='ocrx_word' id='word_1_176' title='bbox 909 2590 1040 2664; x_wconf 87' lang='lat' dir='ltr'>antiquo</span> <span class='ocrx_word' id='word_1_177' title='bbox 1064 2589 1152 2663; x_wconf 86' lang='lat' dir='ltr'>epico</span> <span class='ocrx_word' id='word_1_178' title='bbox 1177 2604 1327 2651; x_wconf 87' lang='lat' dir='ltr'>sermone</span> <span class='ocrx_word' id='word_1_179' title='bbox 1346 2590 1488 2651; x_wconf 81' lang='lat' dir='ltr'>valerent</span> <span class='ocrx_word' id='word_1_180' title='bbox 1542 2656 1543 2660; x_wconf 9' lang='grc' dir='ltr'><strong><em>ρ</em></strong></span> 
     </span>
     <span class='ocr_line' id='line_1_21' title="bbox 220 2690 1490 2765; baseline -0.002 -14"><span class='ocrx_word' id='word_1_181' title='bbox 220 2707 279 2752; x_wconf 88' lang='lat' dir='ltr'>nec</span> <span class='ocrx_word' id='word_1_182' title='bbox 312 2691 482 2751; x_wconf 85' lang='lat' dir='ltr'>offensioni</span> <span class='ocrx_word' id='word_1_183' title='bbox 516 2691 617 2752; x_wconf 86' lang='lat' dir='ltr'>fuisse</span> <span class='ocrx_word' id='word_1_184' title='bbox 651 2692 693 2752; x_wconf 91' lang='lat' dir='ltr'>lis</span> <span class='ocrx_word' id='word_1_185' title='bbox 727 2692 756 2752; x_wconf 92' lang='lat' dir='ltr'>si</span> <span class='ocrx_word' id='word_1_186' title='bbox 790 2693 822 2752; x_wconf 90' lang='lat' dir='ltr'>in</span> <span class='ocrx_word' id='word_1_187' title='bbox 859 2693 1022 2752; x_wconf 85' lang='lat' dir='ltr'>sententia</span> <span class='ocrx_word' id='word_1_188' title='bbox 1053 2706 1136 2764; x_wconf 88' lang='lat' dir='ltr'>quae</span> <span class='ocrx_word' id='word_1_189' title='bbox 1167 2706 1186 2751; x_wconf 92' lang='lat' dir='ltr'>a</span> <span class='ocrx_word' id='word_1_190' title='bbox 1217 2690 1307 2752; x_wconf 87' lang='lat' dir='ltr'>verbi</span> <span class='ocrx_word' id='word_1_191' title='bbox 1330 2690 1490 2765; x_wconf 86' lang='lat' dir='ltr'>praesenti</span> 
     </span>
     <span class='ocr_line' id='line_1_22' title="bbox 220 2792 1490 2869; baseline 0 -15"><span class='ocrx_word' id='word_1_192' title='bbox 220 2793 326 2854; x_wconf 82' lang='lat' dir='ltr'>forma</span> <span class='ocrx_word' id='word_1_193' title='bbox 358 2793 512 2868; x_wconf 84' lang='lat' dir='ltr'>penderet</span> <span class='ocrx_word' id='word_1_194' title='bbox 545 2808 601 2869; x_wconf 93' lang='lat' dir='ltr'>pro</span> <span class='ocrx_word' id='word_1_195' title='bbox 635 2793 724 2855; x_wconf 84' lang='lat' dir='ltr'>finali</span> <span class='ocrx_word' id='word_1_196' title='bbox 758 2794 962 2854; x_wconf 87' lang='lat' dir='ltr'>coniunctivo</span> <span class='ocrx_word' id='word_1_197' title='bbox 994 2794 1159 2868; x_wconf 88' lang='lat' dir='ltr'>optativus</span> <span class='ocrx_word' id='word_1_198' title='bbox 1190 2792 1351 2867; x_wconf 89' lang='lat' dir='ltr'>legeretur</span> <span class='ocrx_word' id='word_1_199' title='bbox 1382 2795 1490 2855; x_wconf 88' lang='lat' dir='ltr'>autin</span> 
     </span>
     <span class='ocr_line' id='line_1_23' title="bbox 221 2891 1489 2971; baseline 0.001 -16"><span class='ocrx_word' id='word_1_200' title='bbox 221 2894 356 2971; x_wconf 90' lang='lat' dir='ltr'>optativi</span> <span class='ocrx_word' id='word_1_201' title='bbox 388 2893 493 2954; x_wconf 83' lang='lat' dir='ltr'>forma</span> <span class='ocrx_word' id='word_1_202' title='bbox 515 2894 674 2970; x_wconf 86' lang='lat' dir='ltr'>particula</span> <span class='ocrx_word' id='word_1_203' title='bbox 695 2891 733 2953; x_wconf 74' lang='lat' dir='ltr'>dv</span> <span class='ocrx_word' id='word_1_204' title='bbox 757 2896 826 2956; x_wconf 87' lang='lat' dir='ltr'>sive</span> <span class='ocrx_word' id='word_1_205' title='bbox 849 2891 900 2954; x_wconf 76' lang='grc' dir='ltr'>κὲο</span> <span class='ocrx_word' id='word_1_206' title='bbox 923 2898 1045 2956; x_wconf 86' lang='lat' dir='ltr'>temere</span> <span class='ocrx_word' id='word_1_207' title='bbox 1076 2895 1292 2955; x_wconf 85' lang='lat' dir='ltr'>omitteretur.</span> <span class='ocrx_word' id='word_1_208' title='bbox 1316 2895 1367 2956; x_wconf 83' lang='lat' dir='ltr'>Ad</span> <span class='ocrx_word' id='word_1_209' title='bbox 1397 2910 1489 2970; x_wconf 89' lang='lat' dir='ltr'>quam</span> 
     </span>
     <span class='ocr_line' id='line_1_24' title="bbox 220 2995 1491 3071; baseline 0.001 -16"><span class='ocrx_word' id='word_1_210' title='bbox 220 3011 290 3056; x_wconf 87' lang='lat' dir='ltr'>rem</span> <span class='ocrx_word' id='word_1_211' title='bbox 310 2996 476 3056; x_wconf 85' lang='lat' dir='ltr'>attendere</span> <span class='ocrx_word' id='word_1_212' title='bbox 497 3009 612 3069; x_wconf 85' lang='lat' dir='ltr'>operae</span> <span class='ocrx_word' id='word_1_213' title='bbox 634 2999 774 3071; x_wconf 86' lang='lat' dir='ltr'>pretium</span> <span class='ocrx_word' id='word_1_214' title='bbox 798 2999 849 3058; x_wconf 86' lang='lat' dir='ltr'>est</span> <span class='ocrx_word' id='word_1_215' title='bbox 872 2997 948 3071; x_wconf 86' lang='lat' dir='ltr'>quia</span> <span class='ocrx_word' id='word_1_216' title='bbox 970 2996 1134 3057; x_wconf 89' lang='lat' dir='ltr'>nonnullis</span> <span class='ocrx_word' id='word_1_217' title='bbox 1154 2995 1301 3056; x_wconf 88' lang='lat' dir='ltr'>versibus</span> <span class='ocrx_word' id='word_1_218' title='bbox 1321 2997 1491 3059; x_wconf 86' lang='lat' dir='ltr'>homericis</span> 
     </span>
     <span class='ocr_line' id='line_1_25' title="bbox 222 3097 1491 3176; baseline 0.001 -19"><span class='ocrx_word' id='word_1_219' title='bbox 222 3097 368 3158; x_wconf 89' lang='lat' dir='ltr'>codicum</span> <span class='ocrx_word' id='word_1_220' title='bbox 403 3099 544 3158; x_wconf 86' lang='lat' dir='ltr'>varietas</span> <span class='ocrx_word' id='word_1_221' title='bbox 574 3098 807 3160; x_wconf 89' lang='lat' dir='ltr'>dubitationem</span> <span class='ocrx_word' id='word_1_222' title='bbox 838 3099 1127 3172; x_wconf 85' lang='lat' dir='ltr'>grammaticorum</span> <span class='ocrx_word' id='word_1_223' title='bbox 1158 3099 1274 3172; x_wconf 89' lang='lat' dir='ltr'>arguit.</span> <span class='ocrx_word' id='word_1_224' title='bbox 1299 3098 1351 3159; x_wconf 90' lang='lat' dir='ltr'>Ita</span> <span class='ocrx_word' id='word_1_225' title='bbox 1375 3122 1407 3176; x_wconf 88' lang='grc' dir='ltr'>μ.</span> <span class='ocrx_word' id='word_1_226' title='bbox 1434 3099 1491 3162; x_wconf 82' lang='grc'>156</span> 
     </span>
     <span class='ocr_line' id='line_1_26' title="bbox 222 3198 628 3260; baseline 0.005 -2"><span class='ocrx_word' id='word_1_227' title='bbox 222 3199 254 3258; x_wconf 89' lang='lat' dir='ltr'>in</span> <span class='ocrx_word' id='word_1_228' title='bbox 280 3198 441 3260; x_wconf 90' lang='lat' dir='ltr'>codicibus</span> <span class='ocrx_word' id='word_1_229' title='bbox 464 3199 628 3260; x_wconf 88' lang='lat' dir='ltr'>nonnullis</span> 
     </span>
    </p>

    <p class='ocr_par' dir='ltr' id='par_1_5' title="bbox 488 3295 1275 3381">
     <span class='ocr_line' id='line_1_27' title="bbox 488 3295 1275 3381; baseline 0.001 -22"><span class='ocrx_word' id='word_1_230' title='bbox 488 3295 545 3360; x_wconf 75' lang='grc' dir='ltr'>ἀλλ’</span> <span class='ocrx_word' id='word_1_231' title='bbox 572 3298 643 3381; x_wconf 77' lang='grc' dir='ltr'><strong><em>ἐρέω</em></strong></span> <span class='ocrx_word' id='word_1_232' title='bbox 665 3297 720 3380; x_wconf 76' lang='grc' dir='ltr'>μὲν</span> <span class='ocrx_word' id='word_1_233' title='bbox 743 3299 799 3381; x_wconf 72' lang='grc' dir='ltr'>ἐγὼ</span> <span class='ocrx_word' id='word_1_234' title='bbox 822 3300 872 3361; x_wconf 77' lang='grc' dir='ltr'>ἵνα</span> <span class='ocrx_word' id='word_1_235' title='bbox 894 3300 1004 3374; x_wconf 80' lang='grc' dir='ltr'><strong><em>εἰδότες</em></strong></span> <span class='ocrx_word' id='word_1_236' title='bbox 1026 3297 1061 3381; x_wconf 76' lang='grc' dir='ltr'>ἠὲ</span> <span class='ocrx_word' id='word_1_237' title='bbox 1084 3299 1275 3380; x_wconf 78' lang='grc' dir='ltr'><strong><em>θάνωμεν</em></strong></span> 
     </span>
    </p>

    <p class='ocr_par' dir='ltr' id='par_1_6' title="bbox 224 3399 1498 3987">
     <span class='ocr_line' id='line_1_28' title="bbox 489 3399 1339 3483; baseline 0.002 -21"><span class='ocrx_word' id='word_1_238' title='bbox 489 3399 510 3482; x_wconf 74' lang='grc' dir='ltr'><strong>ἢ</strong></span> <span class='ocrx_word' id='word_1_239' title='bbox 533 3399 583 3462; x_wconf 72' lang='grc' dir='ltr'>καὶ</span> <span class='ocrx_word' id='word_1_240' title='bbox 606 3400 781 3481; x_wconf 75' lang='grc' dir='ltr'><strong><em>ἀλευάμενοι</em></strong></span> <span class='ocrx_word' id='word_1_241' title='bbox 803 3403 939 3464; x_wconf 76' lang='grc' dir='ltr'><strong><em>θάνατον</em></strong></span> <span class='ocrx_word' id='word_1_242' title='bbox 961 3401 1012 3464; x_wconf 72' lang='grc' dir='ltr'>καὶ</span> <span class='ocrx_word' id='word_1_243' title='bbox 1034 3411 1112 3483; x_wconf 77' lang='grc' dir='ltr'><strong><em>κῆρα</em></strong></span> <span class='ocrx_word' id='word_1_244' title='bbox 1137 3403 1339 3483; x_wconf 81' lang='grc' dir='ltr'><strong><em>φύγοιμεν</em></strong></span> 
     </span>
     <span class='ocr_line' id='line_1_29' title="bbox 225 3503 1496 3583; baseline 0.002 -19"><span class='ocrx_word' id='word_1_245' title='bbox 225 3504 359 3579; x_wconf 79' lang='lat' dir='ltr'>legitur3</span> <span class='ocrx_word' id='word_1_246' title='bbox 398 3503 541 3583; x_wconf 77' lang='grc' dir='ltr'><strong><em>φύγωμεν</em></strong></span> <span class='ocrx_word' id='word_1_247' title='bbox 572 3508 684 3566; x_wconf 91' lang='lat' dir='ltr'>autem</span> <span class='ocrx_word' id='word_1_248' title='bbox 715 3506 798 3579; x_wconf 89' lang='lat' dir='ltr'>quod</span> <span class='ocrx_word' id='word_1_249' title='bbox 829 3505 922 3566; x_wconf 90' lang='lat' dir='ltr'>hodie</span> <span class='ocrx_word' id='word_1_250' title='bbox 951 3522 971 3566; x_wconf 90' lang='lat' dir='ltr'>a</span> <span class='ocrx_word' id='word_1_251' title='bbox 1000 3505 1161 3581; x_wconf 87' lang='lat' dir='ltr'>plerisque</span> <span class='ocrx_word' id='word_1_252' title='bbox 1190 3506 1305 3583; x_wconf 84' lang='lat' dir='ltr'>editur,</span> <span class='ocrx_word' id='word_1_253' title='bbox 1330 3507 1363 3567; x_wconf 94' lang='lat' dir='ltr'>in</span> <span class='ocrx_word' id='word_1_254' title='bbox 1387 3506 1496 3583; x_wconf 87' lang='lat' dir='ltr'>paucis</span> 
     </span>
     <span class='ocr_line' id='line_1_30' title="bbox 224 3606 1496 3670; baseline 0.002 -3"><span class='ocrx_word' id='word_1_255' title='bbox 224 3608 354 3667; x_wconf 87' lang='lat' dir='ltr'>tantum</span> <span class='ocrx_word' id='word_1_256' title='bbox 386 3606 548 3667; x_wconf 87' lang='lat' dir='ltr'>codicibus</span> <span class='ocrx_word' id='word_1_257' title='bbox 579 3607 742 3668; x_wconf 88' lang='lat' dir='ltr'>invenitur</span> <span class='ocrx_word' id='word_1_258' title='bbox 769 3610 803 3668; x_wconf 86' lang='lat' dir='ltr'>st</span> <span class='ocrx_word' id='word_1_259' title='bbox 826 3608 1015 3669; x_wconf 88' lang='lat' dir='ltr'>correctioni</span> <span class='ocrx_word' id='word_1_260' title='bbox 1038 3608 1180 3669; x_wconf 88' lang='lat' dir='ltr'>debetur.</span> <span class='ocrx_word' id='word_1_261' title='bbox 1205 3609 1325 3669; x_wconf 80' lang='lat' dir='ltr'>Eadem</span> <span class='ocrx_word' id='word_1_262' title='bbox 1350 3609 1496 3670; x_wconf 90' lang='lat' dir='ltr'>codicum</span> 
     </span>
     <span class='ocr_line' id='line_1_31' title="bbox 225 3708 1498 3785; baseline 0.002 -16"><span class='ocrx_word' id='word_1_263' title='bbox 225 3708 441 3782; x_wconf 88' lang='lat' dir='ltr'>discrepantia</span> <span class='ocrx_word' id='word_1_264' title='bbox 469 3709 599 3783; x_wconf 89' lang='lat' dir='ltr'>saepius</span> <span class='ocrx_word' id='word_1_265' title='bbox 626 3724 796 3770; x_wconf 87' lang='lat' dir='ltr'>occurrens</span> <span class='ocrx_word' id='word_1_266' title='bbox 822 3711 963 3770; x_wconf 85' lang='lat' dir='ltr'>testatur</span> <span class='ocrx_word' id='word_1_267' title='bbox 993 3711 1049 3771; x_wconf 80' lang='lat' dir='ltr'>vix</span> <span class='ocrx_word' id='word_1_268' title='bbox 1073 3711 1249 3784; x_wconf 88' lang='lat' dir='ltr'>quidquam</span> <span class='ocrx_word' id='word_1_269' title='bbox 1273 3714 1445 3785; x_wconf 87' lang='lat' dir='ltr'>procerte</span> <span class='ocrx_word' id='word_1_270' title='bbox 1467 3712 1498 3772; x_wconf 87' lang='lat' dir='ltr'>in</span> 
     </span>
     <span class='ocr_line' id='line_1_32' title="bbox 225 3809 1497 3889; baseline 0.005 -20"><span class='ocrx_word' id='word_1_271' title='bbox 225 3810 286 3869; x_wconf 85' lang='lat' dir='ltr'>hac</span> <span class='ocrx_word' id='word_1_272' title='bbox 308 3824 342 3871; x_wconf 89' lang='lat' dir='ltr'>re</span> <span class='ocrx_word' id='word_1_273' title='bbox 366 3809 573 3872; x_wconf 85' lang='lat' dir='ltr'>constituisse</span> <span class='ocrx_word' id='word_1_274' title='bbox 596 3811 844 3889; x_wconf 84' lang='lat' dir='ltr'>Alexandrinos,</span> <span class='ocrx_word' id='word_1_275' title='bbox 868 3812 915 3873; x_wconf 85' lang='lat' dir='ltr'>ita</span> <span class='ocrx_word' id='word_1_276' title='bbox 933 3827 1069 3888; x_wconf 83' lang='lat' dir='ltr'>quoque,</span> <span class='ocrx_word' id='word_1_277' title='bbox 1093 3829 1134 3873; x_wconf 92' lang='lat' dir='ltr'>ne</span> <span class='ocrx_word' id='word_1_278' title='bbox 1157 3812 1266 3888; x_wconf 87' lang='lat' dir='ltr'>plures</span> <span class='ocrx_word' id='word_1_279' title='bbox 1289 3812 1377 3873; x_wconf 90' lang='lat' dir='ltr'>locos</span> <span class='ocrx_word' id='word_1_280' title='bbox 1404 3815 1497 3875; x_wconf 91' lang='lat' dir='ltr'>addu-</span> 
     </span>
     <span class='ocr_line' id='line_1_33' title="bbox 226 3913 460 3987; baseline 0 -15"><span class='ocrx_word' id='word_1_281' title='bbox 226 3926 309 3987; x_wconf 85' lang='lat' dir='ltr'>cam,</span> <span class='ocrx_word' id='word_1_282' title='bbox 336 3913 460 3972; x_wconf 66' lang='grc'><strong>11243</strong></span> 
     </span>
    </p>

    <p class='ocr_par' dir='ltr' id='par_1_7' title="bbox 913 4011 1179 4095">
     <span class='ocr_line' id='line_1_34' title="bbox 913 4011 1179 4095; baseline 0.004 -21"><span class='ocrx_word' id='word_1_283' title='bbox 913 4011 988 4093; x_wconf 70' lang='grc' dir='ltr'><strong><em>μηδὲ</em></strong></span> <span class='ocrx_word' id='word_1_284' title='bbox 1010 4037 1038 4074; x_wconf 89' lang='grc' dir='ltr'>τι</span> <span class='ocrx_word' id='word_1_285' title='bbox 1062 4014 1179 4095; x_wconf 80' lang='grc' dir='ltr'><strong><em>δούρων</em></strong></span> 
     </span>
    </p>

    <p class='ocr_par' dir='ltr' id='par_1_8' title="bbox 492 4110 1223 4197">
     <span class='ocr_line' id='line_1_35' title="bbox 492 4110 1223 4197; baseline 0.007 -24"><span class='ocrx_word' id='word_1_286' title='bbox 492 4110 563 4174; x_wconf 73' lang='grc' dir='ltr'><strong><em>ἔστω</em></strong></span> <span class='ocrx_word' id='word_1_287' title='bbox 586 4112 717 4193; x_wconf 71' lang='grc' dir='ltr'><strong><em>φειδωλὴ</em></strong></span> <span class='ocrx_word' id='word_1_288' title='bbox 740 4113 790 4175; x_wconf 74' lang='grc' dir='ltr'>ἵνα</span> <span class='ocrx_word' id='word_1_289' title='bbox 813 4111 930 4195; x_wconf 76' lang='grc' dir='ltr'><strong><em>εἴδομεν</em></strong></span> <span class='ocrx_word' id='word_1_290' title='bbox 953 4115 983 4177; x_wconf 82' lang='grc' dir='ltr'>εἴ</span> <span class='ocrx_word' id='word_1_291' title='bbox 1003 4138 1055 4177; x_wconf 87' lang='grc' dir='ltr'>κεν</span> <span class='ocrx_word' id='word_1_292' title='bbox 1082 4117 1223 4197; x_wconf 71' lang='grc' dir='ltr'><strong><em>Ἀχιλλεὺς</em></strong></span> 
     </span>
    </p>

    <p class='ocr_par' dir='ltr' id='par_1_9' title="bbox 490 4215 1253 4299">
     <span class='ocr_line' id='line_1_36' title="bbox 490 4215 1253 4299; baseline 0.008 -25"><span class='ocrx_word' id='word_1_293' title='bbox 490 4223 545 4275; x_wconf 82' lang='grc' dir='ltr'>νῶι</span> <span class='ocrx_word' id='word_1_294' title='bbox 571 4216 761 4290; x_wconf 80' lang='grc' dir='ltr'><strong><em>κατακτείνας</em></strong></span> <span class='ocrx_word' id='word_1_295' title='bbox 784 4215 876 4298; x_wconf 81' lang='grc' dir='ltr'><strong><em>ἔναρα</em></strong></span> <span class='ocrx_word' id='word_1_296' title='bbox 900 4217 1058 4298; x_wconf 79' lang='grc' dir='ltr'><strong><em>βροτόεντα</em></strong></span> <span class='ocrx_word' id='word_1_297' title='bbox 1082 4216 1253 4299; x_wconf 75' lang='grc' dir='ltr'><strong><em>φέρηται</em></strong></span> 
     </span>
    </p>

    <p class='ocr_par' dir='ltr' id='par_1_10' title="bbox 225 4314 1427 4499">
     <span class='ocr_line' id='line_1_37' title="bbox 490 4314 1279 4406; baseline 0.01 -31"><span class='ocrx_word' id='word_1_298' title='bbox 490 4323 565 4395; x_wconf 80' lang='grc' dir='ltr'><strong><em>νῆας</em></strong></span> <span class='ocrx_word' id='word_1_299' title='bbox 589 4314 637 4377; x_wconf 71' lang='lat' dir='ltr'>tal</span> <span class='ocrx_word' id='word_1_300' title='bbox 659 4316 824 4398; x_wconf 74' lang='grc' dir='ltr'><strong><em>γλαφυρὰς,</em></strong></span> <span class='ocrx_word' id='word_1_301' title='bbox 846 4316 866 4398; x_wconf 73' lang='grc' dir='ltr'>ἤ</span> <span class='ocrx_word' id='word_1_302' title='bbox 889 4341 940 4380; x_wconf 89' lang='grc' dir='ltr'>κεν</span> <span class='ocrx_word' id='word_1_303' title='bbox 964 4330 1005 4404; x_wconf 80' lang='grc' dir='ltr'>σῷ</span> <span class='ocrx_word' id='word_1_304' title='bbox 1030 4318 1115 4400; x_wconf 74' lang='grc' dir='ltr'><strong><em>δουρὶ</em></strong></span> <span class='ocrx_word' id='word_1_305' title='bbox 1141 4321 1159 4381; x_wconf 95' lang='grc' dir='ltr'><strong><em>δ</em></strong></span> <span class='ocrx_word' id='word_1_306' title='bbox 1167 4321 1279 4406; x_wconf 76' lang='grc' dir='ltr'><strong><em>αμήφ,</em></strong></span> 
     </span>
     <span class='ocr_line' id='line_1_38' title="bbox 225 4417 1427 4499; baseline 0.008 -22"><span class='ocrx_word' id='word_1_307' title='bbox 225 4417 343 4491; x_wconf 80' lang='lat' dir='ltr'>legisse</span> <span class='ocrx_word' id='word_1_308' title='bbox 364 4417 434 4478; x_wconf 89' lang='lat' dir='ltr'>sine</span> <span class='ocrx_word' id='word_1_309' title='bbox 457 4417 634 4480; x_wconf 86' lang='lat' dir='ltr'>offensione</span> <span class='ocrx_word' id='word_1_310' title='bbox 657 4420 780 4482; x_wconf 90' lang='lat' dir='ltr'>multos</span> <span class='ocrx_word' id='word_1_311' title='bbox 804 4420 909 4499; x_wconf 76' lang='grc' dir='ltr'><strong><em>δαμείη</em></strong></span> <span class='ocrx_word' id='word_1_312' title='bbox 935 4423 1080 4484; x_wconf 89' lang='lat' dir='ltr'>codicum</span> <span class='ocrx_word' id='word_1_313' title='bbox 1106 4424 1247 4484; x_wconf 89' lang='lat' dir='ltr'>varietas</span> <span class='ocrx_word' id='word_1_314' title='bbox 1271 4424 1427 4487; x_wconf 87' lang='lat' dir='ltr'>declarat.</span> 
     </span>
    </p>

    <p class='ocr_par' dir='ltr' id='par_1_11' title="bbox 224 4518 1504 4708">
     <span class='ocr_line' id='line_1_39' title="bbox 269 4518 1504 4604; baseline 0.01 -26"><span class='ocrx_word' id='word_1_315' title='bbox 269 4518 388 4579; x_wconf 83' lang='lat' dir='ltr'>Eodem</span> <span class='ocrx_word' id='word_1_316' title='bbox 413 4533 510 4579; x_wconf 87' lang='lat' dir='ltr'>versu</span> <span class='ocrx_word' id='word_1_317' title='bbox 536 4521 575 4580; x_wconf 83' lang='grc'>17</span> <span class='ocrx_word' id='word_1_318' title='bbox 599 4518 761 4597; x_wconf 76' lang='grc' dir='ltr'><strong><em>κομέειν</em></strong></span> <span class='ocrx_word' id='word_1_319' title='bbox 785 4523 915 4584; x_wconf 83' lang='lat' dir='ltr'>adhibet</span> <span class='ocrx_word' id='word_1_320' title='bbox 939 4523 1155 4586; x_wconf 80' lang='lat' dir='ltr'>Callimachus</span> <span class='ocrx_word' id='word_1_321' title='bbox 1179 4527 1218 4587; x_wconf 90' lang='lat' dir='ltr'>de</span> <span class='ocrx_word' id='word_1_322' title='bbox 1245 4528 1381 4588; x_wconf 87' lang='lat' dir='ltr'>canibus</span> <span class='ocrx_word' id='word_1_323' title='bbox 1406 4529 1504 4604; x_wconf 88' lang='lat' dir='ltr'>plane</span> 
     </span>
     <span class='ocr_line' id='line_1_40' title="bbox 224 4619 1504 4708; baseline 0.009 -28"><span class='ocrx_word' id='word_1_324' title='bbox 224 4624 262 4681; x_wconf 91' lang='lat' dir='ltr'>ut</span> <span class='ocrx_word' id='word_1_325' title='bbox 283 4620 321 4681; x_wconf 89' lang='lat' dir='ltr'>da</span> <span class='ocrx_word' id='word_1_326' title='bbox 341 4619 449 4679; x_wconf 89' lang='lat' dir='ltr'>Ulixis</span> <span class='ocrx_word' id='word_1_327' title='bbox 473 4635 551 4680; x_wconf 89' lang='lat' dir='ltr'>cane</span> <span class='ocrx_word' id='word_1_328' title='bbox 576 4621 747 4699; x_wconf 88' lang='lat' dir='ltr'>Homerus,</span> <span class='ocrx_word' id='word_1_329' title='bbox 779 4625 818 4685; x_wconf 85' lang='lat' dir='ltr'>ad</span> <span class='ocrx_word' id='word_1_330' title='bbox 844 4626 936 4685; x_wconf 91' lang='lat' dir='ltr'>cuius</span> <span class='ocrx_word' id='word_1_331' title='bbox 959 4627 1057 4687; x_wconf 86' lang='lat' dir='ltr'>verba</span> <span class='ocrx_word' id='word_1_332' title='bbox 1087 4649 1114 4704; x_wconf 88' lang='grc' dir='ltr'>ρ.</span> <span class='ocrx_word' id='word_1_333' title='bbox 1141 4629 1204 4687; x_wconf 86' lang='grc'>319</span> <span class='ocrx_word' id='word_1_334' title='bbox 1232 4626 1336 4703; x_wconf 56' lang='grc' dir='ltr'><strong><em>ηιόιδε</em></strong></span> <span class='ocrx_word' id='word_1_335' title='bbox 1360 4635 1504 4708; x_wconf 72' lang='grc' dir='ltr'><strong><em>γυναῖκες</em></strong></span> 
     </span>
    </p>
   </div>
   <div class='ocr_carea' id='block_1_4' title="bbox 0 0 1555 5294">
    <p class='ocr_par' dir='ltr' id='par_1_12' title="bbox 0 0 1555 5294">
     <span class='ocr_line' id='line_1_41' title="bbox 0 0 1555 5294; baseline 0 0"><span class='ocrx_word' id='word_1_336' title='bbox 0 0 1555 5294; x_wconf 95' lang='lat' dir='ltr'> </span> 
     </span>
    </p>
   </div>
  </div>
 </body>
</html>
