3104 5296
856 466 897 527 94
1252 460 1309 522 ΙΙΙ.
1337 459 1487 521 190-192

239 671 311 717 eam
342 655 528 730 Nympham
559 652 781 730 έλλοφόυον
812 656 846 714 et
875 650 1083 728 ἐύσκοπον,
1121 652 1153 712 in
1189 665 1327 724 quorum
1359 649 1488 723 epitheto

239 772 312 817 rum
336 757 437 817 altero
460 757 671 829 quantumvis
694 757 872 830 novaverit,
893 755 979 816 certe
1008 754 1048 814 ab
1071 753 1235 813 homerica
1258 751 1489 825 compositorum

238 859 363 919 ratione
386 873 449 918 non
469 857 648 932 aberravit;
671 858 773 917 altero
799 859 910 917 autem
934 857 1008 930 apte
1032 857 1072 916 ad
1096 855 1275 929 nympham
1299 854 1418 914 Dianae
1438 867 1490 926 grur

238 961 403 1020 tissimam
438 959 606 1019 transtulit
641 973 818 1032 cognomen
862 973 923 1030 quo
959 957 1035 1017 olim
1070 957 1177 1030 ipsam
1211 957 1305 1015 deam
1340 955 1489 1015 ornaverat

239 1063 334 1137 poeta
367 1061 506 1135 Necyiae
540 1063 564 1118 λ.
599 1060 661 1121 198
701 1056 864 1134 ,ἐύσκοπος
900 1055 1059 1136 ἰοχέαιρα”.
1096 1091 1135 1099 -
1169 1057 1274 1116 Minus
1308 1055 1488 1117 fideliterin

241 1163 337 1225 verbo
382 1158 596 1239 πτοιηθεὶς
638 1161 772 1221 Homeri
816 1160 1082 1221 consuetudinem
1122 1161 1241 1219 servat.
1280 1160 1313 1219 Is
1351 1159 1432 1218 eninr
1461 1156 1488 1215 de

239 1267 343 1341 procis
378 1265 505 1325 dixerat
542 1286 566 1341 χ.
592 1263 656 1324 298
691 1271 768 1337 ,τῶν
803 1257 835 1321 δὲ
866 1258 971 1340 φρένες
1002 1258 1193 1338 έπτοίηθεν”,
1222 1262 1379 1321 terrorem
1412 1261 1489 1333 igitur

239 1369 384 1428 indicans
406 1368 443 1426 ut
465 1367 498 1425 in
524 1365 630 1425 verbis
653 1381 678 1422 σ.
704 1365 769 1424 340
795 1360 927 1438 ,ἐπέεσσι
947 1362 1113 1440 διεπτοίησε
1132 1364 1306 1442 γυναῖκας’.
1330 1363 1378 1421 Ad
1390 1360 1488 1421 amoris

239 1473 348 1531 autem
392 1468 604 1541 agitationem
642 1467 847 1526 indicandam
887 1467 1060 1540 postquam
1100 1464 1238 1537 quodam
1273 1462 1368 1523 modo
1396 1460 1488 1537 praeiit

239 1571 400 1632 Hesiodus
424 1570 462 1629 de
486 1569 612 1628 aratore
636 1567 876 1627 adolescentulo
900 1569 1036 1640 questus
1060 1565 1148 1642 (opp.
1176 1566 1262 1641 447),

487 1667 678 1746 ,κουρότερος
699 1666 755 1748 γὰρ
779 1665 856 1746 ἀνὴρ
879 1661 946 1744 μεθ’
971 1664 1113 1746 ὁμήλικας
1138 1664 1320 1744 έπτοίηται”,

239 1774 349 1849 lyricis
372 1774 469 1845 atque
492 1771 624 1844 tragicis
647 1770 911 1845 acceptissimum
932 1770 1056 1831 iactum
1076 1773 1136 1830 est.
1165 1769 1267 1829 Notae
1296 1769 1343 1828 rei
1362 1762 1486 1838 exempla

241 1878 356 1938 afferre
379 1874 493 1935 inutile
519 1874 656 1934 videtur.

282 2079 338 2139 VS.
366 2078 438 2139 192.
485 2068 556 2153 ἥδ’
595 2070 642 2135 δτέ
665 2070 719 2151 μέν
742 2073 878 2159 λασίησιν
901 2071 960 2135 ὑπὸ
985 2072 1072 2153 δρυσλ
1095 2074 1237 2153 κρύπτετο
1260 2073 1376 2151 νύμφη,

486 2174 586 2237 ύλλοτε
611 2171 640 2236 δ’
666 2176 844 2262 εἱαμενῇσιν·
868 2172 885 2237 λλ
908 2171 935 2237 δ’
967 2175 1053 2237 έννεα
1076 2185 1174 2255 μῆνας
1198 2174 1302 2252 έφοίτα

485 2277 619 2339 παίπαλύ
642 2300 671 2338 τε
693 2279 846 2357 κρημνούς
868 2300 898 2339 τε
921 2276 971 2339 καί
994 2277 1050 2339 ούπ
1073 2275 1226 2338 ἀπέπαυσε
1249 2274 1386 2351 διακτύν,

367 2384 428 2442 195
486 2375 569 2458 μέσφ’
597 2379 643 2440 ὅτε
666 2377 857 2459 μαρπτομένη
880 2378 930 2441 καί
954 2379 992 2459 δὴ
1017 2378 1120 2461 σχεδὸν
1143 2379 1233 2457 ἥλατο
1256 2376 1368 2439 πόντον

484 2481 616 2561 πρηόνος
640 2480 669 2556 ἐξ
692 2481 818 2543 ὑπάτοιο
841 2480 891 2542 καλ
915 2481 1041 2562 ἔνθορεν
1065 2481 1106 2554 εἰς
1132 2477 1244 2560 ἇλιηων

486 2583 600 2663 δίκτυα,
622 2584 657 2644 τύ
680 2579 733 2660 σφ’
761 2582 905 2645 ἐσάωσαν·
930 2583 1003 2645 ὅθεν
1027 2581 1178 2662 μετέπειτα
1202 2582 1347 2654 Κύδωνες

485 2687 610 2764 νύμφην
633 2681 687 2763 μέν
710 2686 890 2765 Δίκτυνναν,
913 2684 981 2766 ύρος
1005 2681 1034 2747 δ’
1060 2685 1134 2746 ὅθεν
1157 2684 1246 2763 ἥλατο
1270 2684 1376 2762 νύμφη

486 2790 628 2848 Δικταῖον
651 2785 816 2850 καλέουσιν·
840 2786 1038 2867 ἀνεστήσαντο
1062 2783 1095 2849 ol
1117 2785 1239 2866 βωμούς

363 2890 427 2950 200
484 2889 547 2968 ίερύ
569 2911 599 2949 τε
621 2887 746 2970 ῥέζουσι,
769 2889 801 2952 τὸ
825 2887 858 2951 δέ
881 2888 987 2967 στέφος
1010 2887 1100 2969 ἤματι
1123 2889 1210 2974 κείνῳ

484 2988 504 3071 ἢ
526 2991 612 3064 πίτυς
635 2988 655 3071 ἢ
677 2998 786 3071 σχῖνος,
808 2992 930 3072 μύρτοιο
954 2989 987 3053 δέ
1009 2997 1100 3072 χεῖρες
1123 2988 1250 3051 ύθιιιτοι.

485 3091 522 3171 δὴ
546 3092 609 3154 τότε
631 3091 687 3173 γὰρ
710 3091 866 3155 πέπλοισιν
890 3091 1018 3173 ἐνέσχετο
1044 3095 1187 3174 μύρσινος
1210 3089 1276 3164 ὄζος

485 3203 537 3273 τῆς
560 3196 681 3275 κούρης,
705 3191 741 3256 ὅτ’
768 3194 901 3277 έφευχεν·
926 3194 999 3256 ὅθεν
1026 3194 1100 3276 μέγα
1124 3194 1236 3274 χώσατο
1260 3193 1370 3278 μύρτῳ,

285 3297 442 3373 Quoniam
467 3299 598 3359 omnino
622 3299 701 3358 nihil
725 3299 763 3360 de
788 3300 931 3360 fontibus
956 3299 1144 3360 Callimachi
1168 3298 1201 3358 in
1224 3299 1284 3358 hoc
1309 3294 1498 3357 cretensium

241 3399 355 3473 mytho
389 3399 566 3460 enarrando
598 3401 735 3475 constat,
767 3403 861 3462 caute
886 3401 1061 3461 admodum
1087 3399 1248 3473 agendum
1272 3399 1374 3459 estin
1398 3394 1502 3459 consti·

240 3501 370 3575 tuendo,
398 3499 472 3572 quid
496 3502 548 3562 hic
571 3501 604 3561 in
628 3502 766 3563 dictione
790 3504 859 3577 lpse
881 3502 1094 3577 innovaverit,
1119 3501 1194 3574 quid
1218 3500 1334 3561 debeat
1357 3498 1504 3573 antiquio·

241 3603 339 3662 ribus.
370 3601 439 3661 Hoc
463 3617 541 3662 sane
566 3602 751 3663 observabit
772 3604 879 3677 quivis
902 3604 1013 3679 lector,
1038 3605 1143 3663 artem
1171 3601 1359 3663 Callimachi
1383 3600 1506 3662 ferend

240 3704 463 3777 quotidianum
493 3720 678 3766 sermonem
710 3706 903 3766 descendere
934 3709 967 3766 et
990 3705 1083 3780 quasi
1106 3719 1234 3779 serpere
1258 3704 1351 3764 humi
1374 3703 1509 3763 simulac

240 3805 280 3866 ad
304 3820 400 3865 usum
425 3805 586 3878 quendam
610 3808 680 3867 sive
704 3823 835 3867 sacrum
858 3807 929 3868 sive
953 3807 1122 3881 profanum
1155 3804 1381 3879 exponendum
1414 3804 1510 3864 nomi-

240 3921 362 3967 numve
385 3907 541 3980 originem
566 3909 790 3984 explicandam
810 3925 846 3970 se
866 3910 1014 3983 accingat
1034 3911 1130 3981 atque
1151 3922 1265 3967 earum
1284 3921 1394 3966 rerum
1416 3919 1513 3966 causa

240 4008 475 4084 aetiologicam,
507 4025 606 4083 quarn
629 4011 778 4084 dicimus,
802 4011 1022 4071 narrationem
1054 4010 1143 4069 ineat
1166 4008 1249 4078 (vide
1272 4006 1423 4068 hocloco
1448 4022 1512 4067 vss.

244 4110 435 4185 197-203;
459 4113 531 4171 tum
558 4112 582 4172 1.
611 4114 661 4188 13,
687 4114 739 4187 37,
765 4114 817 4188 43,
844 4115 883 4173 51
913 4105 1001 4191 etc).
1024 4111 1140 4172 Paucis
1162 4110 1331 4171 videamus
1351 4125 1514 4182 quaenam

241 4213 353 4271 contra
372 4213 578 4286 antiquorum
600 4229 707 4289 usum,
728 4229 833 4286 quove
853 4230 892 4275 ea
910 4214 1043 4275 consilio
1055 4213 1174 4273 dixerit
1186 4214 1289 4286 poeta.
1303 4211 1348 4272 De
1361 4212 1513 4273 adiectivi

241 4311 341 4384 λάσιος
372 4330 435 4374 usu
465 4315 674 4377 callimacheo
703 4316 770 4375 iam
803 4315 926 4376 dictum
959 4317 1010 4377 est
1040 4330 1136 4389 supra
1167 4329 1237 4388 pag.
1273 4315 1324 4373 67.
1357 4314 1420 4375 Hic
1447 4317 1513 4375 tan·

242 4417 314 4474 turn
336 4414 484 4490 adiciam,
510 4417 674 4477 vocabulis
697 4415 859 4499 λασίησι
883 4413 999 4495 δρυσὶ
1020 4430 1084 4477 non
1107 4415 1240 4476 indicari
1264 4415 1400 4475 Homeri
1424 4431 1513 4489 quer·

242 4532 300 4577 cus
330 4513 516 4592 δηικόμουςε
550 4518 657 4593 potius
687 4519 843 4592 cogitavit
874 4518 1091 4580 Callimachus
1114 4518 1153 4578 de
1178 4517 1320 4577 arbustis
1344 4532 1430 4590 quae
1454 4518 1515 4579 Ho-

242 4633 353 4680 merus
376 4617 493 4697 ,δρυμὰ
523 4617 643 4679 πυκνὰ”
668 4621 804 4696 dixerat,
829 4622 928 4683 Attici
953 4637 1028 4681 vero
1052 4621 1165 4694 poetae
1190 4617 1331 4679 stidore
1355 4622 1389 4679 et
1414 4617 1514 4680 δασέα.
