3104 5296
54 447 113 507 ΙΙΙ.
143 448 317 508 115-119
678 447 718 507 79

54 652 155 711 quem
185 636 316 712 saepius
346 634 503 696 imitando
526 636 712 698 aemulatus
734 649 820 697 nunc
844 635 911 697 fere
935 636 974 697 ad
999 637 1134 698 verbum
1158 639 1330 713 expressit.

56 739 117 800 iiie
141 738 180 799 fr.
210 740 271 800 167

282 848 318 924 τῇ
340 837 378 920 δά
400 833 462 899 ποτ’
489 837 664 917 Οὐλύμποιο
687 836 753 920 περλ
776 836 904 919 πλευράς
928 836 1077 917 ἐκάλυψεν

228 964 231 969 ⁴
328 937 406 1013 άκῦς
429 937 489 1001 άπὸ
514 936 633 1024 Θρῄκης
657 935 820 1021 ὀρνύμενος
844 936 968 1021 Βορέης,

283 1039 403 1124 ἀνδρῶν
426 1037 457 1103 δ’
484 1039 632 1121 ἀχλαίνων
655 1040 742 1103 ἔδακε
765 1038 877 1123 φρένας
900 1065 926 1101 κ.
939 1066 963 1102 τ.
975 1046 999 1103 λ.

103 1146 186 1208 Cum
211 1160 287 1207 vero
308 1160 373 1206 non
395 1146 465 1206 sine
485 1146 573 1206 certo
593 1145 733 1220 quodam
753 1144 886 1207 consilio
907 1145 940 1205 in
961 1145 1041 1206 Asia
1060 1145 1198 1207 Dianam
1210 1146 1333 1209 iunaris

57 1248 206 1309 numinis
240 1262 375 1308 munera
407 1246 580 1308 obeuntem
615 1247 826 1321 sequentibus
854 1247 1002 1307 versibus
1033 1248 1185 1309 describit
1215 1250 1335 1326 noster,

58 1351 166 1412 facem
190 1350 376 1412 accendisse
398 1350 492 1411 deam
512 1351 652 1425 enarrat,
673 1351 742 1410 tam
761 1350 932 1424 poetarum
952 1363 1053 1422 quam
1071 1349 1335 1425 philosophorum

58 1454 226 1515 doctrinas
247 1454 389 1529 secutus,
409 1451 574 1526 exipsius
595 1451 702 1512 Patris
723 1450 794 1512 luce
815 1451 957 1512 aeterna.
979 1450 1041 1512 Hic
1060 1452 1199 1526 spectari
1212 1451 1334 1513 cultum

59 1556 203 1616 Hecates
237 1552 421 1638 δᾳδοφόρου,
453 1552 507 1628 qui
544 1553 577 1613 in
613 1552 706 1614 caris
743 1567 820 1614 cum
852 1551 1038 1631 πανημερίου
1065 1553 1153 1614 Iovis
1183 1554 1337 1629 reiigione

60 1656 246 1718 arctissime
280 1656 471 1717 coniunctus
506 1659 585 1732 erat,
618 1671 704 1717 nunc
736 1654 833 1716 verbo
865 1669 996 1715 monere
1027 1654 1157 1717 sufficit.
1187 1656 1336 1718 Ceterum

59 1759 147 1820 haud
171 1758 339 1833 indignum
362 1758 586 1819 observatione
610 1760 662 1819 est
685 1759 836 1819 aeternae
860 1756 943 1818 lucis
973 1756 1177 1832 splendorem
1200 1772 1220 1818 a
1242 1760 1338 1832 poeta

59 1861 186 1921 dictum
210 1875 282 1921 esse
305 1857 467 1937 ἀυτμήν.
492 1858 559 1937 Quo
583 1861 716 1935 apparet
736 1860 775 1920 de
797 1873 894 1920 versu
914 1859 952 1920 Φ.
967 1860 1030 1920 366
1047 1862 1139 1937 ,τεῖρε
1160 1852 1186 1919 δ’
1210 1855 1337 1938 ἀυτμὴ

54 1957 235 2039 Ἡφαίστοιο
266 1959 375 2040 βίηφι”
407 1960 493 2021 idem
523 1961 618 2036 piane
649 1961 793 2022 sensisse
822 1959 1058 2021 callimachum
1082 1961 1166 2035 quod
1189 1961 1337 2023 schoi.B

61 2064 164 2126 refert
178 2058 216 2142 ,ἡ
237 2059 500 2140 ἐξατμίζοντα
519 2061 661 2143 πυρώδης
681 2060 781 2140 πνοή”
805 2062 855 2134 (cf.
872 2084 893 2123 ι.
907 2063 999 2132 389);
1014 2077 1077 2123 non
1098 2063 1197 2137 igitur
1208 2064 1336 2125 fumum

62 2168 206 2230 indicare
229 2165 408 2228 secundum
431 2165 502 2226 eius
526 2166 725 2256 sententiam
749 2166 806 2226 sed
830 2164 991 2226 fervorem
1011 2165 1118 2240 ipsum
1141 2166 1236 2240 ignis.
1255 2167 1336 2228 Hae·

60 2270 158 2331 rebat
197 2268 285 2329 enim
327 2267 360 2329 in
395 2269 509 2344 poetae
543 2269 652 2329 animo
687 2266 847 2329 memoria
881 2282 993 2328 eorum
1032 2282 1186 2329 versuum
1220 2267 1338 2342 quibus

61 2372 236 2447 descripsit
269 2369 412 2446 Typhoei
446 2369 573 2432 exitum
608 2371 770 2432 Hesiodus
800 2370 834 2431 in
862 2369 1124 2457 Theogoniam
1153 2385 1218 2444 qua
1241 2371 1338 2432 caede

63 2476 241 2551 postquam
261 2477 321 2543 (vs.
346 2473 421 2543 869)
512 2538 514 2545 ,

290 2570 364 2650 φλδξ
388 2569 421 2634 δέ
443 2571 686 2655 κεραυνωθέντος
708 2570 855 2634 άπέσσντο
880 2577 941 2634 τοῖο
965 2570 1092 2647 άνακτος

64 2693 147 2739 mox
177 2679 247 2739 tota
276 2678 364 2738 terra
395 2677 565 2739 combusta
595 2680 645 2739 est
677 2682 736 2749 (vs.
768 2678 843 2748 863)
874 2673 976 2762 άτμη
1002 2677 1155 2762 θεσπεσίη.
1178 2678 1247 2739 Hos
1272 2695 1337 2741 ver·

63 2795 127 2842 sus
148 2779 259 2856 opinor
280 2779 457 2854 respiciunt
480 2779 696 2841 Callimachea
718 2779 775 2840 iiia
802 2777 914 2856 ,φάεος
938 2776 1055 2858 ἀυτμην
1079 2777 1223 2860 ἀσβέστου
1246 2777 1279 2841 τό
1302 2778 1339 2861 ρο

62 2879 178 2962 πατρὸς
212 2877 410 2953 άποστάζουσι
442 2880 611 2961 κεραυνοί.”
653 2881 871 2943 οουλοτοαδυε
904 2883 1017 2944 autem
1051 2884 1103 2943 est
1136 2883 1340 2944 Herodianus

62 2982 99 3045 έν
132 2980 331 3063 ἔπιμερισμοῖς
355 2982 465 3053 (Lentz
489 2983 587 3059 praef.
611 2986 725 3054 mm:
751 2979 884 3062 ἀυτμή·
909 2980 953 3044 άω
976 2981 1112 3045 κολάσω
1141 2981 1235 3062 ὄνομα
1259 2982 1338 3063 άσμὴ
1382 2990 1387 3012 '

62 3082 119 3146 καί
141 3093 235 3168 τροπη”
259 3092 311 3146 τοῦ
335 3079 354 3144 ὅ
375 3084 416 3158 είς
437 3085 455 3145 i
478 3082 564 3164 ἀκμὴ,
589 3088 764 3169 πλεονασμῷ
788 3092 841 3146 τοῦ
865 3087 884 3147 ὗ
907 3082 1012 3164 άυτμή.

111 3288 169 3350 VS.
196 3291 269 3350 119.
293 3285 420 3348 ποσσάκι
443 3280 470 3347 δ’
497 3283 652 3368 ἀργυρέοιο
676 3284 734 3364 θεὴ
757 3286 900 3368 πειρήσαο
923 3287 1048 3363 τόξους·

293 3399 411 3470 πρῶτον
434 3386 483 3450 ἐπὶ
505 3386 638 3468 πτελέην,
660 3386 692 3450 τὸ
717 3385 749 3449 δέ
773 3389 911 3471 δεύτερον
934 3381 1010 3469 ἧκας
1034 3388 1082 3452 ἐπί
1106 3391 1191 3473 δρῦν,

295 3491 325 3552 τὸ
348 3491 445 3572 τρίτον
468 3481 528 3551 αὖτ’
556 3488 604 3551 ἔπλ
626 3495 720 3570 θῆρα,
742 3489 774 3551 τὸ
796 3487 932 3572 τέτρατον
955 3487 1046 3554 οὐκέτ’
1073 3491 1121 3554 iai
1145 3495 1230 3575 δρῦν,

293 3590 366 3653 ἀλλά
389 3616 440 3671 μιν
463 3592 504 3665 εἰς
528 3589 640 3653 ἀδίκων
662 3590 763 3671 ἔβαλες
787 3592 883 3672 πόλιν,
905 3592 986 3654 οἵτε
1009 3592 1075 3676 περὶ
1099 3592 1192 3673 σφέας

268 3713 270 3717 ’
295 3695 329 3756 οῗ
345 3717 375 3756 τε
397 3692 464 3775 περὶ
487 3695 601 3768 ξείνους
624 3691 788 3773 άλιτήμονα
810 3693 904 3757 πολλά
927 3693 1069 3758 τέλεσκον.

294 3794 425 3878 σχέτλιοι,
447 3789 492 3870 οίς
515 3797 590 3876 τύνη
613 3794 742 3876 χαλεπὴν
766 3794 906 3876 ἔμμάξεαι
929 3794 1029 3880 ὀργήν.

197 3902 260 3962 125
293 3899 401 3980 κτήνεά
424 3922 478 3978 φιν
501 3898 602 3979 λοιμὸς
625 3899 846 3980 καταβόσκεται,
867 3898 937 3982 έρχα
960 3896 993 3961 δέ
1015 3900 1122 3982 πάχνη·

294 4002 440 4084 κείρονται
464 3998 496 4063 δέ
519 3999 652 4084 γέροντες
676 3996 720 4078 ἐφ’
746 4001 855 4063 υἱάσιν·
880 4001 915 4062 αί
937 3998 969 4062 δὲ
991 4008 1130 4084 γυναῖκες

236 4118 239 4123 ’
294 4103 441 4191 ηβληταλ
464 4103 633 4184 θνήσκουσι
657 4104 790 4184 λεχωίδες
814 4101 848 4184 ηδ
871 4113 1022 4186 φυγοῦσαι

294 4208 451 4287 τίκτουσιν,
473 4217 532 4269 τῦν
555 4203 645 4269 οὐδὲν
668 4205 716 4268 ini
740 4205 857 4287 σφυρὸν
881 4203 977 4287 ὀρθὸν
1000 4204 1115 4288 άνέστη.
1143 4204 1162 4280 ¹)

59 4385 284 4402 ⁶..-.-—----=-—--

103 4483 127 4551 ¹)
144 4484 293 4546 Simplicius
318 4482 382 4531 heeo
407 4481 471 4530 deae
496 4494 604 4530 munere
628 4484 803 4546 memorantur
828 4482 855 4530 in
880 4483 993 4531 dormine
1018 4482 1120 4530 Anthot
1138 4480 1180 4529 VI.
1200 4480 1247 4531 ld'i
1265 4482 1343 4530 ubis

61 4569 163 4627 Diana,
181 4565 277 4624 qnippe
294 4576 360 4623 qnae
378 4562 411 4609 eit
427 4559 502 4625 φύλαξ
519 4563 619 4609 κτεάνων
635 4577 659 4609 το
676 4563 715 4609 καλ
732 4563 813 4627 ἀγροῦ,
830 4560 879 4609 hoo
896 4564 999 4623 petitur.

441 4640 497 4704 τόξῳ
515 4642 557 4700 μίν
574 4645 666 4695 κλῶπας
681 4644 758 4704 βάλλε,
776 4644 835 4688 σάου
853 4643 877 4689 δέ
894 4647 979 4704 φίλους.
