3068 5294
814 440 877 498 202
1072 476 1076 483 -
1282 441 1323 502 ΙΙ.
1348 441 1467 503 30-35

258 621 409 682 Formam
439 623 538 683 activi
569 619 686 684 ἀείσω
717 625 784 686 iam
808 626 833 687 Ι.
859 628 879 686 4
904 627 1080 687 adhibitam
1104 628 1245 689 vidimus
1268 630 1319 700 (oi.
1341 644 1412 705 pag.
1434 630 1469 703 8),

213 722 353 783 alienam
387 724 427 783 ab
462 724 613 801 Homero,
648 725 837 787 Callimachi
872 728 1062 801 aequalibus
1092 729 1272 805 probatam.
1303 731 1471 792 Praeeunte

214 827 325 885 autem
360 825 500 887 Homero
534 827 648 887 formis
682 824 748 906 ρέα
783 831 816 888 et
848 826 932 908 ῥεῖα
963 844 1019 904 pro
1043 830 1140 890 metri
1163 833 1358 893 necessitate
1380 835 1471 893 utitur

214 929 340 988 noster:
371 923 432 1005 ρέα,
464 930 502 988 ut
527 929 579 989 bic
610 944 658 990 vs.
683 931 735 1007 30,
760 930 872 991 scribit
894 931 951 991 III.
977 931 1059 1007 25ος
1091 933 1126 992 at
1156 931 1219 1011 ῥεῖα
1242 933 1326 994 infra
1350 949 1396 993 vs.
1419 933 1470 1006 50,

213 1028 269 1088 III.
298 1029 378 1102 1405
404 1028 457 1089 IV.
485 1030 557 1090 126.

267 1231 323 1293 VS.
359 1234 411 1294 32.
457 1233 565 1311 χρύσεα
586 1230 755 1295 τώπόλλσονι
777 1233 809 1295 τό
832 1230 854 1295 τ’
880 1233 1003 1296 ἐνδυτόν
1026 1234 1046 1313 ἦ
1068 1229 1089 1294 τ’
1115 1233 1272 1316 ίπιπορπλς

456 1332 475 1411 ἥ
498 1356 527 1394 τε
549 1335 624 1414 λύρη
647 1334 679 1396 τό
702 1329 723 1395 τ’
748 1332 846 1412 λεμμα
868 1333 900 1396 τὸ
925 1336 1058 1397 Λύκειον
1081 1335 1101 1415 ἤ
1123 1359 1153 1397 τε
1173 1335 1316 1417 φαρέτρη,

455 1436 563 1515 χρύσεα
585 1434 635 1496 aul
658 1433 694 1496 τὰ
716 1434 828 1497 πέδιλα·
851 1438 1036 1517 πολύχρυσος
1059 1435 1115 1517 γὰρ
1139 1438 1286 1501 Ἀπόλλων

354 1539 395 1598 35
451 1535 502 1598 καὶ
526 1534 558 1598 δὲ
580 1536 787 1610 πολυκτέανος·
812 1539 945 1600 Πυθῶνί
966 1561 997 1600 ιιε
1021 1539 1187 1620 τεκμήραιο.

455 1637 506 1698 καί
529 1635 583 1717 μὲν
606 1637 651 1699 ἀεὶ
674 1639 762 1713 καλὸς
786 1637 837 1700 καί
859 1638 905 1701 ἀεί
928 1638 1003 1713 νέος·
1027 1638 1135 1702 οὔποτε
1162 1642 1280 1722 Φοίβου

456 1740 591 1820 θηλείαις
614 1736 681 1802 οὐδ’
708 1740 797 1802 ὅσσον
821 1739 869 1802 ίπλ
892 1741 979 1821 χνόος
1002 1735 1078 1821 ἦλθε
1101 1749 1244 1823 παρειαῖς·

457 1843 491 1903 of
511 1839 543 1903 δὲ
566 1841 655 1920 κόμαι
677 1842 808 1904 θυόεντα
830 1841 911 1929 πίθῳ
938 1839 958 1916 ¹)
981 1844 1132 1923 λείβουσιν
1155 1843 1246 1906 ἔλαια.

458 1943 495 2006 οὐ
518 1944 602 2018 λίπος
625 1945 806 2017 Ἀπόλλωνος
829 1943 1046 2018 ἀποστάζουσιν
1069 1943 1194 2026 ἔθειραι,

357 2047 400 2106 40
455 2041 513 2106 ἀλλ’
539 2044 634 2123 αὐτὴν
657 2045 830 2107 πανοίκειαν.
855 2045 887 2107 ἐν
909 2044 992 2108 όίστεϊ
1013 2042 1042 2107 δ’
1069 2041 1092 2131 ᾧ
1116 2070 1166 2108 ιιεν
1190 2046 1298 2109 ἐνεῖναι

456 2157 569 2226 πρῶνες
593 2146 674 2226 ἔραζε
697 2146 835 2225 πέσωσιν,
857 2146 966 2227 όιιιηρια
989 2143 1072 2208 πάντ’
1098 2145 1240 2229 ἐγίνοντο.

260 2246 409 2308 Otiosum
444 2252 495 2311 est
530 2253 563 2313 et
585 2251 819 2312 subridiculum
848 2252 881 2311 in
906 2253 1058 2324 quattuor
1081 2252 1121 2313 iis
1146 2253 1303 2329 versibus,
1327 2253 1381 2327 qui
1405 2253 1479 2314 cele·

214 2348 309 2408 brant
343 2351 501 2425 Apollinis
537 2354 694 2414 vestitum
729 2355 943 2426 ornatumque
974 2352 1195 2430 magnificum,
1233 2368 1388 2428 quaerere
1421 2368 1481 2427 quo

214 2454 344 2512 auctore
370 2454 498 2529 singula
517 2457 708 2517 ornamenta
729 2470 827 2516 aurea
846 2454 905 2515 deo
924 2457 1020 2530 poeta
1034 2455 1193 2522 tribuerit.
1213 2456 1481 2516 Potioratantum

212 2554 339 2615 notabo.
375 2555 415 2616 lit
445 2558 586 2631 primum
618 2557 747 2632 quidem
780 2556 967 2631 exemplum
995 2558 1056 2618 sibi
1079 2558 1182 2618 sumit
1205 2556 1238 2617 in
1262 2557 1313 2618 his
1337 2557 1483 2618 versibus

213 2657 442 2729 componendis
466 2659 655 2720 Homerum.
672 2659 705 2719 Θ.
719 2659 761 2718 42
784 2658 928 2733 Iuppiter
951 2673 1046 2720 curru
1069 2659 1174 2732 iungit
1196 2674 1306 2735 equos,
1326 2656 1484 2743 χρνσληοιν

212 2754 363 2842 ἐθείρῃσιν
387 2758 545 2838 κομόωντε,
567 2762 640 2821 tum

456 2859 566 2941 χρυσὸν
589 2855 620 2921 δ’
646 2858 735 2931 αὐτὸς
760 2857 876 2920 ἔδυνε
898 2856 965 2938 περί
988 2860 1061 2938 χροῒ,
1077 2856 1162 2940 γέντο
1185 2854 1215 2920 δ’
1244 2858 1398 2938 ἱμάσθλην

457 2962 604 3042 χρυσείην.

258 3064 319 3126 Sed
342 3065 505 3125 homerica
535 3065 639 3125 reddit
665 3064 776 3124 noster
799 3062 954 3124 vocabulo
981 3063 1211 3136 extragoedia
1241 3064 1385 3141 sumpto,
1408 3079 1482 3125 cum

213 3169 340 3227 vestem
359 3182 458 3240 quem
477 3164 563 3226 ἔδυνε
583 3165 730 3226 Phoebus
750 3165 846 3224 vocat
865 3160 1043 3224 ἐνδυτόν.
1064 3163 1336 3226 Fibulamautem
1350 3181 1482 3228 auream

211 3268 310 3342 (quall
343 3268 375 3328 in
410 3268 529 3328 statuis
563 3266 747 3343 Apollinem
778 3266 929 3325 umatum
959 3279 1055 3339 saepe
1086 3265 1245 3336 videmus)
1279 3280 1384 3339 neque
1408 3282 1481 3328 curn

212 3369 353 3430 Homero
394 3367 524 3448 περόνην
557 3370 635 3430 dicit
674 3382 778 3441 neque
821 3382 896 3428 oum
935 3366 1053 3428 ceteris
1084 3363 1214 3444 πόρπην,
1249 3382 1364 3428 verum
1400 3382 1481 3429 novo

211 3471 367 3531 vocabulo
400 3469 589 3548 ἐπιπορπίόο,
622 3470 706 3544 quod
740 3484 803 3543 quo
838 3470 969 3530 auctore
1005 3469 1117 3530 fecerit
1153 3469 1326 3530 incertum.
1363 3469 1480 3543 Lyram

211 3573 324 3634 deinde
344 3588 477 3634 auream
500 3574 654 3635 celebrari
678 3573 748 3632 eius
771 3571 831 3647 dei,
856 3571 910 3644 qul
934 3572 1001 3632 iarn
1026 3570 1144 3633 Atticis
1165 3570 1349 3649 χροσολύρας
1367 3572 1480 3633 audiis-

212 3675 272 3750 set,
297 3677 330 3735 et
351 3676 461 3749 augeri
484 3682 537 3735 τοῦ
561 3671 759 3754 όργοροτόξου
782 3674 930 3749 honores,
954 3689 1029 3734 oum
1054 3669 1151 3750 όεμμα
1176 3671 1310 3732 Λόιτιον
1334 3673 1386 3744 (ci.
1411 3687 1480 3748 pag.

214 3777 266 3845 51)
301 3792 436 3838 aureum
471 3777 571 3838 luisse
606 3777 765 3851 narretur,
802 3775 931 3836 Pindari
964 3775 1102 3835 fortasse
1132 3773 1326 3835 auctoritate
1357 3774 1413 3847 qui
1439 3773 1480 3835 Ol.

212 3879 298 3941 XIV.
326 3881 365 3941 16
392 3878 569 3958 χρυσότοξον
601 3879 767 3940 cantasset
798 3877 990 3953 Apollinem,
1021 3876 1101 3937 baec
1135 3876 1245 3937 omnia
1268 3890 1366 3949 quam
1390 3876 1480 3936 levis·

213 3982 298 4042 sima
321 3997 479 4043 essenon
503 3981 651 4043 diffiteor.
675 3979 716 4040 Et
739 3994 938 4053 quamquam
962 3993 1026 4039 non
1049 3978 1153 4039 multo
1175 3978 1308 4052 gravius
1329 3980 1390 4054 est,
1410 3977 1480 4039 nolo

213 4085 325 4145 tamen
359 4085 509 4146 omittere
543 4083 740 4145 adiectlvum
774 4076 1050 4151 seleucianae
1084 4095 1132 4141 vs.
1169 4081 1210 4145 at
1241 4080 1336 4156 quod,
1368 4080 1397 4140 si
1420 4094 1480 4140 non

211 4370 309 4415 tamem
334 4370 504 4417 assentiamur
532 4367 640 4416 (letoldo
670 4365 703 4413 de
724 4364 774 4412 hoe
797 4377 875 4411 versu
899 4364 935 4411 ite
957 4362 1095 4411 iudicanti:
1127 4360 1174 4425 ,Sc
1194 4358 1324 4423 όερτιλιιόαί
1347 4375 1400 4408 man
1418 4357 1481 4407 ιιὲολλ

212 4446 253 4494 die
271 4446 356 4495 Μοολσ
373 4447 510 4496 νοόνλλόολον
528 4443 628 4495 outtefl'
647 4442 790 4504 (Alexandr.
808 4441 878 4491 Stad.
896 4443 985 4490 iiheiu.
1004 4443 1070 4491 Mne.
1089 4441 1168 4489 XLII.
1182 4454 1207 4502 p.
1227 4440 1294 4498 628).

247 4525 265 4590 ¹)
283 4528 426 4575 Verisimile
442 4529 503 4576 mihi
520 4527 622 4575 ridetur
638 4525 704 4573 πλόοι
720 4522 858 4582 legendum
870 4537 935 4584 esee,
944 4536 1010 4583 quae
1020 4522 1110 4583 forma,
1124 4520 1229 4581 tragiois
1241 4518 1352 4568 maxime
1363 4518 1479 4578 trequen-

213 4609 275 4665 tatu,
292 4607 454 4656 librariorum
472 4607 548 4667 oulpa
564 4604 705 4653 sescenties
722 4602 785 4650 abiit
803 4602 829 4648 in
848 4602 917 4665 πέδην.
