3104 5296
97 482 156 542 ΙΙΙ.
183 479 356 540 als-251
708 482 768 540 107

95 672 246 748 accipiat,
278 671 333 745 qui
363 685 419 745 pro
451 668 610 742 corruptis
638 667 745 728 verbis
772 665 864 746 ,εὐρὺ
886 663 1027 743 θέμειλον
1050 667 1201 748 λωμήθη”
1225 672 1371 732 restituit

94 777 131 837 id
161 775 246 850 quod
269 788 367 849 supra
389 771 514 847 scripsi.
542 771 608 831 Nec
632 771 743 830 tamen
769 770 808 830 ab
832 769 921 830 omni
945 771 1036 845 parte
1061 773 1224 846 persuasit
1246 773 1373 833 Schnei-

94 878 192 952 dero;
216 877 246 937 is
270 876 357 936 enim
380 889 454 935 curn
479 873 641 934 codicibus
661 872 821 947 plerisque
842 873 981 933 formam
1002 870 1214 950 εὐρυθὲμειλον
1234 875 1372 935 retinere

94 978 227 1040 maluit.
246 977 368 1038 Iniuria
387 976 420 1036 ni
440 975 543 1036 fallor.
563 976 722 1036 Accurate
744 974 830 1034 enim
852 974 1037 1046 ceteroquin
1057 975 1090 1034 in
1106 976 1167 1037 hac
1179 992 1256 1037 voce
1273 991 1371 1037 usum

93 1081 301 1142 homericum
324 1078 477 1140 observat
500 1076 718 1138 Callimachus
742 1076 798 1148 qui
821 1076 862 1136 Π.
891 1077 930 1136 lb
954 1076 1084 1150 scripsit

344 1176 474 1257 ἕστήξειν
496 1173 529 1238 di
550 1175 583 1238 τὸ
606 1181 698 1256 τεῖχος
721 1169 764 1236 ἐπ’
790 1173 937 1255 ἀρχαίοισι
959 1173 1120 1254 θεμέθλοις

93 1286 137 1344 ut
151 1284 315 1345 Homerus
334 1279 365 1347 Ξ.
382 1283 446 1342 493
467 1276 657 1356 ,ὀφθαλμοῖο
677 1275 846 1356 θέμεθλα”,
866 1282 900 1340 et
912 1281 941 1338 P.
956 1282 997 1340 47
1018 1280 1193 1359 ,στομάχοιο
1206 1278 1374 1360 θέμεθλα”,

93 1388 134 1447 et
163 1400 204 1446 ex
236 1400 347 1445 eorum
378 1383 608 1445 vocabulorum
640 1396 754 1442 norma
784 1382 962 1442 formatum
994 1378 1118 1442 ἔδεθλον
1148 1384 1190 1445 II.
1217 1386 1256 1444 72
1286 1384 1370 1445 adhl·

92 1488 154 1547 bet
179 1480 210 1555 ¹).
242 1485 442 1546 Deminutivi
472 1486 584 1547 autem
616 1484 757 1544 formam
781 1485 918 1544 noverat
941 1484 975 1543 in
998 1484 1171 1545 homericis
1195 1487 1372 1546 secundam

92 1588 259 1662 syllabam
281 1587 470 1662 productam
494 1586 611 1647 habere
634 1586 736 1646 veluti
760 1587 805 1644 M.
827 1584 868 1645 28
893 1585 1047 1662 ,θεμείλια
1066 1595 1180 1664 φιτρῶν
1199 1584 1248 1646 καλ
1271 1588 1371 1646 λαῶν’

92 1693 133 1752 et
154 1691 263 1766 hymn.
287 1689 322 1748 ιἰι
345 1687 445 1763 Apoll.
471 1689 547 1763 254,
572 1688 636 1747 294

337 1779 391 1860 Ὦς
413 1785 505 1847 εἰπὼν
528 1783 651 1865 διέθηκε
674 1787 809 1865 θεμείλια
836 1788 949 1863 Φοῖβος
973 1787 1119 1849 Ἀπόλλων

91 1908 196 1967 quern
225 1907 357 1952 versum
387 1894 520 1952 secutus
549 1894 660 1951 noster
694 1889 847 1967 ι,θεμείλια
873 1891 986 1970 Φοῖβος
1009 1888 1117 1969 ἔπηξε”
1142 1892 1227 1954 dixit
1250 1894 1291 1955 ΙΙ.
1318 1896 1371 1956 58.

92 1994 289 2067 aequiorum
313 1996 424 2054 autem
451 1992 573 2053 formas
599 1988 738 2068 θέμειλον
759 1989 969 2070 εὐρυθὲμενλος
988 1996 1099 2055 nostro
1122 1996 1293 2057 obtrudere
1316 1997 1373 2057 ini·

92 2111 200 2170 quum
219 2093 281 2156 ‘est
300 2096 347 2156 Ne
370 2095 443 2168 quis
465 2109 558 2169 porro
581 2097 694 2155 contra
717 2093 845 2168 Bergkii
870 2095 1130 2157 emendationem
1155 2098 1186 2158 id
1211 2098 1370 2173 observet,

92 2197 241 2259 alienum
272 2212 345 2257 esse
376 2196 415 2256 ab
438 2196 572 2269 antiqua
595 2196 758 2271 epicorum
783 2195 921 2257 dictione
954 2212 1057 2270 neque
1089 2198 1122 2258 in
1152 2198 1373 2260 callimacheis

93 2314 263 2362 occurrere
295 2298 402 2375 σῶμα
433 2313 469 2358 eo
501 2313 601 2359 sensu
628 2298 771 2372 positum
795 2301 832 2358 ut
855 2297 940 2376 νηὸν,
964 2299 1081 2373 aedem,
1107 2300 1234 2376 indicet,
1257 2317 1372 2362 moneo

91 2404 131 2463 in
161 2402 283 2475 hymno
310 2398 473 2460 homerico
504 2399 613 2460 XXVI
644 2414 742 2473 quern
773 2400 806 2459 in
829 2399 944 2460 multis
968 2401 1138 2462 convenire
1162 2419 1237 2463 cum
1260 2406 1370 2464 nostro

91 2504 165 2565 iam
188 2501 319 2577 saepius
341 2502 494 2578 vidimus,
518 2503 633 2563 eadem
655 2502 780 2562 ratione
804 2502 928 2562 dictum
953 2518 1025 2563 esse
1052 2518 1098 2563 vs.
1127 2504 1167 2564 13

344 2600 455 2682 ἔρχεται
478 2600 507 2675 ἒς
531 2599 606 2681 μέγα
629 2603 737 2680 δῶμα
760 2601 950 2681 κασιγνήτοιο
974 2601 1083 2679 φίλοιο.

143 2705 188 2767 Ut
219 2721 295 2766 vero
325 2704 459 2781 paulum
489 2705 555 2764 iarn
588 2704 677 2765 hisce
708 2704 884 2765 decesserit
915 2705 955 2765 ab
980 2720 1041 2766 usu
1066 2706 1239 2782 homerico,
1265 2709 1370 2781 magis

93 2808 139 2870 ad
162 2808 379 2868 recentiorum
403 2821 500 2867 usum
523 2806 647 2866 accedit
671 2821 746 2865 curn
769 2805 882 2866 eodem
907 2821 1004 2866 versu
1028 2807 1105 2868 dicit
1132 2816 1203 2883 „rob
1228 2801 1257 2867 δ’
1284 2805 1321 2867 οὔ
1345 2831 1371 2867 ιι

92 2907 246 2987 θεώτερον
288 2904 393 2983 ὄψεται
434 2904 539 2985 ἠὼς”.
574 2907 664 2968 Licet
698 2907 785 2967 enirn
820 2908 998 2968 sescenties
1038 2908 1201 2969 Homerus
1235 2911 1269 2971 in
1306 2910 1371 2970 illis

97 3009 228 3088 ,δεκάτη
252 3007 349 3087 ἐφάνη
380 3007 461 3087 ν’μλς”
491 3011 524 3071 et
554 3010 674 3070 talibus
697 3024 848 3070 auroram
873 3010 919 3070 ita
946 3013 1109 3072 memorat
1133 3013 1170 3071 ut
1194 3012 1261 3072 iere
1285 3012 1370 3072 diem

92 3114 240 3176 indicare
277 3113 435 3188 videatur,
476 3127 657 3186 numquam
687 3113 798 3172 tamen
833 3113 940 3172 omnis
975 3128 1109 3174 aurorae
1144 3113 1232 3174 notio
1268 3113 1370 3173 abest.

93 3216 216 3278 Nostro
246 3215 358 3275 oonua
380 3213 450 3274 loco
473 3213 520 3274 ita
542 3214 620 3274 dicit
644 3212 861 3274 Callimachus
889 3209 993 3288 ὄψεται
1023 3210 1083 3291 ἠὼς
1116 3218 1153 3276 ut
1185 3210 1280 3293 ἡμέρα
1304 3217 1374 3276 sive

94 3318 181 3396 ἥλιος
203 3316 293 3377 nullo
322 3316 441 3378 damno
471 3317 689 3377 substitueris.
723 3316 820 3376 Initia
850 3316 949 3389 igitur
979 3317 1047 3377 iarn
1081 3317 1160 3378 haec
1195 3320 1273 3378 sunt
1303 3318 1374 3378 eius

93 3418 322 3495 neglegentiae
342 3432 406 3492 qua
426 3417 596 3492 aliquando
620 3419 653 3479 in
677 3417 824 3492 Orphicls
848 3418 1075 3491 Argonauticis
1096 3418 1221 3480 dicetur
1246 3417 1373 3495 „pronixe

95 3519 182 3600 ἠώς”
207 3519 297 3596 (Aru.
321 3522 406 3591 652).
433 3519 582 3581 Ceterum
608 3519 723 3594 respici
746 3520 806 3580 hoc
830 3519 899 3579 loco
924 3522 948 3578 Ι.
974 3521 1039 3581 404

346 3616 412 3682 οὐδ’
440 3618 495 3680 ὅσα
519 3620 620 3693 λάινος
644 3619 734 3693 οὐδὸς
758 3619 909 3701 ἀφήτορος
934 3618 1016 3693 ἐντὸς
1040 3618 1141 3702 ἐέργει,

346 3722 463 3802 Φοίβου
488 3721 678 3799 Ἀπόλλωνος,
702 3725 812 3783 Πυθοῖ
830 3720 874 3782 ἔνι
898 3719 1074 3806 πετρηέσσῃ,

90 3829 166 3889 iam
189 3824 318 3886 monuit
340 3824 525 3887 scholiasta.
553 3819 574 3896 7)

140 4029 196 4091 Vs.
222 4029 297 4090 251.
343 4037 382 4112 τῷ
405 4026 443 4108 ῥα
465 4025 516 4088 καλ
538 4024 670 4106 ἠλαίνων
693 4024 879 4106 αἰλαπαξέμεν
903 4025 1041 4107 ἠπείλησε

346 4129 505 4210 Λύγδαμις
528 4128 679 4210 ὑβριστὴς,
702 4127 749 4190 ἐπὶ
773 4126 806 4191 δὲ
829 4129 953 4210 στρατὸν
979 4131 1175 4210 ἱππημολγῶν

345 4229 435 4310 ἤλασε
459 4232 630 4313 Κιμμερίων
653 4231 789 4317 ψαμάθῳ
813 4231 889 4311 ἴσον,
912 4231 946 4292 οῗ
962 4230 1000 4312 ῥα
1023 4227 1089 4312 παρ’
1116 4230 1208 4294 αὐτὸν

345 4331 511 4412 κεκλιμένοι
533 4332 652 4395 ναίουσι
676 4331 747 4411 βοὸς
771 4331 866 4413 πόρον
886 4327 1067 4412 Ἰναχίαονης.

95 4485 317 4500 ‘—

135 4580 153 4642 ¹)
171 4583 209 4629 De
227 4595 290 4629 voce
308 4582 406 4628 λδισλον
422 4581 498 4642 plura
515 4581 634 4629 dicentur
650 4581 718 4628 infra
735 4581 767 4627 sd
785 4581 827 4628 iv.
846 4582 903 4628 228.

133 4658 154 4725 2)
174 4664 214 4711 be
232 4662 316 4709 forms
333 4665 448 4726 σιώτιρον
466 4661 500 4710 ci.
516 4675 595 4723 supra
613 4674 671 4721 pag.
690 4662 729 4708 39.
