<?xml version="1.0" encoding="UTF-8"?>
<!DOCTYPE html PUBLIC "-//W3C//DTD XHTML 1.0 Transitional//EN"
    "http://www.w3.org/TR/xhtml1/DTD/xhtml1-transitional.dtd">
<html xmlns="http://www.w3.org/1999/xhtml" xml:lang="en" lang="en">
 <head>
  <title>
</title>
<meta http-equiv="Content-Type" content="text/html;charset=utf-8" />
  <meta name='ocr-system' content='tesseract 3.04.00' />
  <meta name='ocr-capabilities' content='ocr_page ocr_carea ocr_par ocr_line ocrx_word'/>
</head>
<body>
  <div class='ocr_page' id='page_1' title='image "./studiacallimach01kuipgoog_0038.png"; bbox 0 0 3090 5294; ppageno 0'>
   <div class='ocr_carea' id='block_1_1' title="bbox 68 471 729 532">
    <p class='ocr_par' dir='ltr' id='par_1_1' title="bbox 68 471 729 532">
     <span class='ocr_line' id='line_1_1' title="bbox 68 471 729 532; baseline -0.006 0"><span class='ocrx_word' id='word_1_1' title='bbox 68 474 91 532; x_wconf 92' lang='lat' dir='ltr'>I.</span> <span class='ocrx_word' id='word_1_2' title='bbox 118 475 160 531; x_wconf 76' lang='lat'>52</span> <span class='ocrx_word' id='word_1_3' title='bbox 688 471 729 529; x_wconf 79' lang='lat'>25</span> 
     </span>
    </p>
   </div>
   <div class='ocr_carea' id='block_1_2' title="bbox 55 651 1415 3585">
    <p class='ocr_par' dir='ltr' id='par_1_2' title="bbox 65 651 1340 1244">
     <span class='ocr_line' id='line_1_2' title="bbox 67 651 1339 735; baseline 0 -19"><span class='ocrx_word' id='word_1_4' title='bbox 67 655 375 735; x_wconf 83' lang='grc' dir='ltr'><strong><em>ἓλίσσω·...σημαίνει</em></strong></span> <span class='ocrx_word' id='word_1_5' title='bbox 399 653 500 716; x_wconf 75' lang='grc' dir='ltr'><strong><em>καὶτὸ</em></strong></span> <span class='ocrx_word' id='word_1_6' title='bbox 520 651 712 734; x_wconf 76' lang='grc' dir='ltr'><strong><em>ὀλέθριον</em></strong></span> <span class='ocrx_word' id='word_1_7' title='bbox 734 653 816 734; x_wconf 80' lang='grc' dir='ltr'><strong><em>παρὰ</em></strong></span> <span class='ocrx_word' id='word_1_8' title='bbox 835 653 867 715; x_wconf 84' lang='grc' dir='ltr'>τὸ</span> <span class='ocrx_word' id='word_1_9' title='bbox 891 653 948 716; x_wconf 86' lang='grc' dir='ltr'><strong><em>ὄλοο</em></strong></span> <span class='ocrx_word' id='word_1_10' title='bbox 969 653 1001 715; x_wconf 85' lang='grc' dir='ltr'>τὸ</span> <span class='ocrx_word' id='word_1_11' title='bbox 1022 653 1126 733; x_wconf 85' lang='grc' dir='ltr'><strong><em>ὖλλυμι</em></strong></span> <span class='ocrx_word' id='word_1_12' title='bbox 1145 679 1171 715; x_wconf 86' lang='grc' dir='ltr'>κ.</span> <span class='ocrx_word' id='word_1_13' title='bbox 1183 678 1205 715; x_wconf 84' lang='grc' dir='ltr'>τ.</span> <span class='ocrx_word' id='word_1_14' title='bbox 1218 660 1242 715; x_wconf 89' lang='grc' dir='ltr'><strong><em>λ.</em></strong></span> <span class='ocrx_word' id='word_1_15' title='bbox 1264 656 1339 717; x_wconf 82' lang='lat' dir='ltr'>Gon·</span> 
     </span>
     <span class='ocr_line' id='line_1_3' title="bbox 67 754 1340 828; baseline -0.002 -10"><span class='ocrx_word' id='word_1_16' title='bbox 67 759 158 820; x_wconf 86' lang='lat' dir='ltr'>venit</span> <span class='ocrx_word' id='word_1_17' title='bbox 191 773 267 820; x_wconf 89' lang='lat' dir='ltr'>curn</span> <span class='ocrx_word' id='word_1_18' title='bbox 301 761 362 820; x_wconf 89' lang='lat' dir='ltr'>hac</span> <span class='ocrx_word' id='word_1_19' title='bbox 397 759 555 819; x_wconf 87' lang='lat' dir='ltr'>varietate</span> <span class='ocrx_word' id='word_1_20' title='bbox 588 757 814 819; x_wconf 82' lang='lat' dir='ltr'>Callimachus.</span> <span class='ocrx_word' id='word_1_21' title='bbox 846 759 879 818; x_wconf 82' lang='lat' dir='ltr'>is</span> <span class='ocrx_word' id='word_1_22' title='bbox 912 759 1000 819; x_wconf 92' lang='lat' dir='ltr'>enim</span> <span class='ocrx_word' id='word_1_23' title='bbox 1023 758 1224 819; x_wconf 91' lang='lat' dir='ltr'>homericum</span> <span class='ocrx_word' id='word_1_24' title='bbox 1249 754 1340 828; x_wconf 83' lang='grc' dir='ltr'><strong><em>οὖλας</em></strong></span> 
     </span>
     <span class='ocr_line' id='line_1_4' title="bbox 66 851 1340 939; baseline -0.002 -19"><span class='ocrx_word' id='word_1_25' title='bbox 66 859 160 938; x_wconf 77' lang='grc' dir='ltr'><strong><em>κόμας</em></strong></span> <span class='ocrx_word' id='word_1_26' title='bbox 191 861 339 922; x_wconf 80' lang='lat' dir='ltr'><strong>imitatur</strong></span> <span class='ocrx_word' id='word_1_27' title='bbox 362 861 416 922; x_wconf 88' lang='lat' dir='ltr'>IV.</span> <span class='ocrx_word' id='word_1_28' title='bbox 443 862 506 921; x_wconf 82' lang='lat'>302</span> <span class='ocrx_word' id='word_1_29' title='bbox 534 851 641 935; x_wconf 71' lang='grc' dir='ltr'><strong><em>,οὖλος</em></strong></span> <span class='ocrx_word' id='word_1_30' title='bbox 664 857 793 939; x_wconf 77' lang='grc' dir='ltr'><strong><em>ἐθείραις</em></strong></span> <span class='ocrx_word' id='word_1_31' title='bbox 808 855 977 939; x_wconf 84' lang='grc' dir='ltr'><strong><em>Ἕσπερος”</em></strong></span> <span class='ocrx_word' id='word_1_32' title='bbox 1002 861 1085 934; x_wconf 86' lang='lat' dir='ltr'>quod</span> <span class='ocrx_word' id='word_1_33' title='bbox 1109 876 1224 936; x_wconf 91' lang='lat' dir='ltr'>parum</span> <span class='ocrx_word' id='word_1_34' title='bbox 1244 859 1340 920; x_wconf 85' lang='lat' dir='ltr'>felici·</span> 
     </span>
     <span class='ocr_line' id='line_1_5' title="bbox 65 960 1340 1038; baseline -0.002 -16"><span class='ocrx_word' id='word_1_35' title='bbox 65 963 116 1022; x_wconf 88' lang='lat' dir='ltr'>ter</span> <span class='ocrx_word' id='word_1_36' title='bbox 147 963 334 1038; x_wconf 87' lang='lat' dir='ltr'>suspicatus</span> <span class='ocrx_word' id='word_1_37' title='bbox 364 965 415 1023; x_wconf 89' lang='lat' dir='ltr'>est</span> <span class='ocrx_word' id='word_1_38' title='bbox 447 963 486 1023; x_wconf 89' lang='lat' dir='ltr'>de</span> <span class='ocrx_word' id='word_1_39' title='bbox 508 963 576 1023; x_wconf 89' lang='lat' dir='ltr'>Ian.</span> <span class='ocrx_word' id='word_1_40' title='bbox 602 960 782 1036; x_wconf 84' lang='lat' dir='ltr'>significare</span> <span class='ocrx_word' id='word_1_41' title='bbox 811 962 1033 1038; x_wconf 79' lang='grc' dir='ltr'><strong><em>ολςνλσονοοοο,</em></strong></span> <span class='ocrx_word' id='word_1_42' title='bbox 1055 964 1185 1037; x_wconf 88' lang='lat' dir='ltr'>poetam</span> <span class='ocrx_word' id='word_1_43' title='bbox 1208 976 1340 1021; x_wconf 89' lang='lat' dir='ltr'>versum</span> 
     </span>
     <span class='ocr_line' id='line_1_6' title="bbox 65 1064 549 1125; baseline -0.002 -1"><span class='ocrx_word' id='word_1_44' title='bbox 65 1064 190 1125; x_wconf 88' lang='lat' dir='ltr'>imitari</span> <span class='ocrx_word' id='word_1_45' title='bbox 213 1086 240 1122; x_wconf 90' lang='grc' dir='ltr'>α.</span> <span class='ocrx_word' id='word_1_46' title='bbox 264 1065 328 1125; x_wconf 81' lang='lat'>423</span> <span class='ocrx_word' id='word_1_47' title='bbox 352 1065 549 1125; x_wconf 89' lang='lat' dir='ltr'>contendens</span> 
     </span>
     <span class='ocr_line' id='line_1_7' title="bbox 290 1154 1126 1244; baseline -0.002 -20"><span class='ocrx_word' id='word_1_48' title='bbox 290 1170 364 1226; x_wconf 78' lang='grc' dir='ltr'><strong><em>τοῖσι</em></strong></span> <span class='ocrx_word' id='word_1_49' title='bbox 387 1161 419 1225; x_wconf 80' lang='grc' dir='ltr'>δὲ</span> <span class='ocrx_word' id='word_1_50' title='bbox 441 1162 644 1244; x_wconf 75' lang='grc' dir='ltr'><strong><em>τερπομένοισι</em></strong></span> <span class='ocrx_word' id='word_1_51' title='bbox 667 1163 785 1241; x_wconf 75' lang='grc' dir='ltr'><strong><em>μέλας</em></strong></span> <span class='ocrx_word' id='word_1_52' title='bbox 808 1161 856 1226; x_wconf 71' lang='grc' dir='ltr'>ἐπὶ</span> <span class='ocrx_word' id='word_1_53' title='bbox 880 1161 1000 1244; x_wconf 74' lang='grc' dir='ltr'><strong><em>ἕσπερος</em></strong></span> <span class='ocrx_word' id='word_1_54' title='bbox 1023 1154 1126 1242; x_wconf 71' lang='grc' dir='ltr'><strong><em>ὖηλθεν.</em></strong></span> 
     </span>
    </p>

    <p class='ocr_par' dir='ltr' id='par_1_3' title="bbox 60 1251 1415 2055">
     <span class='ocr_line' id='line_1_8' title="bbox 65 1251 1340 1344; baseline -0.002 -16"><span class='ocrx_word' id='word_1_55' title='bbox 65 1267 290 1328; x_wconf 85' lang='lat' dir='ltr'>Imitationem</span> <span class='ocrx_word' id='word_1_56' title='bbox 314 1269 464 1342; x_wconf 82' lang='lat' dir='ltr'>equidem</span> <span class='ocrx_word' id='word_1_57' title='bbox 487 1269 539 1329; x_wconf 90' lang='lat' dir='ltr'>hio</span> <span class='ocrx_word' id='word_1_58' title='bbox 561 1268 687 1329; x_wconf 92' lang='lat' dir='ltr'>nullam</span> <span class='ocrx_word' id='word_1_59' title='bbox 712 1268 820 1344; x_wconf 88' lang='lat' dir='ltr'>video;</span> <span class='ocrx_word' id='word_1_60' title='bbox 839 1251 957 1328; x_wconf 55' lang='lat' dir='ltr'>&#39;contra</span> <span class='ocrx_word' id='word_1_61' title='bbox 980 1267 1062 1326; x_wconf 90' lang='lat' dir='ltr'>mihi</span> <span class='ocrx_word' id='word_1_62' title='bbox 1084 1281 1198 1326; x_wconf 88' lang='lat' dir='ltr'>verum</span> <span class='ocrx_word' id='word_1_63' title='bbox 1220 1266 1340 1326; x_wconf 86' lang='lat' dir='ltr'>vidisse</span> 
     </span>
     <span class='ocr_line' id='line_1_9' title="bbox 65 1363 1341 1448; baseline -0.004 -18"><span class='ocrx_word' id='word_1_64' title='bbox 65 1370 196 1430; x_wconf 88' lang='lat' dir='ltr'>videtur</span> <span class='ocrx_word' id='word_1_65' title='bbox 226 1370 411 1446; x_wconf 78' lang='lat' dir='ltr'><strong>scholiasta,</strong></span> <span class='ocrx_word' id='word_1_66' title='bbox 442 1371 497 1444; x_wconf 86' lang='lat' dir='ltr'>qui</span> <span class='ocrx_word' id='word_1_67' title='bbox 527 1371 757 1445; x_wconf 88' lang='lat' dir='ltr'>interpretatur</span> <span class='ocrx_word' id='word_1_68' title='bbox 791 1366 968 1448; x_wconf 54' lang='grc' dir='ltr'><strong><em>»ὁλόκληρος</em></strong></span> <span class='ocrx_word' id='word_1_69' title='bbox 998 1372 1061 1440; x_wconf 79' lang='grc' dir='ltr'><strong><em>ταῖς</em></strong></span> <span class='ocrx_word' id='word_1_70' title='bbox 1092 1364 1184 1447; x_wconf 79' lang='grc' dir='ltr'><strong><em>θριξὶ,</em></strong></span> <span class='ocrx_word' id='word_1_71' title='bbox 1211 1363 1341 1426; x_wconf 81' lang='grc' dir='ltr'><strong><em>ιοοιέσει</em></strong></span> 
     </span>
     <span class='ocr_line' id='line_1_10' title="bbox 63 1468 1340 1549; baseline 0 -20"><span class='ocrx_word' id='word_1_72' title='bbox 63 1471 200 1549; x_wconf 81' lang='grc' dir='ltr'><strong><em>λαμπρὸς</em></strong></span> <span class='ocrx_word' id='word_1_73' title='bbox 230 1475 293 1542; x_wconf 79' lang='grc' dir='ltr'><strong><em>ταῖς</em></strong></span> <span class='ocrx_word' id='word_1_74' title='bbox 327 1468 471 1530; x_wconf 84' lang='grc' dir='ltr'><strong><em>ὖιιῖσιν”.</em></strong></span> <span class='ocrx_word' id='word_1_75' title='bbox 503 1472 572 1532; x_wconf 88' lang='lat' dir='ltr'>Non</span> <span class='ocrx_word' id='word_1_76' title='bbox 601 1472 688 1532; x_wconf 91' lang='lat' dir='ltr'>enim</span> <span class='ocrx_word' id='word_1_77' title='bbox 712 1472 774 1531; x_wconf 86' lang='lat' dir='ltr'>sibi</span> <span class='ocrx_word' id='word_1_78' title='bbox 797 1471 894 1531; x_wconf 81' lang='lat' dir='ltr'>linxit</span> <span class='ocrx_word' id='word_1_79' title='bbox 917 1470 1135 1532; x_wconf 82' lang='lat' dir='ltr'>callimachus</span> <span class='ocrx_word' id='word_1_80' title='bbox 1158 1471 1340 1545; x_wconf 83' lang='lat' dir='ltr'>Hesperum</span> 
     </span>
     <span class='ocr_line' id='line_1_11' title="bbox 64 1573 1340 1650; baseline -0.001 -17"><span class='ocrx_word' id='word_1_81' title='bbox 64 1574 177 1648; x_wconf 74' lang='lat' dir='ltr'>crispis</span> <span class='ocrx_word' id='word_1_82' title='bbox 199 1573 350 1650; x_wconf 79' lang='lat' dir='ltr'><strong>crinibus,</strong></span> <span class='ocrx_word' id='word_1_83' title='bbox 373 1588 477 1646; x_wconf 90' lang='lat' dir='ltr'>neque</span> <span class='ocrx_word' id='word_1_84' title='bbox 500 1573 611 1649; x_wconf 70' lang='lat' dir='ltr'>piaris,</span> <span class='ocrx_word' id='word_1_85' title='bbox 636 1589 751 1633; x_wconf 86' lang='lat' dir='ltr'>verum</span> <span class='ocrx_word' id='word_1_86' title='bbox 773 1574 806 1632; x_wconf 90' lang='lat' dir='ltr'>ni</span> <span class='ocrx_word' id='word_1_87' title='bbox 830 1573 924 1633; x_wconf 84' lang='lat' dir='ltr'>fallor</span> <span class='ocrx_word' id='word_1_88' title='bbox 946 1573 1005 1633; x_wconf 91' lang='lat' dir='ltr'>tali</span> <span class='ocrx_word' id='word_1_89' title='bbox 1025 1573 1168 1634; x_wconf 89' lang='lat' dir='ltr'>caesarie</span> <span class='ocrx_word' id='word_1_90' title='bbox 1188 1578 1340 1634; x_wconf 88' lang='lat' dir='ltr'>ornatum</span> 
     </span>
     <span class='ocr_line' id='line_1_12' title="bbox 61 1672 1341 1754; baseline -0.001 -19"><span class='ocrx_word' id='word_1_91' title='bbox 61 1675 154 1750; x_wconf 86' lang='lat' dir='ltr'>quali</span> <span class='ocrx_word' id='word_1_92' title='bbox 181 1675 297 1736; x_wconf 83' lang='lat' dir='ltr'>Heliou</span> <span class='ocrx_word' id='word_1_93' title='bbox 320 1672 521 1754; x_wconf 83' lang='grc' dir='ltr'><strong><em>ἀιερσεκόμην</em></strong></span> <span class='ocrx_word' id='word_1_94' title='bbox 543 1675 638 1735; x_wconf 90' lang='lat' dir='ltr'>illurn</span> <span class='ocrx_word' id='word_1_95' title='bbox 661 1674 819 1735; x_wconf 89' lang='lat' dir='ltr'>ornabant</span> <span class='ocrx_word' id='word_1_96' title='bbox 843 1676 913 1735; x_wconf 91' lang='lat' dir='ltr'>eius</span> <span class='ocrx_word' id='word_1_97' title='bbox 937 1676 1057 1735; x_wconf 89' lang='lat' dir='ltr'>aetatis</span> <span class='ocrx_word' id='word_1_98' title='bbox 1085 1674 1235 1751; x_wconf 87' lang='lat' dir='ltr'>artifices,</span> <span class='ocrx_word' id='word_1_99' title='bbox 1267 1690 1341 1748; x_wconf 89' lang='lat' dir='ltr'>qua-</span> 
     </span>
     <span class='ocr_line' id='line_1_13' title="bbox 61 1776 1415 1851; baseline -0.001 -13"><span class='ocrx_word' id='word_1_100' title='bbox 61 1778 196 1851; x_wconf 87' lang='lat' dir='ltr'>lemque</span> <span class='ocrx_word' id='word_1_101' title='bbox 221 1777 369 1838; x_wconf 89' lang='lat' dir='ltr'>videmus</span> <span class='ocrx_word' id='word_1_102' title='bbox 389 1778 422 1837; x_wconf 93' lang='lat' dir='ltr'>in</span> <span class='ocrx_word' id='word_1_103' title='bbox 445 1778 616 1838; x_wconf 90' lang='lat' dir='ltr'>notissimo</span> <span class='ocrx_word' id='word_1_104' title='bbox 640 1776 837 1837; x_wconf 88' lang='lat' dir='ltr'>Rhodiorum</span> <span class='ocrx_word' id='word_1_105' title='bbox 858 1792 994 1838; x_wconf 91' lang='lat' dir='ltr'>nummo</span> <span class='ocrx_word' id='word_1_106' title='bbox 1015 1778 1054 1838; x_wconf 90' lang='lat' dir='ltr'>de</span> <span class='ocrx_word' id='word_1_107' title='bbox 1075 1793 1136 1851; x_wconf 87' lang='lat' dir='ltr'>quo</span> <span class='ocrx_word' id='word_1_108' title='bbox 1150 1777 1222 1838; x_wconf 83' lang='lat' dir='ltr'>vide</span> <span class='ocrx_word' id='word_1_109' title='bbox 1238 1777 1339 1837; x_wconf 72' lang='lat' dir='ltr'>Rasa.</span> <span class='ocrx_word' id='word_1_110' title='bbox 1413 1799 1415 1803; x_wconf 93' lang='lat'>·</span> 
     </span>
     <span class='ocr_line' id='line_1_14' title="bbox 60 1878 1340 1953; baseline 0 -15"><span class='ocrx_word' id='word_1_111' title='bbox 60 1879 96 1939; x_wconf 92' lang='lat' dir='ltr'>in</span> <span class='ocrx_word' id='word_1_112' title='bbox 127 1879 282 1940; x_wconf 88' lang='lat' dir='ltr'>Roscheri</span> <span class='ocrx_word' id='word_1_113' title='bbox 313 1880 390 1941; x_wconf 86' lang='lat' dir='ltr'>Lex.</span> <span class='ocrx_word' id='word_1_114' title='bbox 425 1880 450 1939; x_wconf 93' lang='lat' dir='ltr'>l.</span> <span class='ocrx_word' id='word_1_115' title='bbox 483 1878 579 1939; x_wconf 77' lang='lat'>2003.</span> <span class='ocrx_word' id='word_1_116' title='bbox 613 1880 673 1953; x_wconf 79' lang='lat'>50;</span> <span class='ocrx_word' id='word_1_117' title='bbox 706 1892 779 1939; x_wconf 90' lang='lat' dir='ltr'>eam</span> <span class='ocrx_word' id='word_1_118' title='bbox 810 1880 920 1939; x_wconf 89' lang='lat' dir='ltr'>autem</span> <span class='ocrx_word' id='word_1_119' title='bbox 947 1879 1084 1939; x_wconf 91' lang='lat' dir='ltr'>crinium</span> <span class='ocrx_word' id='word_1_120' title='bbox 1108 1879 1340 1939; x_wconf 88' lang='lat' dir='ltr'>abundantiam</span> 
     </span>
     <span class='ocr_line' id='line_1_15' title="bbox 60 1971 774 2055; baseline -0.001 -14"><span class='ocrx_word' id='word_1_121' title='bbox 60 1981 226 2041; x_wconf 84' lang='lat' dir='ltr'>adiectivo</span> <span class='ocrx_word' id='word_1_122' title='bbox 249 1971 336 2052; x_wconf 93' lang='grc' dir='ltr'><strong><em>οὖλος</em></strong></span> <span class='ocrx_word' id='word_1_123' title='bbox 359 1982 447 2042; x_wconf 90' lang='lat' dir='ltr'>recte</span> <span class='ocrx_word' id='word_1_124' title='bbox 471 1980 605 2041; x_wconf 90' lang='lat' dir='ltr'>indicari</span> <span class='ocrx_word' id='word_1_125' title='bbox 630 1980 774 2055; x_wconf 91' lang='lat' dir='ltr'>putabat.</span> 
     </span>
    </p>

    <p class='ocr_par' dir='ltr' id='par_1_4' title="bbox 55 2081 1342 2960">
     <span class='ocr_line' id='line_1_16' title="bbox 108 2081 1340 2157; baseline -0.002 -15"><span class='ocrx_word' id='word_1_126' title='bbox 108 2082 206 2143; x_wconf 82' lang='lat' dir='ltr'>Haud</span> <span class='ocrx_word' id='word_1_127' title='bbox 236 2083 378 2144; x_wconf 91' lang='lat' dir='ltr'>multum</span> <span class='ocrx_word' id='word_1_128' title='bbox 405 2083 541 2144; x_wconf 91' lang='lat' dir='ltr'>interest</span> <span class='ocrx_word' id='word_1_129' title='bbox 572 2083 656 2142; x_wconf 91' lang='lat' dir='ltr'>inter</span> <span class='ocrx_word' id='word_1_130' title='bbox 684 2082 775 2142; x_wconf 91' lang='lat' dir='ltr'>illam</span> <span class='ocrx_word' id='word_1_131' title='bbox 805 2082 894 2143; x_wconf 87' lang='lat' dir='ltr'>vocis</span> <span class='ocrx_word' id='word_1_132' title='bbox 918 2081 1186 2157; x_wconf 84' lang='lat' dir='ltr'>significationem</span> <span class='ocrx_word' id='word_1_133' title='bbox 1210 2084 1244 2142; x_wconf 91' lang='lat' dir='ltr'>et</span> <span class='ocrx_word' id='word_1_134' title='bbox 1266 2096 1340 2141; x_wconf 90' lang='lat' dir='ltr'>eam</span> 
     </span>
     <span class='ocr_line' id='line_1_17' title="bbox 59 2182 1341 2260; baseline -0.001 -15"><span class='ocrx_word' id='word_1_135' title='bbox 59 2200 165 2258; x_wconf 87' lang='lat' dir='ltr'>quam</span> <span class='ocrx_word' id='word_1_136' title='bbox 196 2187 306 2246; x_wconf 91' lang='lat' dir='ltr'>nostro</span> <span class='ocrx_word' id='word_1_137' title='bbox 337 2200 433 2246; x_wconf 87' lang='lat' dir='ltr'>versu</span> <span class='ocrx_word' id='word_1_138' title='bbox 458 2185 566 2260; x_wconf 89' lang='lat' dir='ltr'>habet,</span> <span class='ocrx_word' id='word_1_139' title='bbox 603 2184 657 2245; x_wconf 93' lang='lat' dir='ltr'>ubi</span> <span class='ocrx_word' id='word_1_140' title='bbox 688 2184 794 2245; x_wconf 79' lang='lat' dir='ltr'>crebro</span> <span class='ocrx_word' id='word_1_141' title='bbox 819 2182 991 2258; x_wconf 84' lang='lat' dir='ltr'>significat.</span> <span class='ocrx_word' id='word_1_142' title='bbox 1017 2184 1166 2245; x_wconf 82' lang='lat' dir='ltr'>Ceterum</span> <span class='ocrx_word' id='word_1_143' title='bbox 1190 2184 1341 2244; x_wconf 87' lang='lat' dir='ltr'>omittere</span> 
     </span>
     <span class='ocr_line' id='line_1_18' title="bbox 59 2276 1340 2362; baseline -0.001 -16"><span class='ocrx_word' id='word_1_144' title='bbox 59 2287 139 2347; x_wconf 90' lang='lat' dir='ltr'>nolo</span> <span class='ocrx_word' id='word_1_145' title='bbox 152 2286 280 2362; x_wconf 86' lang='lat' dir='ltr'>iniuria,</span> <span class='ocrx_word' id='word_1_146' title='bbox 296 2289 333 2347; x_wconf 90' lang='lat' dir='ltr'>ut</span> <span class='ocrx_word' id='word_1_147' title='bbox 345 2287 427 2347; x_wconf 89' lang='lat' dir='ltr'>mihi</span> <span class='ocrx_word' id='word_1_148' title='bbox 440 2287 568 2361; x_wconf 88' lang='lat' dir='ltr'>quidem</span> <span class='ocrx_word' id='word_1_149' title='bbox 585 2287 719 2362; x_wconf 87' lang='lat' dir='ltr'>videtur,</span> <span class='ocrx_word' id='word_1_150' title='bbox 733 2287 902 2361; x_wconf 87' lang='lat' dir='ltr'>plerosque</span> <span class='ocrx_word' id='word_1_151' title='bbox 915 2287 1108 2362; x_wconf 86' lang='lat' dir='ltr'>interpretes</span> <span class='ocrx_word' id='word_1_152' title='bbox 1120 2276 1194 2347; x_wconf 89' lang='grc' dir='ltr'><strong><em>οὖλοι</em></strong></span> <span class='ocrx_word' id='word_1_153' title='bbox 1206 2287 1258 2346; x_wconf 91' lang='lat' dir='ltr'>hic</span> <span class='ocrx_word' id='word_1_154' title='bbox 1271 2301 1340 2346; x_wconf 93' lang='lat' dir='ltr'>con·</span> 
     </span>
     <span class='ocr_line' id='line_1_19' title="bbox 58 2386 1341 2468; baseline -0.002 -19"><span class='ocrx_word' id='word_1_155' title='bbox 58 2390 196 2462; x_wconf 82' lang='lat' dir='ltr'>iungere</span> <span class='ocrx_word' id='word_1_156' title='bbox 209 2405 284 2450; x_wconf 90' lang='lat' dir='ltr'>cum</span> <span class='ocrx_word' id='word_1_157' title='bbox 297 2390 394 2450; x_wconf 86' lang='lat' dir='ltr'>verbo</span> <span class='ocrx_word' id='word_1_158' title='bbox 408 2386 594 2468; x_wconf 63' lang='lat' dir='ltr'>applicarem</span> <span class='ocrx_word' id='word_1_159' title='bbox 606 2389 766 2464; x_wconf 89' lang='lat' dir='ltr'>pertinere</span> <span class='ocrx_word' id='word_1_160' title='bbox 779 2390 867 2450; x_wconf 91' lang='lat' dir='ltr'>enim</span> <span class='ocrx_word' id='word_1_161' title='bbox 880 2390 920 2450; x_wconf 89' lang='lat' dir='ltr'>ad</span> <span class='ocrx_word' id='word_1_162' title='bbox 931 2389 1129 2468; x_wconf 75' lang='grc' dir='ltr'><strong><em>πεπληροντες</em></strong></span> <span class='ocrx_word' id='word_1_163' title='bbox 1142 2393 1201 2460; x_wconf 85' lang='lat' dir='ltr'>(vs.</span> <span class='ocrx_word' id='word_1_164' title='bbox 1212 2390 1265 2459; x_wconf 79' lang='lat'>53)</span> <span class='ocrx_word' id='word_1_165' title='bbox 1277 2403 1341 2448; x_wconf 93' lang='lat' dir='ltr'>non</span> 
     </span>
     <span class='ocr_line' id='line_1_20' title="bbox 58 2491 1341 2566; baseline -0.002 -14"><span class='ocrx_word' id='word_1_166' title='bbox 58 2506 183 2552; x_wconf 87' lang='lat' dir='ltr'>sensus</span> <span class='ocrx_word' id='word_1_167' title='bbox 206 2491 313 2551; x_wconf 88' lang='lat' dir='ltr'>solum</span> <span class='ocrx_word' id='word_1_168' title='bbox 337 2494 450 2553; x_wconf 90' lang='lat' dir='ltr'>monet</span> <span class='ocrx_word' id='word_1_169' title='bbox 473 2492 530 2552; x_wconf 92' lang='lat' dir='ltr'>sed</span> <span class='ocrx_word' id='word_1_170' title='bbox 551 2492 721 2566; x_wconf 86' lang='lat' dir='ltr'>praecipue</span> <span class='ocrx_word' id='word_1_171' title='bbox 742 2491 797 2551; x_wconf 92' lang='lat' dir='ltr'>ille</span> <span class='ocrx_word' id='word_1_172' title='bbox 821 2506 937 2552; x_wconf 87' lang='lat' dir='ltr'>versus</span> <span class='ocrx_word' id='word_1_173' title='bbox 960 2492 1094 2552; x_wconf 85' lang='lat' dir='ltr'>Homeri</span> <span class='ocrx_word' id='word_1_174' title='bbox 1113 2491 1221 2564; x_wconf 84' lang='lat' dir='ltr'>arguit</span> <span class='ocrx_word' id='word_1_175' title='bbox 1243 2501 1341 2564; x_wconf 89' lang='lat' dir='ltr'>quem</span> 
     </span>
     <span class='ocr_line' id='line_1_21' title="bbox 58 2582 1341 2669; baseline -0.003 -16"><span class='ocrx_word' id='word_1_176' title='bbox 58 2593 252 2668; x_wconf 86' lang='lat' dir='ltr'>exemplum</span> <span class='ocrx_word' id='word_1_177' title='bbox 277 2593 464 2668; x_wconf 79' lang='lat' dir='ltr'>praebuisse</span> <span class='ocrx_word' id='word_1_178' title='bbox 488 2595 598 2654; x_wconf 88' lang='lat' dir='ltr'>nostro</span> <span class='ocrx_word' id='word_1_179' title='bbox 622 2608 685 2653; x_wconf 89' lang='lat' dir='ltr'>non</span> <span class='ocrx_word' id='word_1_180' title='bbox 711 2592 844 2653; x_wconf 91' lang='lat' dir='ltr'>dubium</span> <span class='ocrx_word' id='word_1_181' title='bbox 869 2594 938 2653; x_wconf 92' lang='lat' dir='ltr'>est:</span> <span class='ocrx_word' id='word_1_182' title='bbox 964 2595 994 2653; x_wconf 90' lang='lat' dir='ltr'>P.</span> <span class='ocrx_word' id='word_1_183' title='bbox 1021 2594 1083 2653; x_wconf 81' lang='lat'>756</span> <span class='ocrx_word' id='word_1_184' title='bbox 1111 2582 1219 2669; x_wconf 71' lang='lat' dir='ltr'>„oilae</span> <span class='ocrx_word' id='word_1_185' title='bbox 1238 2588 1341 2667; x_wconf 79' lang='grc' dir='ltr'><strong><em>κεκλή-</em></strong></span> 
     </span>
     <span class='ocr_line' id='line_1_22' title="bbox 55 2692 1342 2775; baseline -0.002 -20"><span class='ocrx_word' id='word_1_186' title='bbox 55 2695 194 2775; x_wconf 73' lang='grc' dir='ltr'><strong><em>γοντες.”</em></strong></span> <span class='ocrx_word' id='word_1_187' title='bbox 219 2694 289 2755; x_wconf 83' lang='grc' dir='ltr'>Νοο</span> <span class='ocrx_word' id='word_1_188' title='bbox 314 2695 402 2755; x_wconf 87' lang='lat' dir='ltr'>enirn</span> <span class='ocrx_word' id='word_1_189' title='bbox 427 2695 538 2756; x_wconf 87' lang='lat' dir='ltr'>crebra</span> <span class='ocrx_word' id='word_1_190' title='bbox 560 2694 678 2769; x_wconf 85' lang='lat' dir='ltr'>pedum</span> <span class='ocrx_word' id='word_1_191' title='bbox 703 2694 885 2769; x_wconf 82' lang='lat' dir='ltr'>pulsatione</span> <span class='ocrx_word' id='word_1_192' title='bbox 911 2694 1044 2756; x_wconf 75' lang='lat' dir='ltr'>Curetes</span> <span class='ocrx_word' id='word_1_193' title='bbox 1072 2693 1232 2767; x_wconf 79' lang='lat' dir='ltr'>vagientis</span> <span class='ocrx_word' id='word_1_194' title='bbox 1254 2692 1342 2752; x_wconf 87' lang='lat' dir='ltr'>Iovis</span> 
     </span>
     <span class='ocr_line' id='line_1_23' title="bbox 56 2786 1339 2873; baseline -0.003 -16"><span class='ocrx_word' id='word_1_195' title='bbox 56 2796 213 2858; x_wconf 77' lang='lat' dir='ltr'>celabant</span> <span class='ocrx_word' id='word_1_196' title='bbox 235 2795 408 2872; x_wconf 67' lang='lat' dir='ltr'>singultus7</span> <span class='ocrx_word' id='word_1_197' title='bbox 429 2811 545 2857; x_wconf 83' lang='lat' dir='ltr'>verum</span> <span class='ocrx_word' id='word_1_198' title='bbox 569 2786 643 2855; x_wconf 84' lang='grc' dir='ltr'><strong><em>οὖλα</em></strong></span> <span class='ocrx_word' id='word_1_199' title='bbox 666 2796 687 2856; x_wconf 89' lang='lat' dir='ltr'>i.</span> <span class='ocrx_word' id='word_1_200' title='bbox 709 2812 736 2856; x_wconf 85' lang='lat' dir='ltr'>s.</span> <span class='ocrx_word' id='word_1_201' title='bbox 758 2793 859 2855; x_wconf 82' lang='grc' dir='ltr'><strong><em>πυκνὰ</em></strong></span> <span class='ocrx_word' id='word_1_202' title='bbox 882 2794 934 2868; x_wconf 84' lang='grc' dir='ltr'>τὰς</span> <span class='ocrx_word' id='word_1_203' title='bbox 957 2793 1085 2868; x_wconf 81' lang='grc' dir='ltr'><strong><em>ἀσπίδας</em></strong></span> <span class='ocrx_word' id='word_1_204' title='bbox 1108 2793 1339 2873; x_wconf 75' lang='grc' dir='ltr'><strong><em>πλήσσοντος.-</em></strong></span> 
     </span>
     <span class='ocr_line' id='line_1_24' title="bbox 55 2888 811 2960; baseline 0.001 -2"><span class='ocrx_word' id='word_1_205' title='bbox 55 2899 201 2958; x_wconf 91' lang='lat' dir='ltr'>Prorsus</span> <span class='ocrx_word' id='word_1_206' title='bbox 224 2898 308 2959; x_wconf 89' lang='lat' dir='ltr'>idem</span> <span class='ocrx_word' id='word_1_207' title='bbox 333 2888 519 2959; x_wconf 66' lang='lat' dir='ltr'>valetudini</span> <span class='ocrx_word' id='word_1_208' title='bbox 543 2913 641 2959; x_wconf 86' lang='lat' dir='ltr'>versu</span> <span class='ocrx_word' id='word_1_209' title='bbox 665 2898 722 2960; x_wconf 88' lang='grc' dir='ltr'><strong>ΙΙΙ.</strong></span> <span class='ocrx_word' id='word_1_210' title='bbox 748 2900 811 2959; x_wconf 81' lang='grc'>247</span> 
     </span>
    </p>

    <p class='ocr_par' dir='ltr' id='par_1_5' title="bbox 332 2995 1107 3181">
     <span class='ocr_line' id='line_1_25' title="bbox 731 2995 983 3060; baseline 0.004 -2"><span class='ocrx_word' id='word_1_211' title='bbox 731 2999 764 3058; x_wconf 81' lang='grc' dir='ltr'>αἳ</span> <span class='ocrx_word' id='word_1_212' title='bbox 785 2995 818 3059; x_wconf 81' lang='lat' dir='ltr'>il</span> <span class='ocrx_word' id='word_1_213' title='bbox 841 2998 983 3060; x_wconf 74' lang='grc' dir='ltr'><strong><em>πόδεσσιν</em></strong></span> 
     </span>
     <span class='ocr_line' id='line_1_26' title="bbox 332 3091 1107 3181; baseline 0 -21"><span class='ocrx_word' id='word_1_214' title='bbox 332 3091 407 3160; x_wconf 83' lang='grc' dir='ltr'><strong><em>οὖλοι</em></strong></span> <span class='ocrx_word' id='word_1_215' title='bbox 430 3099 684 3180; x_wconf 72' lang='grc' dir='ltr'><strong><em>καοεκροτοῦλιζον,</em></strong></span> <span class='ocrx_word' id='word_1_216' title='bbox 707 3098 878 3178; x_wconf 78' lang='grc' dir='ltr'><strong><em>ἐπεψόφεον</em></strong></span> <span class='ocrx_word' id='word_1_217' title='bbox 902 3097 1107 3181; x_wconf 63' lang='lat' dir='ltr'>disrupimus.</span> 
     </span>
    </p>

    <p class='ocr_par' dir='ltr' id='par_1_6' title="bbox 57 3203 1340 3585">
     <span class='ocr_line' id='line_1_27' title="bbox 106 3203 1340 3278; baseline -0.002 -14"><span class='ocrx_word' id='word_1_218' title='bbox 106 3204 190 3264; x_wconf 87' lang='lat' dir='ltr'>Cum</span> <span class='ocrx_word' id='word_1_219' title='bbox 216 3218 292 3264; x_wconf 88' lang='lat' dir='ltr'>vero</span> <span class='ocrx_word' id='word_1_220' title='bbox 322 3218 441 3264; x_wconf 88' lang='lat' dir='ltr'>sensus</span> <span class='ocrx_word' id='word_1_221' title='bbox 465 3204 548 3264; x_wconf 88' lang='lat' dir='ltr'>satis</span> <span class='ocrx_word' id='word_1_222' title='bbox 571 3205 719 3264; x_wconf 84' lang='lat' dir='ltr'>constare</span> <span class='ocrx_word' id='word_1_223' title='bbox 744 3203 901 3278; x_wconf 89' lang='lat' dir='ltr'>videatur,</span> <span class='ocrx_word' id='word_1_224' title='bbox 926 3204 1066 3264; x_wconf 90' lang='lat' dir='ltr'>dubitari</span> <span class='ocrx_word' id='word_1_225' title='bbox 1088 3206 1200 3264; x_wconf 89' lang='lat' dir='ltr'>tamen</span> <span class='ocrx_word' id='word_1_226' title='bbox 1222 3205 1340 3278; x_wconf 88' lang='lat' dir='ltr'>potest,</span> 
     </span>
     <span class='ocr_line' id='line_1_28' title="bbox 57 3296 1339 3377; baseline -0.002 -10"><span class='ocrx_word' id='word_1_227' title='bbox 57 3308 174 3367; x_wconf 88' lang='lat' dir='ltr'>utrum</span> <span class='ocrx_word' id='word_1_228' title='bbox 209 3306 260 3366; x_wconf 90' lang='lat' dir='ltr'>his</span> <span class='ocrx_word' id='word_1_229' title='bbox 290 3305 370 3366; x_wconf 90' lang='lat' dir='ltr'>locis</span> <span class='ocrx_word' id='word_1_230' title='bbox 394 3305 613 3367; x_wconf 81' lang='lat' dir='ltr'>Callimachus</span> <span class='ocrx_word' id='word_1_231' title='bbox 641 3306 852 3367; x_wconf 91' lang='lat' dir='ltr'>Homericum</span> <span class='ocrx_word' id='word_1_232' title='bbox 875 3296 963 3377; x_wconf 90' lang='grc' dir='ltr'><strong><em>οὖλος</em></strong></span> <span class='ocrx_word' id='word_1_233' title='bbox 988 3322 1009 3374; x_wconf 88' lang='lat' dir='ltr'>a</span> <span class='ocrx_word' id='word_1_234' title='bbox 1032 3306 1127 3366; x_wconf 89' lang='lat' dir='ltr'>verbo</span> <span class='ocrx_word' id='word_1_235' title='bbox 1151 3304 1237 3364; x_wconf 83' lang='grc' dir='ltr'><strong><em>ελλεϊν</em></strong></span> <span class='ocrx_word' id='word_1_236' title='bbox 1261 3305 1339 3365; x_wconf 90' lang='lat' dir='ltr'>deri·</span> 
     </span>
     <span class='ocr_line' id='line_1_29' title="bbox 58 3406 1338 3482; baseline -0.003 -13"><span class='ocrx_word' id='word_1_237' title='bbox 58 3408 190 3469; x_wconf 83' lang='lat' dir='ltr'>raverit</span> <span class='ocrx_word' id='word_1_238' title='bbox 231 3422 273 3467; x_wconf 90' lang='lat' dir='ltr'>an</span> <span class='ocrx_word' id='word_1_239' title='bbox 304 3407 536 3482; x_wconf 89' lang='lat' dir='ltr'>interpretatus</span> <span class='ocrx_word' id='word_1_240' title='bbox 568 3409 612 3468; x_wconf 89' lang='lat' dir='ltr'>sit</span> <span class='ocrx_word' id='word_1_241' title='bbox 644 3410 801 3482; x_wconf 86' lang='lat' dir='ltr'>tanquam</span> <span class='ocrx_word' id='word_1_242' title='bbox 834 3406 909 3479; x_wconf 78' lang='grc' dir='ltr'><strong><em>ὅλος.</em></strong></span> <span class='ocrx_word' id='word_1_243' title='bbox 944 3408 1014 3468; x_wconf 88' lang='lat' dir='ltr'>Non</span> <span class='ocrx_word' id='word_1_244' title='bbox 1053 3407 1186 3468; x_wconf 89' lang='lat' dir='ltr'>dubium</span> <span class='ocrx_word' id='word_1_245' title='bbox 1221 3407 1273 3466; x_wconf 88' lang='lat' dir='ltr'>est</span> <span class='ocrx_word' id='word_1_246' title='bbox 1306 3406 1338 3466; x_wconf 93' lang='lat' dir='ltr'>in</span> 
     </span>
     <span class='ocr_line' id='line_1_30' title="bbox 57 3509 591 3585; baseline -0.004 -14"><span class='ocrx_word' id='word_1_247' title='bbox 57 3513 185 3585; x_wconf 81' lang='lat' dir='ltr'>hymno</span> <span class='ocrx_word' id='word_1_248' title='bbox 209 3509 250 3569; x_wconf 92' lang='grc' dir='ltr'>ΙΙ.</span> <span class='ocrx_word' id='word_1_249' title='bbox 277 3510 328 3584; x_wconf 82' lang='grc'>76,</span> <span class='ocrx_word' id='word_1_250' title='bbox 352 3509 406 3569; x_wconf 91' lang='lat' dir='ltr'>ubi</span> <span class='ocrx_word' id='word_1_251' title='bbox 429 3510 468 3569; x_wconf 90' lang='lat' dir='ltr'>de</span> <span class='ocrx_word' id='word_1_252' title='bbox 495 3510 591 3569; x_wconf 90' lang='lat' dir='ltr'>Batto</span> 
     </span>
    </p>
   </div>
   <div class='ocr_carea' id='block_1_3' title="bbox 57 3607 1339 4515">
    <p class='ocr_par' dir='ltr' id='par_1_7' title="bbox 57 3607 1339 4200">
     <span class='ocr_line' id='line_1_31' title="bbox 711 3607 1005 3690; baseline 0.017 -24"><span class='ocrx_word' id='word_1_253' title='bbox 711 3607 766 3669; x_wconf 80' lang='grc' dir='ltr'>,ἐκ</span> <span class='ocrx_word' id='word_1_254' title='bbox 790 3607 823 3671; x_wconf 77' lang='grc' dir='ltr'>δέ</span> <span class='ocrx_word' id='word_1_255' title='bbox 848 3627 880 3671; x_wconf 91' lang='grc' dir='ltr'><strong><em>σε</em></strong></span> <span class='ocrx_word' id='word_1_256' title='bbox 905 3610 1005 3690; x_wconf 83' lang='grc' dir='ltr'><strong><em>Θήρης</em></strong></span> 
     </span>
     <span class='ocr_line' id='line_1_32' title="bbox 329 3701 1081 3796; baseline 0 -25"><span class='ocrx_word' id='word_1_257' title='bbox 329 3701 416 3783; x_wconf 80' lang='grc' dir='ltr'><strong><em>οὖλος</em></strong></span> <span class='ocrx_word' id='word_1_258' title='bbox 440 3708 635 3791; x_wconf 73' lang='grc' dir='ltr'><strong><em>Ἀριστοτέλης</em></strong></span> <span class='ocrx_word' id='word_1_259' title='bbox 661 3711 826 3792; x_wconf 77' lang='grc' dir='ltr'><strong><em>Ἀσβυστίῦι</em></strong></span> <span class='ocrx_word' id='word_1_260' title='bbox 848 3712 980 3792; x_wconf 81' lang='grc' dir='ltr'><strong><em>πάρθετο</em></strong></span> <span class='ocrx_word' id='word_1_261' title='bbox 1003 3712 1081 3796; x_wconf 72' lang='grc' dir='ltr'><strong><em>γαίη.</em></strong></span> 
     </span>
     <span class='ocr_line' id='line_1_33' title="bbox 59 3812 1339 3890; baseline 0.001 -17"><span class='ocrx_word' id='word_1_262' title='bbox 59 3812 119 3873; x_wconf 84' lang='lat' dir='ltr'>Oui</span> <span class='ocrx_word' id='word_1_263' title='bbox 150 3812 220 3872; x_wconf 92' lang='lat' dir='ltr'>loco</span> <span class='ocrx_word' id='word_1_264' title='bbox 251 3812 319 3872; x_wconf 88' lang='lat' dir='ltr'>iam</span> <span class='ocrx_word' id='word_1_265' title='bbox 350 3814 432 3875; x_wconf 92' lang='lat' dir='ltr'>adici</span> <span class='ocrx_word' id='word_1_266' title='bbox 462 3814 538 3875; x_wconf 89' lang='lat' dir='ltr'>licet</span> <span class='ocrx_word' id='word_1_267' title='bbox 570 3815 708 3875; x_wconf 87' lang='lat' dir='ltr'>Hecales</span> <span class='ocrx_word' id='word_1_268' title='bbox 740 3815 958 3888; x_wconf 79' lang='lat' dir='ltr'>fragmentum</span> <span class='ocrx_word' id='word_1_269' title='bbox 994 3830 1095 3890; x_wconf 88' lang='lat' dir='ltr'>nuper</span> <span class='ocrx_word' id='word_1_270' title='bbox 1117 3817 1280 3889; x_wconf 90' lang='lat' dir='ltr'>repertum</span> <span class='ocrx_word' id='word_1_271' title='bbox 1305 3815 1339 3874; x_wconf 89' lang='lat' dir='ltr'>et</span> 
     </span>
     <span class='ocr_line' id='line_1_34' title="bbox 58 3915 1336 3991; baseline 0.001 -13"><span class='ocrx_word' id='word_1_272' title='bbox 58 3917 186 3978; x_wconf 89' lang='lat' dir='ltr'>editum</span> <span class='ocrx_word' id='word_1_273' title='bbox 217 3930 238 3975; x_wconf 92' lang='lat' dir='ltr'>a</span> <span class='ocrx_word' id='word_1_274' title='bbox 267 3915 457 3991; x_wconf 78' lang='lat' dir='ltr'>(iomperzio</span> <span class='ocrx_word' id='word_1_275' title='bbox 488 3917 557 3988; x_wconf 87' lang='lat' dir='ltr'>(col.</span> <span class='ocrx_word' id='word_1_276' title='bbox 588 3918 613 3978; x_wconf 93' lang='grc' dir='ltr'>Ι.</span> <span class='ocrx_word' id='word_1_277' title='bbox 638 3933 687 3978; x_wconf 86' lang='lat' dir='ltr'>vs.</span> <span class='ocrx_word' id='word_1_278' title='bbox 712 3917 742 3988; x_wconf 90' lang='lat'>8)</span> <span class='ocrx_word' id='word_1_279' title='bbox 771 3918 931 3990; x_wconf 87' lang='lat' dir='ltr'>siquidem</span> <span class='ocrx_word' id='word_1_280' title='bbox 963 3918 1100 3979; x_wconf 88' lang='lat' dir='ltr'>evanida</span> <span class='ocrx_word' id='word_1_281' title='bbox 1135 3918 1233 3978; x_wconf 91' lang='lat' dir='ltr'>verba</span> <span class='ocrx_word' id='word_1_282' title='bbox 1267 3933 1336 3979; x_wconf 93' lang='lat' dir='ltr'>con·</span> 
     </span>
     <span class='ocr_line' id='line_1_35' title="bbox 57 4017 856 4091; baseline 0.001 -12"><span class='ocrx_word' id='word_1_283' title='bbox 57 4019 184 4079; x_wconf 89' lang='lat' dir='ltr'>iectura</span> <span class='ocrx_word' id='word_1_284' title='bbox 207 4017 374 4091; x_wconf 83' lang='lat' dir='ltr'>ingeniosa</span> <span class='ocrx_word' id='word_1_285' title='bbox 396 4021 483 4081; x_wconf 89' lang='lat' dir='ltr'>recte</span> <span class='ocrx_word' id='word_1_286' title='bbox 506 4019 651 4081; x_wconf 89' lang='lat' dir='ltr'>restituit</span> <span class='ocrx_word' id='word_1_287' title='bbox 677 4019 856 4080; x_wconf 75' lang='lat' dir='ltr'>HIPonarr:</span> 
     </span>
     <span class='ocr_line' id='line_1_36' title="bbox 264 4111 1194 4200; baseline 0.003 -22"><span class='ocrx_word' id='word_1_288' title='bbox 264 4118 378 4197; x_wconf 86' lang='grc' dir='ltr'><strong><em>Θησεῦς</em></strong></span> <span class='ocrx_word' id='word_1_289' title='bbox 402 4118 456 4199; x_wconf 85' lang='grc' dir='ltr'>οὖχ</span> <span class='ocrx_word' id='word_1_290' title='bbox 480 4117 548 4192; x_wconf 83' lang='grc' dir='ltr'><strong><em>ἕκῦς</em></strong></span> <span class='ocrx_word' id='word_1_291' title='bbox 572 4111 692 4192; x_wconf 83' lang='grc' dir='ltr'><strong><em>οὖλος</em></strong></span> <span class='ocrx_word' id='word_1_292' title='bbox 716 4114 764 4179; x_wconf 85' lang='grc' dir='ltr'>ἀπ’</span> <span class='ocrx_word' id='word_1_293' title='bbox 791 4119 921 4200; x_wconf 83' lang='grc' dir='ltr'><strong><em>εὖῦδρον</em></strong></span> <span class='ocrx_word' id='word_1_294' title='bbox 945 4123 1146 4200; x_wconf 80' lang='grc' dir='ltr'><strong><em>Μαραθῶνος</em></strong></span> <span class='ocrx_word' id='word_1_295' title='bbox 1174 4115 1194 4192; x_wconf 88' lang='lat'>¹)</span> 
     </span>
    </p>

    <p class='ocr_par' dir='ltr' id='par_1_8' title="bbox 57 4219 1313 4395">
     <span class='ocr_line' id='line_1_37' title="bbox 57 4219 508 4295; baseline 0.009 -16"><span class='ocrx_word' id='word_1_296' title='bbox 57 4219 182 4280; x_wconf 81' lang='lat' dir='ltr'>Eodem</span> <span class='ocrx_word' id='word_1_297' title='bbox 206 4221 347 4295; x_wconf 89' lang='lat' dir='ltr'>pertinet</span> <span class='ocrx_word' id='word_1_298' title='bbox 370 4222 408 4283; x_wconf 84' lang='lat' dir='ltr'>ir.</span> <span class='ocrx_word' id='word_1_299' title='bbox 435 4225 508 4283; x_wconf 87' lang='lat'>140.</span> 
     </span>
     <span class='ocr_line' id='line_1_38' title="bbox 57 4314 1313 4395; baseline 0.005 -14"><span class='ocrx_word' id='word_1_300' title='bbox 57 4321 204 4382; x_wconf 84' lang='lat' dir='ltr'>Tandem</span> <span class='ocrx_word' id='word_1_301' title='bbox 229 4337 309 4382; x_wconf 89' lang='lat' dir='ltr'>usus</span> <span class='ocrx_word' id='word_1_302' title='bbox 333 4326 385 4384; x_wconf 89' lang='lat' dir='ltr'>est</span> <span class='ocrx_word' id='word_1_303' title='bbox 408 4324 564 4385; x_wconf 90' lang='lat' dir='ltr'>vocabulo</span> <span class='ocrx_word' id='word_1_304' title='bbox 587 4314 675 4395; x_wconf 88' lang='grc' dir='ltr'><strong><em>οὖλος</em></strong></span> <span class='ocrx_word' id='word_1_305' title='bbox 699 4341 719 4385; x_wconf 91' lang='lat' dir='ltr'>a</span> <span class='ocrx_word' id='word_1_306' title='bbox 743 4325 840 4385; x_wconf 87' lang='lat' dir='ltr'>verbo</span> <span class='ocrx_word' id='word_1_307' title='bbox 864 4320 986 4385; x_wconf 85' lang='grc' dir='ltr'><strong><em>ὀλλύναι</em></strong></span> <span class='ocrx_word' id='word_1_308' title='bbox 1014 4327 1159 4386; x_wconf 85' lang='lat' dir='ltr'>derivato</span> <span class='ocrx_word' id='word_1_309' title='bbox 1179 4326 1217 4386; x_wconf 86' lang='lat' dir='ltr'>fr.</span> <span class='ocrx_word' id='word_1_310' title='bbox 1239 4328 1313 4388; x_wconf 83' lang='lat'><strong>507.</strong></span> 
     </span>
    </p>

    <p class='ocr_par' dir='ltr' id='par_1_9' title="bbox 102 4423 1334 4515">
     <span class='ocr_line' id='line_1_39' title="bbox 102 4423 1334 4515; baseline 0.003 -31"><span class='ocrx_word' id='word_1_311' title='bbox 102 4423 267 4501; x_wconf 81' lang='lat' dir='ltr'>ceterum,</span> <span class='ocrx_word' id='word_1_312' title='bbox 289 4426 346 4499; x_wconf 63' lang='lat' dir='ltr'>,ut</span> <span class='ocrx_word' id='word_1_313' title='bbox 380 4425 447 4485; x_wconf 89' lang='lat' dir='ltr'>iarn</span> <span class='ocrx_word' id='word_1_314' title='bbox 482 4425 522 4486; x_wconf 92' lang='lat' dir='ltr'>ad</span> <span class='ocrx_word' id='word_1_315' title='bbox 555 4427 663 4501; x_wconf 89' lang='lat' dir='ltr'>ipsum</span> <span class='ocrx_word' id='word_1_316' title='bbox 698 4427 858 4515; x_wconf 83' lang='lat' dir='ltr'>hymnum</span> <span class='ocrx_word' id='word_1_317' title='bbox 894 4427 1077 4505; x_wconf 86' lang='lat' dir='ltr'>redeamus,</span> <span class='ocrx_word' id='word_1_318' title='bbox 1116 4428 1334 4502; x_wconf 77' lang='lat' dir='ltr'>corybantum</span> 
     </span>
    </p>
   </div>
   <div class='ocr_carea' id='block_1_4' title="bbox 91 4656 1181 4724">
    <p class='ocr_par' dir='ltr' id='par_1_10' title="bbox 91 4656 1181 4724">
     <span class='ocr_line' id='line_1_40' title="bbox 91 4656 1181 4724; baseline 0.002 -17"><span class='ocrx_word' id='word_1_319' title='bbox 91 4656 111 4719; x_wconf 86' lang='lat'>¹)</span> <span class='ocrx_word' id='word_1_320' title='bbox 130 4660 170 4707; x_wconf 82' lang='lat' dir='ltr'>Ol.</span> <span class='ocrx_word' id='word_1_321' title='bbox 194 4656 324 4720; x_wconf 62' lang='lat' dir='ltr'>Varamos</span> <span class='ocrx_word' id='word_1_322' title='bbox 341 4673 371 4707; x_wconf 82' lang='grc' dir='ltr'>οιε</span> <span class='ocrx_word' id='word_1_323' title='bbox 388 4657 582 4720; x_wconf 73' lang='grc' dir='ltr'><strong><em>Μεῦιῦιελῦιςοσ</em></strong></span> <span class='ocrx_word' id='word_1_324' title='bbox 598 4657 641 4707; x_wconf 79' lang='lat' dir='ltr'>der</span> <span class='ocrx_word' id='word_1_325' title='bbox 658 4657 690 4706; x_wconf 80' lang='lat' dir='ltr'>K.</span> <span class='ocrx_word' id='word_1_326' title='bbox 707 4659 796 4722; x_wconf 66' lang='lat' dir='ltr'>Akad„</span> <span class='ocrx_word' id='word_1_327' title='bbox 815 4662 845 4708; x_wconf 79' lang='grc' dir='ltr'><strong><em>3ο</em></strong></span> <span class='ocrx_word' id='word_1_328' title='bbox 863 4662 947 4724; x_wconf 78' lang='lat' dir='ltr'>rosis,</span> <span class='ocrx_word' id='word_1_329' title='bbox 966 4662 1023 4709; x_wconf 90' lang='lat' dir='ltr'>deel</span> <span class='ocrx_word' id='word_1_330' title='bbox 1042 4663 1071 4711; x_wconf 65' lang='lat' dir='ltr'>K</span> <span class='ocrx_word' id='word_1_331' title='bbox 1090 4676 1115 4722; x_wconf 91' lang='lat' dir='ltr'>p.</span> <span class='ocrx_word' id='word_1_332' title='bbox 1135 4663 1181 4710; x_wconf 72' lang='lat'>142</span> 
     </span>
    </p>
   </div>
   <div class='ocr_carea' id='block_1_5' title="bbox 0 0 1550 5294">
    <p class='ocr_par' dir='ltr' id='par_1_11' title="bbox 0 0 1550 5294">
     <span class='ocr_line' id='line_1_41' title="bbox 0 0 1550 5294; baseline 0 3"><span class='ocrx_word' id='word_1_333' title='bbox 0 0 1550 5294; x_wconf 95' lang='lat' dir='ltr'> </span> 
     </span>
    </p>
   </div>
  </div>
 </body>
</html>
