3090 5294
52 462 76 523 1.
105 462 236 522 70-71
673 460 713 517 35

55 650 142 723 qnod
177 652 266 710 recte
301 650 452 710 convenit
486 647 616 708 dictioni
646 646 838 721 homericae,
877 639 936 721 ,iiv’
969 641 1064 721 ἐμοῖσι
1087 643 1185 720 φίλοις
1216 640 1330 716 ἐνδέξια

54 751 213 828 salvar,
233 751 346 823 quales
364 764 475 825 preces
495 749 624 823 saepius
643 748 757 808 inserit
776 747 970 807 narrationis
990 746 1091 806 ordini
1112 745 1326 806 velutII.10.

272 850 304 923 ὃς
328 874 379 928 μιν
402 850 452 934 ἴδη
475 847 564 929 μέγας
588 841 682 920 οὗτος·
708 847 740 920 ὅς
765 846 820 908 οὐκ
844 847 888 907 ἴδε
912 847 988 919 λιτὸς
1011 844 1129 919 ἐκεῖνος·

272 947 398 1030 ὀψόμεθ’
425 944 606 1032 ὦἝκάεργε
628 948 678 1010 καὶ
701 943 833 1027 ἐσσόμεθ’
861 946 968 1009 οὔποτε
991 949 1072 1010 torol.

102 1119 159 1178 VS.
186 1119 228 1179 70
273 1115 347 1176 tileo
371 1109 402 1174 d'
429 1113 539 1191 αἰζηῶν
563 1111 606 1174 ὅτι
628 1111 782 1192 φέρτατον,
805 1111 841 1172 οὐ
867 1112 904 1172 σύ
927 1133 959 1191 γε
983 1121 1064 1190 νηῶν

273 1215 469 1296 ἐμπεράμους,
488 1214 544 1276 οὐκ
567 1212 662 1294 ἄνδρα
685 1212 880 1289 conturbator,
903 1212 939 1274 οὐ
963 1210 1017 1291 μὲν
1040 1210 1155 1289 ἀοιδὸν,

273 1316 345 1378 ἀλλὰ
368 1316 404 1377 τὰ
427 1314 480 1394 μὲν
504 1318 682 1396 μακάρεσσιν
692 1302 833 1387 ’ὀίίζσσιν
859 1307 934 1376 αὖθι
957 1322 1093 1394 παρῆκας

274 1418 347 1480 «itta
374 1416 471 1497 μέλειν
495 1416 624 1499 ἑτέροισι·
648 1419 685 1479 σὺ
710 1413 739 1477 δ’
767 1415 859 1490 ἐξέίεο
882 1416 1077 1496 πτοίιάρχους

274 1521 393 1600 αὐτοὺς,
417 1513 460 1581 ὧν
483 1519 543 1580 ὑπὸ
567 1525 647 1600 χεῖρα
670 1519 829 1599 γεωμόρος,
852 1510 894 1578 ὧν
918 1518 994 1597 ἴδρις
1018 1517 1134 1596 αἰχμῆς,

189 1626 230 1686 75
277 1616 319 1684 ὧν
343 1621 450 1703 ἐρέτης,
473 1613 516 1682 ὧν
538 1621 643 1681 πάντα·
667 1622 696 1681 τί
718 1615 748 1681 δ’
775 1619 812 1681 οὐ
835 1618 1008 1700 κρασέοντσς
1033 1615 1079 1679 ὑπ’
1107 1618 1212 1697 ἰσχύν;

106 1728 320 1805 αἱρεῖσθαι
344 1728 376 1786 et
399 1722 579 1803 ἐξαιρεῖσθαι
598 1729 808 1798 (quamquam
829 1723 999 1798 compositi
1019 1723 1164 1782 activum
1184 1721 1290 1795 magis
1301 1723 1334 1781 in

58 1847 125 1890 usu
149 1833 211 1898 est)
240 1844 338 1889 sensu
366 1834 419 1886 τοῦ
439 1825 609 1904 ιιροιιρίνιιν
631 1827 665 1886 in
695 1826 869 1886 homericis
892 1828 1064 1886 occurrunt
1087 1825 1231 1899 pluribus
1255 1825 1335 1885 locis

59 1947 161 2005 quam
184 1945 264 2003 quos
276 1943 408 1990 necesse
421 1929 465 1987 sit
484 1942 683 1988 enumerare.
705 1924 839 2005 αἰζηοὶ
860 1932 980 2002 autem,
995 1928 1028 1986 et
1043 1927 1226 2000 insequenti
1239 1939 1336 1986 versu

60 2030 164 2110 ἀνὴρ
189 2027 448 2104 σακέσπαλος,
468 2030 499 2089 id
518 2030 601 2102 quod
622 2030 837 2090 recentiorum
857 2030 1027 2102 poetarum
1045 2027 1108 2088 fert
1120 2043 1209 2102 usuc,
1222 2027 1336 2088 latiore

61 2149 163 2195 sensu
195 2133 339 2193 adhibita
369 2132 447 2191 sunt
476 2146 575 2204 quam
607 2132 787 2204 antiquitus
817 2133 963 2205 proprius
996 2132 1065 2191 erat
1097 2130 1138 2188 iis
1162 2128 1337 2189 vocabulis.

63 2231 162 2311 αἰζηοὶ
194 2234 292 2307 enim,
319 2248 381 2306 quo
412 2233 542 2292 nomine
575 2231 803 2307 Callimachus,
828 2235 861 2292 et
884 2234 958 2306 post
981 2247 1057 2292 eum
1082 2231 1235 2305 permulti
1258 2246 1339 2304 quos

62 2337 178 2397 laudat
198 2335 380 2410 Schneider,
401 2348 515 2393 omnes
536 2333 622 2394 viros
641 2334 763 2394 indicat
781 2339 869 2404 (nam
891 2333 1001 2410 αἰζηῶν
1021 2332 1065 2392 ὅτι
1086 2329 1229 2412 φέρτατον
1247 2333 1341 2407 plane

61 2439 152 2499 idem
185 2440 237 2497 est
267 2440 364 2509 atque
395 2435 596 2495 homericum
629 2431 769 2513 φέρτατος
801 2431 930 2512 ἀνδρῶν)
956 2436 1039 2510 apud
1064 2435 1244 2495 Homerum
1270 2434 1340 2495 ado·

61 2541 227 2600 lescentes
247 2537 409 2597 indicabat
428 2536 608 2596 inventutis
627 2537 704 2597 llore
725 2537 888 2611 vigentes;
907 2538 939 2597 id
956 2537 1039 2610 quod
1051 2538 1224 2596 senserunt
1236 2551 1339 2609 gram·

63 2641 188 2713 matici,
213 2639 268 2712 qui
292 2637 397 2698 solent
421 2638 627 2711 interpretari
651 2637 755 2715 αἰζηοί·
780 2637 812 2697 οἰ
832 2635 1018 2714 ἀκμάζοντες.
1052 2637 1185 2697 Atiam
1209 2637 1341 2698 deflexit

61 2740 236 2816 paululum
260 2739 300 2798 ab
324 2753 360 2798 eo
384 2738 520 2798 arctiore
549 2754 609 2798 usu
632 2740 721 2798 vocis
751 2739 911 2799 Hesiodus
936 2755 956 2799 a
982 2753 1044 2812 ouo
1067 2739 1340 2814 quadragenarius

66 2842 122 2917 Op.
149 2841 215 2900 440
245 2837 345 2915 αἰζηὸς
376 2839 492 2899 dicitur
514 2840 564 2910 (ci.
590 2839 697 2914 Theop.
720 2841 785 2901 863
809 2837 893 2924 τέχνη
916 2834 963 2899 ὑπ’
991 2839 1122 2916 αἰζηῶν).
1155 2841 1257 2917 Quem
1283 2841 1343 2902 for·

62 2944 154 3003 sitan
190 2939 401 3015 spectaverit3
433 2940 554 3000 etenim
587 2956 661 3000 cum
690 2943 878 3000 constanter
902 2942 1064 3001 Homerus
1089 2945 1109 3020 ῆ
1133 2944 1229 3003 huius
1254 2946 1343 3003 vocis

62 3047 98 3105 in
134 3044 200 3103 arsi
235 3042 369 3103 collocat
395 3034 426 3114 ¹),
462 3041 495 3100 in
527 3057 624 3102 versu
655 3043 804 3103 hesiodeo
839 3045 975 3103 eandem
1008 3045 1119 3104 sedem
1150 3046 1273 3105 obtinet
1304 3062 1343 3105 ea

64 3143 191 3205 vocalis
220 3157 318 3215 quam
348 3142 444 3201 habet
475 3142 508 3201 in
538 3143 659 3216 hymno
692 3144 911 3204 callimacheo.
949 3144 1098 3205 Ceterum
1136 3161 1214 3205 num
1251 3144 1341 3205 Calli·

65 3245 178 3306 machi
207 3245 275 3303 iam
305 3246 413 3303 aetate
444 3244 483 3303 de
517 3245 665 3305 vocabuli
696 3246 801 3305 forma
831 3248 927 3318 atque
958 3246 1078 3320 origine
1102 3246 1134 3306 id
1158 3247 1255 3306 fuerit
1280 3262 1343 3307 cer·

65 3351 181 3407 tamen
205 3346 289 3418 quod
317 3345 443 3404 rettulit
466 3345 668 3406 Herodianus
693 3348 727 3416 (l.
755 3348 828 3407 115.
858 3348 910 3421 9.),
935 3361 998 3407 non
1023 3349 1164 3422 apparet.

113 3447 171 3506 Vs
187 3448 225 3506 71
249 3447 446 3506 adiectivum
459 3443 624 3524 ἐμισέραμος
637 3449 740 3518 (cuius
752 3448 902 3508 adverbio
915 3449 948 3507 in
960 3446 1100 3510 Lavacro
1112 3449 1252 3510 Pollodre
1264 3464 1344 3510 usus

67 3555 119 3610 est
141 3564 189 3609 vs.
205 3550 258 3617 25)
281 3548 480 3621 Lycophroni
500 3549 614 3610 debere
635 3550 772 3625 videtur,
793 3550 848 3623 qui
861 3583 901 3592 -
918 3549 1079 3611 incertum
1091 3551 1183 3612 cuius
1195 3554 1344 3625 exemplo

68 3653 352 3724 obtemperans-
367 3649 493 3709 dixerat
517 3666 564 3711 vs.
592 3652 676 3712 1196
701 3651 739 3710 de
764 3651 855 3711 Rhea
882 3648 995 3727 ,μνάίης
1019 3649 1227 3730 ἕμνιείραμος.”
1253 3651 1346 3712 Metri

69 3753 213 3812 rationes
232 3750 389 3824 cogebant
415 3750 647 3812 Callimachum
674 3752 909 3826 diphthongum
932 3753 959 3813 εἰ
979 3755 1146 3831 corripere,
1168 3755 1201 3813 in
1224 3768 1288 3826 qua
1311 3769 1345 3813 re

69 3869 182 3914 rarum
206 3852 340 3913 Homeri
355 3853 549 3926 exemplum
569 3853 707 3914 fortasse
728 3854 820 3927 sequi
841 3855 943 3915 voluit
963 3858 996 3915 et
1015 3855 1187 3916 illustrare.
1209 3856 1242 3915 Is
1259 3855 1347 3915 enim

1 3998 3 4002 -
70 3971 146 4016 cum
171 3956 272 4015 etiam
297 3953 387 4013 nulla
411 3953 514 4014 vocali
534 3957 689 4028 sequente
709 3956 729 4033 η
753 3957 828 4016 οἰῶ
853 3957 938 4016 haud
963 3958 1009 4016 ita
1032 3972 1104 4017 raro
1124 3958 1157 4016 in
1177 3957 1262 4017 thesi
1282 3971 1346 4016 cor·

2 4061 11 4137 ]
70 4057 200 4131 riperet,
224 4054 400 4115 admodum
425 4056 535 4128 paucis
560 4055 639 4117 locis
661 4057 894 4131 diphthongum
918 4057 1080 4133 corripuit,
1102 4057 1203 4118 veluti
1224 4059 1258 4118 Β.
1280 4059 1344 4118 506

1 4146 12 4199 i:
73 4155 249 4232 Ποοῑδήιον.
283 4155 434 4216 Ceterum
465 4159 497 4216 et
532 4158 603 4231 ipsa
626 4173 750 4231 quoque
776 4158 931 4218 vocabula
954 4156 1090 4236 ἔμπειρος
1114 4156 1247 4238 ἐμπειρία
1271 4161 1347 4220 cett.

72 4259 112 4319 ab
132 4258 297 4317 homerico
319 4272 467 4317 sermone
487 4258 594 4318 aliena
613 4262 699 4335 sunt,
723 4261 755 4319 et
774 4261 902 4334 praesto
924 4259 1062 4321 fortasse
1084 4262 1175 4320 erant
1196 4260 1346 4335 exempla

71 4375 155 4433 quae
189 4361 363 4419 moverunt
394 4358 627 4420 Callimachum
662 4364 699 4420 ut
729 4362 761 4420 in
792 4362 852 4421 hoc
884 4360 1042 4421 adiectivo
1073 4363 1257 4435 ceteroquin
1281 4362 1350 4423 dac

1 4601 5 4609 ,
106 4550 126 4614 1)
152 4555 190 4601 or.
218 4554 345 4601 nnuman
369 4524 480 4616 σνιιιὶις
506 4555 548 4603 αα
574 4555 694 4604 noiomo
722 4557 753 4603 ιν
779 4556 938 4605 remman
963 4557 1108 4607 Ηιιινινι
1133 4555 1282 4623 (neuton.
1305 4560 1338 4606 11.

72 4647 97 4692 p.
118 4635 183 4694 dli).
