3090 5294
118 2163 361 2239 Epigrammata
402 2162 552 2239 quodam,
595 2160 784 2223 Callimachi
828 2161 1002 2223 lectoribus
1046 2161 1132 2223 haud
1172 2161 1344 2239 incognito,

71 2265 287 2339 Anthologiae
317 2265 479 2340 palatinae
510 2267 605 2339 poeta
638 2264 746 2324 nescio
776 2264 849 2338 quis
871 2266 1022 2341 testatur,
1045 2265 1123 2325 olim
1148 2263 1344 2326 Callimacho

72 2382 93 2426 a
115 2367 168 2427 dis
191 2383 381 2428 concessum
405 2382 488 2442 esse,
511 2368 548 2427 ut
570 2381 626 2442 per
649 2366 814 2426 somnium
837 2381 878 2426 ex
901 2366 1020 2440 Libyae
1039 2366 1105 2426 oris
1124 2367 1157 2426 in
1177 2367 1344 2427 Boeotiam

70 2471 358 2545 transportaretur,
381 2469 488 2542 ibique
511 2468 545 2527 iu
568 2467 638 2542 ipso
661 2466 831 2528 considens
854 2467 1007 2528 Helicone
1030 2483 1145 2529 omnes
1168 2484 1210 2529 ex
1234 2468 1344 2530 ordine

70 2570 184 2631 Musas
207 2571 359 2645 quidquid
383 2571 512 2632 volebat
532 2570 763 2644 interrogarem
788 2571 823 2629 at
845 2569 936 2630 illae:

361 2673 395 2732 αἳ
416 2668 456 2731 δέ.
472 2670 504 2732 οἱ
527 2667 669 2755 εἰρομένῳ
692 2663 763 2748 &uqi
790 2666 926 2750 o'ayoyloov
948 2665 1056 2749 ἡρώων

361 2772 440 2832 αἴτια
461 2769 513 2832 καὶ
535 2770 677 2851 μακάρων
700 2763 780 2850 alnov
803 2768 1003 2850 ἀμειβόμεναι.

116 2874 328 2935 subridemus
362 2875 465 2950 hodie,
508 2875 543 2934 et
576 2873 782 2947 indignamur
817 2873 893 2949 iere,
928 2874 957 2933 si
992 2873 1076 2948 quod
1111 2871 1189 2932 olim
1221 2873 1253 2934 di
1286 2873 1344 2932 im·

70 2975 230 3036 mortales
262 2977 403 3038 Hesiodo
434 2976 486 3036 vel
517 2975 644 3035 Platoni
670 2974 779 3049 largiti
814 2976 933 3050 essent,
953 2975 985 3035 id
1006 2973 1241 3035 callimachum
1263 2975 1344 3034 tam·

69 3092 171 3151 quam
214 3092 316 3150 aequo
349 3079 419 3138 iure
454 3076 672 3137 vindicantem
706 3075 768 3135 sibi
803 3074 962 3151 videmus,
997 3091 1113 3136 verum
1147 3077 1238 3136 varia
1267 3076 1346 3135 suut

70 3180 237 3240 variorum
271 3183 455 3254 temporum
489 3178 607 3238 iudicia
642 3179 675 3237 et
705 3171 792 3237 idern
826 3178 930 3252 poeta,
962 3192 1058 3250 quem
1089 3176 1183 3237 hodie
1214 3178 1344 3238 tantum

69 3296 135 3341 non
169 3282 363 3356 spernimus,
399 3279 584 3353 aequalium
610 3278 775 3339 nonnullis
797 3280 895 3352 atque
918 3279 1058 3353 posteris
1080 3279 1241 3352 plerisque
1265 3280 1344 3340 adeo

71 3383 241 3443 videbatur
275 3383 464 3458 praegratus
498 3395 668 3441 musarum
703 3381 864 3455 sacerdos,
899 3382 936 3441 ut
970 3382 999 3440 si
1033 3380 1214 3441 Homerum
1237 3380 1344 3441 solum

70 3484 216 3559 excipias
250 3484 307 3543 vix
340 3497 537 3556 quemquam
571 3482 655 3542 inter
688 3484 802 3556 poetas
832 3481 970 3543 Graecos
1000 3483 1157 3558 invenias,
1188 3483 1243 3555 qui
1273 3485 1344 3543 tam

70 3584 242 3658 diligenter
276 3584 316 3644 ab
350 3585 500 3645 omnibus
531 3583 635 3644 lectus
664 3584 709 3643 sit
739 3585 797 3644 aut
820 3586 948 3644 tantam
978 3584 1213 3644 admiratorum
1244 3586 1344 3645 secta·

70 3689 244 3759 torumque
276 3687 441 3746 catervam
472 3685 633 3745 invenerit
655 3688 812 3759 quantam
835 3700 921 3745 unus
943 3685 999 3746 1116
1023 3684 1227 3760 cyrenaicus.
1252 3686 1342 3748 (lalli-

70 3788 209 3848 machea
243 3786 363 3847 iterant
397 3787 525 3847 variant
558 3786 724 3847 illustrant
759 3770 948 3861 Apollonius
977 3787 1145 3864 Nicander,
1181 3789 1344 3863 Oppianus

70 3889 256 3964 Dionysius,
286 3888 420 3949 Nonnus
454 3888 590 3961 denique
624 3889 658 3948 et
689 3887 826 3963 Quintus
861 3888 1071 3963 Smyrnaeus.
1106 3889 1151 3948 At
1180 3890 1273 3950 nobis
1303 3905 1345 3950 ex

70 3991 175 4050 tantis
215 3990 328 4064 opibus
370 3991 483 4064 poetae
525 3989 782 4063 fragmentorum
819 3990 948 4063 quidem
981 3991 1095 4064 ingens
1128 4006 1275 4067 acervus,
1310 3993 1345 4051 at

70 4092 256 4164 fragmenta
290 4093 419 4151 tantum
453 4091 579 4151 restant
613 4093 741 4165 praeter
766 4090 854 4151 solos
877 4092 1026 4166 hymnos.
1056 4091 1177 4167 Quibus
1200 4093 1229 4153 si
1251 4092 1346 4167 plane

69 4194 165 4254 deest
187 4193 300 4253 nativa
323 4194 374 4253 vis
397 4192 527 4268 ingenii,
550 4207 633 4264 quae
657 4193 743 4253 vatis
763 4194 910 4254 animum
930 4194 1087 4255 abducere
1106 4194 1347 4255 aterrestribus

69 4294 311 4367 sublimemque
348 4295 430 4355 ferre
465 4293 623 4369 mdeatur,
660 4295 689 4354 si
722 4309 885 4368 nusquam
924 4294 1064 4370 simplex
1103 4299 1200 4368 atque
1235 4296 1348 4355 sancta

69 4395 152 4457 fides
180 4395 313 4455 deorum
345 4396 461 4472 elucet,
492 4396 521 4455 si
544 4396 665 4456 frustra
688 4397 876 4469 quaerimus
899 4398 1047 4458 animum
1070 4397 1173 4472 ipsius
1195 4398 1346 4473 auctoris,

68 4501 170 4572 atque
203 4497 312 4557 intimi
346 4497 485 4571 pectoris
519 4497 732 4570 cogitationes
769 4498 803 4558 iu
843 4498 1040 4559 carminibus
1080 4499 1184 4559 multo
1230 4500 1346 4559 sudore

68 4599 205 4674 paratis,
229 4612 267 4658 eo
289 4601 401 4659 tamen
424 4598 556 4659 nomine
580 4599 695 4671 hymni
718 4598 807 4672 digni
830 4614 959 4673 semper
982 4592 1077 4661 erunt
1100 4601 1347 4661 accuratissimo
