3068 5294
21 465 60 525 [Ι.
94 465 268 525 103-105
630 467 693 527 219

21 654 54 714 ln
86 654 226 715 Paeanis
256 653 387 715 nomine
417 652 590 714 derivando
624 654 801 716 certabant.
833 653 873 714 itt
904 652 1071 714 fatendum
1104 656 1154 714 est
1181 668 1297 728 pamm

21 756 164 818 feliciter
194 756 225 816 id
257 757 367 817 nostro
399 755 548 830 cessisse,
584 770 662 816 narn
693 758 783 818 caret
813 756 923 831 ipsum
950 762 1061 832 παιῆον
1085 755 1298 830 explicatione

21 859 100 929 (nisi
129 857 212 919 forte
239 858 279 919 ad
313 857 446 919 verbum
472 855 570 916 παίειν
593 857 727 928 adludit)
751 853 781 934 ἰὴ
805 858 912 919 solum
936 857 1115 932 explicatur
1137 857 1296 932 sequenti·

21 960 87 1020 bus
121 956 193 1034 ,ἵει
224 955 341 1037 βέλος”.
371 958 420 1018 Ex
450 958 542 1032 parte
571 958 671 1033 igitur
702 961 831 1020 tantum
861 959 986 1035 accepit
1016 962 1126 1019 noster
1154 957 1298 1020 clearchi

23 1061 171 1125 Solensis
212 1060 472 1136 explicationem,
512 1061 567 1134 qui
613 1061 758 1137 scriptor,
801 1061 859 1122 tali
891 1075 1008 1135 genere
1043 1060 1135 1121 lusus
1169 1061 1299 1136 saepius

23 1163 217 1241 delectatus,
253 1162 384 1226 tradidit
420 1162 578 1223 Latonam
613 1178 688 1223 cum
719 1163 753 1223 in
784 1162 925 1223 brachiis
954 1162 1127 1237 parvulum
1157 1165 1301 1238 portaret

23 1265 211 1341 Apollinem
234 1265 371 1326 dracone
397 1264 465 1325 viso
486 1263 725 1325 exclamavisse
750 1262 794 1341 ,ta
813 1270 867 1335 (an
886 1261 958 1335 isat)
977 1265 1072 1341 παῖ”,
1087 1299 1128 1308 -
1141 1264 1181 1326 oi.
1201 1264 1239 1326 fr.
1257 1266 1299 1326 46

25 1366 143 1429 lluller
166 1367 200 1428 F.
225 1367 265 1428 H.
290 1366 326 1428 G.
351 1367 393 1428 II.
420 1367 494 1428 309.

68 1470 108 1530 In
139 1468 349 1543 sequentibus
383 1467 460 1529 licet
495 1465 597 1529 εὐθὺ
631 1467 690 1528 tali
721 1466 956 1542 significatione
987 1466 1138 1528 adhibeat
1168 1467 1299 1543 qualem

24 1585 207 1645 numquam
228 1571 350 1631 obtinet
370 1569 403 1630 in
424 1570 607 1646 homericis,
629 1570 746 1647 respici
765 1572 877 1632 tamen
896 1570 1076 1630 Homerum
1096 1569 1224 1631 constat
1236 1583 1300 1629 non

23 1672 135 1734 solum
163 1688 205 1734 ex
227 1671 367 1733 formula
401 1670 580 1750 ,yelvoro
612 1670 770 1751 μήτηρ”,
794 1672 852 1733 sed
876 1671 976 1733 stiam
1000 1687 1042 1733 ex
1066 1686 1129 1732 usu
1152 1671 1299 1732 substan·

23 1776 85 1836 tivi
109 1771 321 1854 ἀοσσητὴρ,
345 1788 408 1849 quo
432 1773 562 1835 nomine
585 1774 672 1835 idem
693 1774 806 1849 Apollo
829 1773 989 1834 indicatur
1011 1774 1044 1832 0.
1057 1773 1131 1833 254.
1157 1771 1299 1849 Quando·

24 1876 159 1950 quidem
189 1877 300 1937 autam
331 1890 395 1936 non
419 1876 489 1936 tarn
512 1875 551 1936 de
575 1873 809 1949 significatione
832 1875 930 1935 huius
953 1874 1150 1936 substantivi
1177 1874 1298 1934 dubita·

26 1980 99 2038 tum
142 1978 193 2038 est
230 1993 328 2052 quam
364 1977 403 2038 de
437 1976 570 2052 origine,
605 1992 720 2052 parum
755 1976 835 2038 haec
866 1977 1007 2037 imitatio
1041 1975 1298 2052 interpretationi

25 2080 210 2141 homericae
227 2080 367 2155 prodest,
386 2078 450 2139 nisi
470 2094 512 2140 ex
532 2079 592 2140 hoc
611 2094 708 2140 versu
728 2078 812 2140 effici
833 2080 914 2141 velis
932 2078 1166 2140 Callimachum
1180 2080 1299 2139 saltem

27 2181 171 2243 nondum
206 2180 327 2242 favisse
361 2165 491 2256 ineptae
527 2180 734 2255 explicationi
768 2196 868 2256 quam
900 2183 1021 2257 profert
1052 2180 1229 2242 scholiasta
1259 2180 1300 2240 ad

28 2282 53 2342 δ.
80 2284 162 2345 165:
196 2279 414 2362 ,ἆοσσηνῆρες”
447 2280 479 2341 οἱ
507 2277 617 2359 ἕτοιμοι
648 2279 770 2362 βοηθοὶ,
800 2280 881 2364 παρὰ
905 2281 936 2343 τὸ
959 2280 1000 2361 μὴ
1024 2279 1182 2361 ἀναμένειν
1207 2279 1299 2343 ὅσσον

28 2381 94 2464 ἤτοι
116 2382 249 2464 χρησμὸν
271 2379 323 2443 καὶ
345 2381 486 2462 μαντείαν
509 2381 551 2456 εἷς
573 2385 605 2443 τὸ
628 2384 812 2463 βοηθῆσαι”.

72 2588 272 2650 Devenimus
302 2588 434 2649 tandem
465 2588 506 2649 ad
530 2603 644 2649 versus
672 2589 711 2650 de
734 2589 881 2651 Phthono
904 2590 973 2667 deo,
998 2590 1031 2651 in
1055 2590 1172 2665 quibus
1195 2588 1301 2649 multa

29 2691 161 2766 quidem
203 2690 340 2752 obscura
381 2689 541 2765 Oedipoda
576 2705 674 2750 suum
705 2692 895 2766 expectant;
938 2691 995 2752 sed
1027 2690 1122 2752 rebus
1156 2690 1303 2751 inhaeret

29 2793 211 2854 obscuritas
240 2807 304 2852 non
341 2791 457 2868 verbis,
490 2791 566 2853 licet
599 2792 698 2853 etiam
731 2809 750 2854 a
781 2792 947 2854 vocabulis
977 2792 1215 2854 obscurioribus
1238 2807 1302 2853 non

30 2895 194 2956 abstineat
223 2895 327 2969 poeta.
364 2893 470 2955 Huius
504 2895 618 2955 autem
651 2894 712 2956 loci
746 2910 810 2956 non
840 2897 892 2956 est
922 2895 1025 2970 ipsius
1056 2894 1302 2970 epigrammatis

30 2996 216 3070 aenigmata
246 2995 389 3070 solvere;
422 3010 461 3056 ea
490 2997 621 3057 tanturn
652 2997 785 3070 tangam
809 3011 892 3070 quae
915 2996 956 3057 ad
979 2996 1103 3071 epicam
1127 2996 1301 3057 dictionem

29 3097 266 3172 quodammodo
298 3096 491 3173 pertineant,
525 3097 620 3172 idque
655 3112 692 3158 eo
724 3097 854 3159 brevius
883 3099 968 3173 quod
1000 3099 1039 3160 de
1071 3098 1122 3158 his
1155 3097 1301 3158 versibus

29 3199 154 3260 abunde
177 3198 357 3274 disputavit
380 3198 603 3260 Schneiderus.

68 3301 124 3364 Ve.
151 3301 225 3362 105.
271 3295 287 3360 ὅ
314 3299 436 3373 Φθόνος
459 3299 640 3373 Ἀπόλλωνος
663 3295 707 3361 ἐπ’
734 3298 819 3362 οὔασι
841 3300 966 3383 λάθριος
990 3293 1079 3361 εἶπεν·

278 3399 353 3478 ,obn
379 3399 491 3482 ἄγαμοι
513 3400 565 3462 τὸν
588 3399 704 3480 ἀοιδὸν,
725 3397 758 3475 ὃς
783 3397 862 3464 οὖσί
882 3401 937 3463 ὅσα
960 3402 1068 3475 πόντος
1092 3399 1214 3463 ἀείδεθ’.

275 3500 326 3562 τὸν
351 3501 476 3564 Φθόνον
501 3500 642 3565 dantiae
665 3503 739 3565 ποδί
759 3499 779 3564 τ’
806 3502 925 3583 ἤλασεν,
949 3496 1007 3565 ὧδέ
1029 3499 1050 3564 τ’
1076 3502 1181 3565 ἔειπεν·

278 3605 450 3684 ,Ἀσσυρίου
473 3611 617 3684 ποταμοῖο
641 3604 731 3686 μέγας
754 3605 834 3686 ῥόος,
855 3604 929 3667 ἀλλὰ
952 3605 987 3667 τὰ
1011 3606 1104 3669 πόλλα

275 3708 388 3786 λύματα
411 3714 466 3786 γῆς
489 3704 540 3767 καὶ
562 3706 673 3769 πολλὸν
697 3704 740 3786 ἐφ’
767 3708 854 3770 ὕδατι
878 3707 1025 3788 συρφετὸν
1049 3707 1132 3789 itast.

157 3811 220 3872 110
279 3812 361 3888 Δηοῖ
379 3803 407 3869 δ’
435 3807 491 3870 οὐκ
514 3806 574 3869 ἀπὸ
597 3809 708 3882 παντὸς
731 3809 813 3891 ὕδωρ
837 3808 980 3891 φορέουσι
1004 3809 1149 3889 μέλισσαι,

278 3905 337 3970 ἀλλ’
362 3908 426 3989 ἤνις
447 3909 569 3991 andepo}
592 3933 622 3972 τε
644 3909 694 3972 καὶ
716 3910 880 3994 ἀχράαντος
903 3909 1024 3991 ἀνέρπει

278 4011 404 4084 πίδακος
426 4009 456 4086 ἐξ
479 4011 559 4092 ἱερῆς
583 4009 666 4094 ὀλίγη
690 4012 784 4094 λιβὰς,
808 4012 901 4094 ἄκρον
924 4012 1052 4076 doceat

276 4118 357 4194 χαῖρε
380 4110 465 4191 ἅναξ,
490 4110 506 4175 ὅ
531 4110 563 4175 δὲ
586 4118 715 4195 Μῶμος,
736 4111 771 4177 ἵν’
798 4113 814 4177 ὁ
841 4115 974 4194 Φθόνος,
996 4114 1074 4176 ἔνθα
1097 4112 1201 4175 νέοιτο.

74 4217 216 4280 Omissis
247 4217 289 4278 iis
315 4231 398 4292 quae
424 4219 462 4278 ut
493 4218 689 4279 adiectivum
716 4217 888 4298 λάθριος
911 4233 968 4294 pro
992 4218 1125 4294 antiquo
1149 4222 1315 4299 taupotog,

29 4321 125 4395 plane
157 4318 286 4380 novicia
316 4321 403 4395 sunt,
434 4320 468 4380 et
498 4320 595 4381 verbo
617 4321 747 4381 tantum
772 4322 894 4382 notatis
919 4335 1002 4394 quae
1026 4320 1096 4382 sive
1120 4320 1305 4395 tragoediae

28 4422 189 4484 debentur
202 4454 243 4463 -
256 4422 293 4481 ut
313 4421 558 4482 substantivum
578 4418 692 4501 λιβὰς
717 4456 755 4464 -
771 4423 842 4483 sive
862 4422 999 4483 Pindaro
1014 4455 1054 4465 -
1067 4421 1204 4500 utpsll
1211 4439 1305 4494 σοις

27 4523 130 4600 (Pytb.
144 4522 199 4583 IV.
213 4524 266 4593 60)
287 4524 320 4583 et
342 4518 412 4601 ἄκρ
422 4543 464 4581 ov
487 4518 507 4581 ἅ
516 4544 615 4583 stov
639 4522 756 4594 (Ictim.
770 4523 823 4585 VI.
840 4524 891 4595 18)
907 4557 946 4567 -
960 4524 1143 4585 homericae
1157 4525 1306 4586 dictionis

29 4624 172 4700 vestigia
190 4637 293 4699 pauca
309 4626 480 4700 notemus;
501 4639 578 4685 nam
596 4625 834 4686 homerioorum
858 4641 1013 4688 versuum
1035 4641 1188 4688 numeros
1207 4628 1308 4688 etiam
