3068 5288
684 438 702 497 7

63 620 241 680 iaculorum
274 619 533 693 magnificentiae
564 622 680 694 quibus
707 625 915 684 Ptolemaeus
938 623 1031 695 alter,
1056 622 1195 681 fortasse
1218 619 1332 678 statim

62 723 230 795 postquam
260 721 382 794 regiam
414 722 606 795 dignitatem
636 728 769 800 epatre
794 727 930 800 accepit,
955 722 1090 796 Dionysi
1118 721 1179 790 (dei
1203 719 1334 794 gentilis

61 823 116 890 sui)
164 823 377 882 maiestatem
423 824 612 901 celebravit,
656 826 689 886 in
736 843 873 902 pompae
915 825 1084 900 splendore
1127 822 1184 880 vix
1230 835 1332 879 unum

61 923 241 982 alterumve
273 928 525 1001 conspexerunt,
561 928 643 999 quod
676 928 893 1004 Aegyptiacos
924 941 1004 987 usus
1034 924 1225 999 respiceret:
1256 921 1332 980 Pon·

58 1024 187 1084 matare
218 1023 313 1083 deam
338 1039 438 1085 manu
462 1029 647 1100 gestantem
671 1044 834 1105 perseam,
860 1045 942 1104 quae
965 1027 1059 1088 arbor
1082 1025 1160 1085 Isidi
1183 1023 1332 1083 dedicata

60 1128 120 1199 est,
157 1127 231 1184 tum
267 1140 341 1184 aras
376 1128 528 1187 manibus
555 1132 715 1206 portatas,
749 1132 833 1205 quod
865 1130 979 1190 Graeci
1009 1128 1111 1188 moris
1146 1141 1210 1185 non
1245 1126 1332 1197 erat;

60 1229 203 1286 ceterum
247 1226 326 1285 nihil
366 1228 449 1300 quod
486 1245 506 1288 a
540 1230 685 1306 Graecia,
723 1233 818 1293 istius
856 1232 987 1306 quidem
1021 1229 1154 1303 aetatis,
1191 1226 1333 1286 alienum

60 1330 162 1399 esset3
199 1328 263 1386 nisi
297 1329 380 1401 quod
412 1330 480 1405 ipse
514 1332 665 1406 splendor
699 1349 798 1408 supra
829 1334 963 1394 deorum
999 1332 1207 1392 maiestatem
1242 1342 1335 1402 reges

60 1429 172 1488 efferre
203 1428 368 1489 nonnullis
399 1432 568 1492 videbatur
599 1435 632 1492 et
661 1435 813 1507 dignitati
843 1433 1009 1507 religionis
1039 1448 1103 1492 non
1134 1430 1215 1490 nihil
1245 1430 1333 1490 dero·

59 1546 133 1604 gere
158 1526 188 1602 ¹).
232 1532 293 1592 Sed
342 1535 416 1604 post
462 1535 585 1608 primos
630 1535 759 1609 imperii
806 1551 909 1595 annos
955 1533 1114 1611 paulatim
1156 1531 1335 1606 augebatur

60 1634 278 1710 Aegyptiacae
309 1635 475 1709 religionis
505 1637 697 1712 auctoritas,
729 1638 929 1714 faventibus,
960 1640 997 1696 ut
1020 1637 1059 1695 ad
1083 1637 1219 1695 externa
1241 1647 1336 1693 sacra

59 1740 151 1796 erant
181 1741 390 1813 procliviores
422 1752 552 1812 semper
582 1739 750 1813 mulieres,
783 1740 944 1799 matronis
972 1738 1079 1812 regiis.
1109 1736 1189 1811 Quid
1213 1735 1241 1794 si
1265 1735 1334 1808 ipse

59 1837 141 1914 Rex,
167 1842 222 1913 qui
245 1844 312 1903 iam
329 1841 420 1916 regni
445 1840 537 1899 initio
556 1855 598 1899 ex
618 1841 694 1900 aula
711 1842 898 1916 propulerat
917 1840 1120 1900 Demetrium
1140 1837 1334 1897 Phalereum
1398 1863 1400 1867 ·

59 1941 178 2001 artium
221 1943 453 2016 literarumque
496 1941 692 2001 Graecarum
735 1944 902 2017 egregium
937 1945 1124 2018 patronum,
1165 1938 1220 2013 qui
1255 1952 1334 1996 mox

59 2041 288 2105 Manethonem
336 2043 539 2105 sacerdotem
582 2045 781 2118 Aegyptium
827 2060 880 2105 res
925 2044 1053 2104 divinas
1099 2041 1334 2115 Aegyptiorum

59 2143 180 2204 Graeco
204 2161 355 2207 sermone
379 2159 540 2219 exponere
565 2144 718 2220 iusserat,
743 2146 797 2218 qui
821 2146 961 2205 honores
981 2146 1108 2205 divinos
1132 2141 1333 2217 Aegyptiace

58 2245 121 2304 ritu
147 2248 217 2306 tam
240 2248 302 2306 sibi
326 2262 424 2321 quarn
441 2245 545 2305 sorori
568 2246 725 2306 Arsinoae
749 2247 856 2320 magis
879 2246 1048 2320 magisque
1072 2245 1198 2305 oblatos
1222 2244 1335 2317 gratus

59 2346 250 2424 accipiebat,
281 2349 466 2424 ceteroquin
497 2348 595 2407 homo
625 2349 659 2407 in
690 2364 752 2421 quo
783 2349 886 2423 patris
913 2350 1060 2409 animum
1084 2348 1213 2407 virilem
1237 2360 1334 2405 nemo

58 2446 121 2504 nisi
153 2448 250 2508 aulici
281 2452 408 2524 poetae,
438 2449 624 2509 adulatione
654 2450 817 2510 occaecati
830 2442 867 2526 ²),
900 2450 1155 2524 conspicabatur,
1188 2448 1279 2523 quid,
1305 2447 1334 2506 si

58 2546 300 2624 Philadelphus,
326 2549 478 2624 quamvis
501 2549 719 2626 proscinduntur
743 2554 777 2611 et
798 2551 939 2625 Apollini
961 2566 1055 2611 carus
1073 2551 1142 2609 iure
1163 2549 1332 2624 diceretur,

59 2647 197 2709 Graecos
221 2651 298 2711 deos
322 2652 532 2727 Aegyptiacis
555 2654 750 2727 anteponere
774 2654 841 2712 iam
864 2653 1051 2713 desineret?

101 2751 264 2825 Antiquae
295 2754 448 2813 Graeciae
478 2753 613 2814 heredes
643 2755 698 2828 qui
729 2755 790 2814 sibi
822 2755 1023 2830 videbantur,
1056 2756 1169 2827 poetas
1196 2751 1266 2810 dico
1290 2766 1332 2809 ex

59 2867 185 2927 museo,
218 2856 335 2914 acriter
367 2856 456 2915 hisce
495 2860 592 2938 atque
631 2857 790 2916 eiusmodi
829 2855 1092 2915 innovationibus
1132 2853 1331 2912 restiterunt.

59 2939 170 3027 Itaque
201 2957 255 3029 qui
286 2957 381 3017 hodie
412 2957 633 3030 Aegyptiacae
663 2956 828 3031 religionis
852 2970 1061 3032 progressum
1085 2954 1169 3030 apud
1193 2952 1332 3012 Graecos

60 3056 243 3130 Aegyptum
266 3057 444 3119 incolentes
469 3058 637 3132 explorare
656 3058 771 3119 volunt
794 3058 991 3134 templorum
1011 3057 1128 3117 rudera
1146 3053 1331 3130 consulant,

59 3158 284 3232 inscriptiones
304 3162 374 3219 tam
398 3159 537 3219 Graecas
557 3175 655 3233 quam
676 3161 894 3234 Aegyptiacae
918 3159 1048 3232 adeant,
1070 3172 1210 3233 papyros
1233 3154 1331 3230 perle-

59 3260 136 3332 gant
155 3275 288 3320 necesse
308 3263 375 3334 est;
396 3263 429 3320 at
449 3263 563 3335 poetas
582 3262 821 3322 Alexandrinos
837 3263 876 3321 de
888 3263 949 3321 hac
961 3277 996 3321 re
1008 3263 1155 3320 tacentes
1167 3258 1332 3318 videbunt.

60 3357 216 3433 Quidquid
236 3361 416 3422 moliuntur
435 3377 595 3422 novarum
615 3378 724 3423 rerum
744 3363 882 3422 studiosi
901 3364 971 3423 sive
992 3361 1139 3422 historici
1158 3360 1333 3434 scriptores

60 3460 127 3520 sive
157 3464 347 3539 geographi,
379 3463 484 3538 poetis
517 3496 557 3506 -
589 3463 709 3523 saltem
741 3464 981 3538 antiquissimis
1010 3496 1050 3506 -
1081 3463 1204 3522 Graeca
1225 3460 1333 3521 solum

60 3562 195 3635 placent.
228 3564 323 3624 Valet
352 3565 413 3624 hoc
444 3564 482 3624 de
514 3566 615 3625 Arato
643 3567 739 3638 atque
770 3565 954 3642 Apollonio,
988 3568 1023 3625 at
1052 3565 1092 3624 de
1116 3561 1204 3622 nullo
1228 3561 1334 3635 magis

61 3807 74 3839 a
95 3795 202 3842 Graecis
225 3796 323 3843 cultum
345 3809 402 3843 esse
420 3797 522 3842 nomine
540 3797 617 3843 Panis
635 3798 749 3855 constat,
767 3797 801 3843 oi.
818 3796 958 3843 Puchatain
976 3794 1061 3857 Epiyr.
1081 3793 1162 3842 Graec.
1182 3795 1207 3841 in
1225 3793 1335 3857 Aegypto

60 3876 152 3934 reperta
178 3870 295 3937 (Dissert.
319 3877 423 3934 Argunt.
447 3872 492 3935 IV)
520 3889 545 3935 p.
571 3876 602 3921 49
628 3875 752 3933 Reginam
779 3880 865 3923 autam
891 3875 1015 3922 Arsinoen
1041 3873 1118 3921 Isidis
1141 3875 1243 3921 nomine
1266 3874 1333 3921 salu·

60 3954 137 4000 latam
155 3966 212 4000 esse
236 3967 251 3999 a
274 3954 329 4001 oive
353 3953 524 4001 Alexandrino
548 3953 659 4012 quodam
683 3955 764 4001 efficit
786 3955 917 4002 Straolriua
941 3968 971 4000 ax
987 3954 1061 4001 titulo
1079 3953 1250 4000 Alexandrino
1264 3953 1333 4000 Ἴσιδι

61 4030 186 4095 inparem
213 4032 388 4095 [Φιλαδίμφωι
417 4036 466 4080 eto.
493 4031 612 4094 Dynarlie
636 4031 679 4080 der
705 4033 841 4081 Ptolemder
865 4048 891 4095 p.
918 4035 966 4080 224
991 4029 1028 4080 11⁰.
1053 4034 1098 4090 80;
1124 4033 1221 4079 incerta
1247 4035 1335 4080 umen

61 4110 178 4171 suspicio.
202 4111 316 4160 Tandem
340 4111 391 4159 huo
417 4113 541 4173 pertinet,
564 4112 633 4171 qnod
656 4114 707 4159 iam
731 4112 902 4173 Philadelpho
926 4115 1063 4172 regnante,
1086 4112 1108 4158 ai
1131 4115 1202 4158 recte
1225 4113 1335 4159 coniecit

60 4188 185 4236 Lehonne
207 4187 306 4237 Remea'l
327 4204 351 4250 p.
377 4192 439 4248 iol,
462 4191 487 4236 in
512 4191 576 4237 urbe
599 4191 771 4252 Apolllnopoli
796 4205 889 4251 magna
912 4191 977 4239 dens
998 4204 1056 4238 vera
1074 4191 1247 4250 Aegyptiacus
1263 4192 1333 4238 invo-

62 4271 131 4314 catufl
157 4271 197 4315 est
223 4268 257 4315 ab
279 4268 382 4316 homine
406 4272 517 4317 Graeco:
544 4271 571 4318 G.
595 4271 615 4316 Ι.
640 4271 670 4319 G.
694 4273 759 4319 4886
788 4277 914 4328 litoraque
942 4274 1000 4319 enon
1025 4275 1135 4327 patricinae
1159 4273 1334 4329 Πτολιμαῖοςδ

61 4349 206 4409 ypapante&
224 4355 268 4393 rev
285 4349 409 4407 Aeropum.
421 4375 450 4383 -
461 4350 542 4395 Parva
558 4350 623 4396 haeo
633 4350 822 4398 dedicationum
832 4364 898 4409 quae
909 4350 941 4396 ad
951 4350 1122 4409 Aegyptiacos
1132 4349 1194 4396 deos
1203 4351 1335 4410 pertinent

62 4427 133 4486 copia
149 4429 190 4473 eat
206 4440 268 4486 prae
287 4427 445 4474 abundantia
463 4428 588 4475 seriorum
605 4432 760 4488 temporum.

94 4502 114 4566 ¹)
131 4506 279 4554 callixenus
295 4507 411 4554 Rhodlus
428 4507 459 4554 ir.
478 4510 492 4553 2
510 4509 604 4555 Miller
623 4506 648 4554 ll.
667 4509 698 4555 Η.
717 4508 747 4556 d.
766 4509 813 4556 111.
834 4509 865 4555 bd
881 4521 937 4568 sqq.

91 4579 111 4643 ²)
130 4585 193 4633 Oall.
210 4585 236 4632 in
254 4583 308 4633 Del.
328 4587 376 4634 1¹1⁰
396 4585 408 4633 δ
427 4586 450 4633 δ’
471 4588 555 4633 ιῖσεται
578 4588 638 4646 idac
655 4590 749 4651 πατρός.
