3104 5296
823 458 885 516 140
1225 455 1278 516 IV.
1306 455 1476 517 rar-129

257 639 355 717 Quasi
377 642 462 703 haud
494 644 656 717 ingratam
686 645 770 706 inter
792 648 842 709 tot
863 647 1046 722 tragoediae
1069 649 1261 708 ornamenta
1285 647 1477 707 memoriam

212 744 345 805 Homeri
378 745 445 806 fore
483 747 658 808 arbitratus
687 750 824 810 recurrit
852 751 893 812 ad
924 752 1013 827 spica
1045 748 1477 825 versu127.Quamquam,

211 846 240 905 si
270 846 309 906 ad
344 846 483 908 formam
514 850 743 912 vocabulorum
766 853 872 914 solam
894 854 1104 929 attendimus,
1128 852 1181 913 hic
1204 865 1331 925 quoquc
1356 850 1480 924 tragica

212 948 449 1025 deprendimus,
476 965 554 1011 nam
576 950 779 1029 βυσσόθεν
803 970 866 1016 non
892 955 1032 1017 Homero
1056 955 1112 1016 sed
1133 953 1280 1028 Sophocli
1300 952 1406 1027 debet,
1428 953 1480 1025 qui

211 1049 244 1108 in
274 1049 333 1110 tali
367 1052 530 1140 sententia
564 1053 691 1115 dixerat
727 1054 833 1132 Antip.
871 1058 934 1118 596
972 1056 1121 1134 ,rottvila
1155 1053 1308 1133 βυσσόθεν
1342 1050 1480 1113 κελαινὰν

211 1151 318 1212 θῖνα”.
338 1152 504 1230 Attamen,
524 1169 628 1228 neque
647 1156 679 1217 id
700 1157 831 1234 mirum,
851 1158 1006 1220 informat
1017 1174 1113 1219 suum
1131 1171 1317 1219 sermonem
1330 1155 1481 1215 Phthiota

211 1253 291 1314 deus
322 1253 363 1314 ad
393 1254 616 1331 Olympiorum
647 1258 780 1319 deorum
803 1260 977 1322 dictionem
1008 1261 1206 1320 homericam
1238 1260 1272 1318 et
1295 1257 1393 1333 probe
1418 1273 1479 1318 me·

212 1354 352 1416 minorat
374 1356 485 1431 opinor
507 1358 620 1419 Iovem
642 1359 749 1434 ipsum
773 1362 935 1434 quondam
958 1362 1064 1422 dicere
1091 1361 1138 1432 (Θ.
1165 1362 1217 1430 21)

435 1452 494 1518 ἀλλ’
519 1456 575 1519 οὐκ
598 1455 636 1517 ἂν
660 1456 826 1539 ἐρύσαιτ’
853 1459 890 1535 ἐξ
914 1460 1143 1541 οὐρανόθεν
1165 1459 1302 1521 πεδίονδε

436 1554 505 1638 Ζῆν’
531 1559 647 1621 θντατον
671 1557 808 1642 μήστωρ’,
830 1557 895 1624 οὐδ’
921 1562 946 1622 εἰ
968 1562 1046 1641 μάλα
1069 1560 1162 1624 πολλὰ
1184 1561 1312 1640 κάμοιτε.

211 1658 301 1719 Sicut
326 1675 401 1721 vero
424 1661 512 1723 Iovis
534 1662 651 1724 domus
675 1662 804 1743 οὐρανὸς
829 1666 889 1741 est,
915 1665 962 1726 ita
987 1665 1085 1726 Penei
1108 1663 1228 1743 βασσός.

256 1761 358 1835 Magis
388 1764 499 1824 autem
530 1780 629 1839 quam
660 1766 874 1828 Schneiderus
897 1767 1060 1841 concedat,
1088 1767 1121 1826 in
1152 1766 1363 1839 sequentibus
1386 1766 1481 1840 tragi-

212 1878 287 1923 cum
322 1879 506 1926 sermonem
541 1866 732 1928 observasse
766 1868 847 1928 mihi
883 1868 1011 1929 videtur
1045 1869 1149 1943 poeta.
1188 1867 1272 1928 Nam
1307 1870 1482 1941 postquam

211 1964 365 2039 Aeschyli
384 1966 462 2027 illud
485 1966 533 2043 ,τί
552 1967 654 2045 πάθω,
676 1969 704 2028 τί
726 1965 758 2028 δὲ
778 1968 848 2047 δρῶ,
867 1969 895 2028 τί
913 1965 945 2028 δὲ
965 1968 1124 2047 μήσωμαι”
1146 1967 1237 2044 (Sept.
1261 1970 1357 2038 1057)
1372 1984 1478 2030 semu·

211 2066 298 2126 letus
333 2067 532 2129 exclamavit
565 2070 619 2145 ,ri
648 2069 840 2148 μήσομαις
870 2062 890 2148 ἦ
918 2067 1085 2131 ἀπολέσθαι
1108 2065 1167 2147 ἡδύ
1191 2092 1217 2129 τι
1240 2091 1284 2130 τοι
1309 2070 1483 2147 Πηνειόν”;

212 2168 272 2228 hoc
301 2169 421 2230 fluvius
451 2173 489 2242 (si
520 2174 606 2233 recte
637 2188 713 2233 cum
747 2173 908 2247 plerisque
942 2173 1118 2233 editoribus
1149 2172 1362 2233 Schneiderus
1388 2173 1482 2234 inter·

213 2270 339 2344 punxit)
362 2271 424 2332 ait:
452 2271 536 2348 ,iro
564 2272 826 2354 πεπραμένον
848 2265 980 2352 ἦμαρ”,
1002 2275 1084 2348 quod
1108 2276 1155 2335 ita
1178 2275 1276 2335 vertit
1299 2276 1349 2335 vir
1368 2276 1484 2336 doctus

216 2377 294 2450 ,esto
320 2375 421 2436 νοονίοσ
446 2371 556 2451 saulis
585 2377 680 2438 dies'‘.
712 2377 846 2438 Frustra
872 2378 943 2437 tam
965 2377 1049 2452 apud
1073 2377 1251 2437 Homerum
1275 2393 1373 2449 quarn
1398 2379 1483 2452 apud

214 2476 355 2549 tragicos
385 2478 535 2553 exempla
565 2494 683 2552 quaero
714 2479 832 2552 quibus
854 2479 1038 2540 stabiliatur
1060 2479 1115 2538 illa
1138 2479 1360 2552 interpretatio
1384 2479 1483 2555 impe·

214 2578 311 2638 rativi
341 2577 391 2637 ἴτω
422 2580 492 2640 sine
514 2580 666 2641 adverbio
688 2580 786 2655 positi
813 2574 843 2650 ¹).
876 2581 1008 2641 Rectius
1032 2580 1210 2642 lisinelrius
1233 2579 1283 2638 ἴια
1307 2595 1327 2640 ο
1350 2582 1484 2654 sequen·

213 2680 301 2740 tibus
331 2682 503 2755 separavit.
522 2682 605 2742 Nam
629 2683 807 2743 secundum
831 2684 1035 2743 constantem
1060 2683 1243 2756 tragoediae
1266 2696 1364 2741 usum
1392 2681 1482 2758 „iro”

213 2781 412 2843 exclamavit
430 2784 566 2860 Peneus,
591 2801 674 2859 ,quo
692 2785 836 2858 λοοσονισι·
850 2785 978 2860 sormu''
1000 2787 1088 2854 (sunt
1101 2785 1197 2844 verba
1209 2783 1343 2843 Elmslei
1356 2784 1396 2844 ad
1410 2785 1482 2845 Eur.

214 2883 293 2944 Med.
319 2886 392 2954 797)
419 2888 570 2960 ,utuntur
594 2887 649 2960 qui
675 2886 956 2947 consuetissimo
978 2886 1057 2946 mali
1079 2886 1155 2959 quid
1177 2886 1307 2945 tolerare
1328 2889 1385 2945 out
1402 2887 1482 2961 peri·

214 2986 320 3045 culum
349 2986 453 3046 subire
475 2987 702 3049 decocunt?

258 3086 345 3162 Quae
364 3090 544 3161 sequuntur
563 3089 671 3164 verba,
692 3089 724 3149 in
744 3089 785 3150 iis
804 3088 944 3164 profecto
957 3089 1122 3162 aliquanto
1134 3089 1270 3149 ulterius
1283 3091 1483 3164 progreditur

214 3202 312 3260 quam
343 3187 515 3264 Homerus,
547 3191 582 3249 at
612 3192 724 3251 tamen
756 3191 826 3252 eius
857 3190 1044 3265 exemplum
1068 3191 1223 3263 sequitur.
1248 3190 1293 3250 Ut
1316 3193 1406 3251 enirn
1430 3192 1482 3252 ille

213 3289 415 3366 saepissime,
450 3290 599 3362 quotiens
633 3290 778 3372 μόρσιμον
812 3283 891 3372 ἦμαρ
923 3307 987 3353 non
1017 3293 1100 3353 diem
1130 3291 1263 3353 letalem
1296 3293 1354 3352 sed
1377 3294 1481 3368 ipsam

213 3395 321 3470 μοῖραν
343 3392 464 3453 indicat
486 3392 536 3463 (cf.
561 3392 692 3471 δούλιον,
721 3392 825 3471 κακὸν,
847 3391 1011 3473 ἀναγκαῖον
1034 3385 1135 3472 ἦμαρ),
1154 3394 1212 3455 illa
1231 3396 1388 3456 vocabula
1407 3411 1480 3456 eum

214 3493 321 3554 verbis
350 3490 450 3572 ρἑιειν
480 3492 643 3572 ἐιιαμύνειν
669 3497 853 3571 talibusque
884 3497 1058 3573 coniungit,
1083 3497 1130 3557 ita
1157 3511 1215 3558 suo
1240 3498 1309 3556 lure
1334 3494 1479 3557 Callima·

214 3595 294 3657 chus
325 3611 399 3657 eum
430 3597 461 3658 id
485 3599 568 3671 quod
596 3596 646 3671 „rb
677 3596 822 3675 μόρσιμον
846 3595 958 3657 Διόθεν
982 3594 1196 3675 πεπρωμένον”
1221 3598 1349 3659 dixerat
1372 3598 1480 3659 Pinda-

213 3713 279 3773 rus,
311 3698 475 3760 homerica
498 3701 621 3761 ratione
645 3699 806 3774 significat
830 3700 937 3761 verbis
960 3697 1154 3778 πεπραμένον
1174 3690 1263 3777 ἦμαρ,
1286 3714 1362 3759 cum
1386 3701 1481 3761 verbo

214 3798 355 3876 τλήσομαι
389 3816 427 3862 ea
462 3801 618 3863 vocabula
651 3802 828 3878 coniunxit,
864 3804 901 3862 ut
935 3803 995 3863 hoc
1026 3802 1190 3862 exclamet
1220 3802 1347 3862 Peneus
1382 3802 1481 3876 ,Esto

210 3902 325 3978 serum,
356 3903 509 3978 quideme
535 3905 641 3980 fotum
670 3905 887 3966 σοαοσθιιονίσζ
921 3904 1002 3965 llam
1033 3904 1121 3964 enim
1151 3903 1247 3963 huius
1272 3918 1387 3964 versus
1411 3918 1482 3963 esse

215 4005 422 4081 sententiam,
465 4005 564 4066 verba
608 4002 676 4081 ,nei
717 4004 752 4065 εἰ
773 4002 978 4084 persaepe*
1025 4005 1204 4067 luculenter
1246 4005 1481 4080 demonstrant,

214 4121 296 4181 quae
315 4107 372 4166 vix
394 4107 622 4181 intellegentur
644 4106 707 4169 nisi
727 4108 922 4169 concitatam
946 4109 980 4168 et
1002 4108 1172 4182 abruptam
1193 4106 1290 4166 Penei
1302 4107 1482 4168 orationem

213 4209 299 4269 hunc
317 4208 350 4268 in
370 4209 504 4270 medum
523 4210 674 4285 suppleas
701 4206 912 4287 Ι,ιτεντρονμένον
935 4200 1014 4288 ἦμαρ
1037 4207 1189 4286 τλήσομαι,
1214 4205 1320 4280 (καὶ
1343 4208 1483 4287 τλαίην

248 4401 269 4466 ¹)
284 4403 367 4452 Errndr'
383 4406 460 4463 enirn,
478 4420 528 4453 non
542 4407 731 4455 veniendi'vim
748 4408 812 4455 haec
827 4407 972 4468 imperativi
988 4407 1070 4454 forma
1083 4406 1152 4467 apud
1161 4406 1272 4464 tragicos
1282 4405 1399 4452 obtinere
1409 4405 1484 4464 nolet,

212 4485 292 4532 veluti
309 4486 386 4545 soph.
405 4483 460 4533 Oed.
488 4484 543 4548 Pyr.
568 4488 632 4534 rlee
647 4488 694 4534 ἀλλ’
720 4489 792 4547 ἡμίν
812 4491 874 4547 ἡμῶν
891 4488 960 4551 μοῖρ’,
979 4488 1032 4534 ὅσοι
1050 4502 1093 4551 ιτιρ
1119 4481 1168 4540 εἶτ’,
1192 4487 1233 4531 ἴτω
1250 4484 1277 4542 (i.
1296 4498 1318 4531 e.
1335 4483 1432 4545 madet,
1450 4485 1483 4532 ci.

212 4564 277 4611 Plat.
303 4562 376 4626 Apol.
404 4578 429 4625 p.
459 4566 488 4612 19
512 4567 539 4612 Δ.
557 4567 618 4624 ὅμως
640 4573 709 4613 τοῦτο
737 4568 779 4625 μίν
800 4569 841 4613 lm
864 4568 910 4629 θιτῃ
932 4575 964 4629 τῷ
988 4572 1038 4629 θεῷ
1055 4561 1141 4629 φίλαν).
1159 4564 1231 4611 Idem
1256 4563 1326 4609 valet
1343 4563 1376 4610 de
1397 4564 1484 4611 verbis

213 4645 269 4701 ,ἵνα
287 4640 391 4703 κλάγγο”
409 4643 487 4704 Soph.
512 4642 595 4691 Trach.
614 4646 670 4692 208.
