<?xml version="1.0" encoding="UTF-8"?>
<!DOCTYPE html PUBLIC "-//W3C//DTD XHTML 1.0 Transitional//EN"
    "http://www.w3.org/TR/xhtml1/DTD/xhtml1-transitional.dtd">
<html xmlns="http://www.w3.org/1999/xhtml" xml:lang="en" lang="en">
 <head>
  <title>
</title>
<meta http-equiv="Content-Type" content="text/html;charset=utf-8" />
  <meta name='ocr-system' content='tesseract 3.04.00' />
  <meta name='ocr-capabilities' content='ocr_page ocr_carea ocr_par ocr_line ocrx_word'/>
</head>
<body>
  <div class='ocr_page' id='page_1' title='image "./studiacallimach01kuipgoog_0328.png"; bbox 0 0 3068 5288; ppageno 0'>
   <div class='ocr_carea' id='block_1_1' title="bbox 679 459 719 521">
    <p class='ocr_par' dir='ltr' id='par_1_1' title="bbox 679 459 719 521">
     <span class='ocr_line' id='line_1_1' title="bbox 679 459 719 521; baseline 0.05 -2"><span class='ocrx_word' id='word_1_1' title='bbox 679 459 719 521; x_wconf 80' lang='lat'>67</span> 
     </span>
    </p>
   </div>
   <div class='ocr_carea' id='block_1_2' title="bbox 52 646 1343 3568">
    <p class='ocr_par' dir='ltr' id='par_1_2' title="bbox 52 646 1343 3568">
     <span class='ocr_line' id='line_1_2' title="bbox 52 646 1342 724; baseline 0 -16"><span class='ocrx_word' id='word_1_2' title='bbox 52 664 141 709; x_wconf 87' lang='lat' dir='ltr'>men</span> <span class='ocrx_word' id='word_1_3' title='bbox 160 664 220 724; x_wconf 89' lang='lat' dir='ltr'>pro</span> <span class='ocrx_word' id='word_1_4' title='bbox 239 648 307 723; x_wconf 88' lang='lat' dir='ltr'>sole</span> <span class='ocrx_word' id='word_1_5' title='bbox 327 649 390 710; x_wconf 91' lang='lat' dir='ltr'>dici</span> <span class='ocrx_word' id='word_1_6' title='bbox 406 662 502 723; x_wconf 88' lang='lat' dir='ltr'>posse</span> <span class='ocrx_word' id='word_1_7' title='bbox 520 647 550 708; x_wconf 88' lang='lat' dir='ltr'>ei</span> <span class='ocrx_word' id='word_1_8' title='bbox 562 647 698 723; x_wconf 87' lang='lat' dir='ltr'>videtur,</span> <span class='ocrx_word' id='word_1_9' title='bbox 712 649 829 709; x_wconf 90' lang='lat' dir='ltr'>utiam</span> <span class='ocrx_word' id='word_1_10' title='bbox 841 646 990 707; x_wconf 87' lang='lat' dir='ltr'>Phoebus</span> <span class='ocrx_word' id='word_1_11' title='bbox 1002 662 1087 708; x_wconf 91' lang='lat' dir='ltr'>unns</span> <span class='ocrx_word' id='word_1_12' title='bbox 1099 647 1249 721; x_wconf 80' lang='lat' dir='ltr'><strong>idemque</strong></span> <span class='ocrx_word' id='word_1_13' title='bbox 1262 647 1342 708; x_wconf 89' lang='lat' dir='ltr'>deus</span> 
     </span>
     <span class='ocr_line' id='line_1_3' title="bbox 55 747 1343 826; baseline 0 -16"><span class='ocrx_word' id='word_1_14' title='bbox 55 766 140 811; x_wconf 91' lang='lat' dir='ltr'>cum</span> <span class='ocrx_word' id='word_1_15' title='bbox 164 749 258 810; x_wconf 90' lang='lat' dir='ltr'>Helio</span> <span class='ocrx_word' id='word_1_16' title='bbox 282 750 451 826; x_wconf 80' lang='lat' dir='ltr'><strong>habeatur,</strong></span> <span class='ocrx_word' id='word_1_17' title='bbox 475 751 509 809; x_wconf 90' lang='lat' dir='ltr'>et</span> <span class='ocrx_word' id='word_1_18' title='bbox 530 748 725 825; x_wconf 90' lang='lat' dir='ltr'>praesertim</span> <span class='ocrx_word' id='word_1_19' title='bbox 748 749 878 824; x_wconf 82' lang='lat' dir='ltr'>placent</span> <span class='ocrx_word' id='word_1_20' title='bbox 897 747 1096 809; x_wconf 81' lang='lat' dir='ltr'>Callimacho</span> <span class='ocrx_word' id='word_1_21' title='bbox 1117 748 1192 808; x_wconf 91' lang='lat' dir='ltr'>illae</span> <span class='ocrx_word' id='word_1_22' title='bbox 1212 763 1343 824; x_wconf 85' lang='lat' dir='ltr'>semper</span> 
     </span>
     <span class='ocr_line' id='line_1_4' title="bbox 56 849 1342 927; baseline 0 -16"><span class='ocrx_word' id='word_1_23' title='bbox 56 852 237 912; x_wconf 87' lang='lat' dir='ltr'><strong>nominum</strong></span> <span class='ocrx_word' id='word_1_24' title='bbox 256 850 556 927; x_wconf 88' lang='lat' dir='ltr'>interpretationes,</span> <span class='ocrx_word' id='word_1_25' title='bbox 578 865 661 925; x_wconf 86' lang='lat' dir='ltr'>quae</span> <span class='ocrx_word' id='word_1_26' title='bbox 681 849 722 911; x_wconf 90' lang='lat' dir='ltr'>ad</span> <span class='ocrx_word' id='word_1_27' title='bbox 742 854 866 911; x_wconf 91' lang='lat' dir='ltr'>certum</span> <span class='ocrx_word' id='word_1_28' title='bbox 887 851 1050 924; x_wconf 90' lang='lat' dir='ltr'>quendam</span> <span class='ocrx_word' id='word_1_29' title='bbox 1070 849 1177 910; x_wconf 89' lang='lat' dir='ltr'>locum</span> <span class='ocrx_word' id='word_1_30' title='bbox 1194 850 1342 925; x_wconf 87' lang='lat' dir='ltr'>singulos</span> 
     </span>
     <span class='ocr_line' id='line_1_5' title="bbox 59 951 1342 1028; baseline -0.002 -14"><span class='ocrx_word' id='word_1_31' title='bbox 59 955 144 1014; x_wconf 91' lang='lat' dir='ltr'>deos</span> <span class='ocrx_word' id='word_1_32' title='bbox 175 968 214 1014; x_wconf 91' lang='lat' dir='ltr'>ac</span> <span class='ocrx_word' id='word_1_33' title='bbox 241 953 349 1014; x_wconf 90' lang='lat' dir='ltr'>cultus</span> <span class='ocrx_word' id='word_1_34' title='bbox 372 953 527 1028; x_wconf 86' lang='lat' dir='ltr'>adligant.</span> <span class='ocrx_word' id='word_1_35' title='bbox 550 951 699 1013; x_wconf 85' lang='lat' dir='ltr'>Alteram</span> <span class='ocrx_word' id='word_1_36' title='bbox 723 966 849 1027; x_wconf 91' lang='lat' dir='ltr'>quoque</span> <span class='ocrx_word' id='word_1_37' title='bbox 872 951 1174 1026; x_wconf 78' lang='lat' dir='ltr'>interpretationem</span> <span class='ocrx_word' id='word_1_38' title='bbox 1197 951 1227 1011; x_wconf 89' lang='lat' dir='ltr'>si</span> <span class='ocrx_word' id='word_1_39' title='bbox 1250 952 1342 1012; x_wconf 89' lang='lat' dir='ltr'>novit</span> 
     </span>
     <span class='ocr_line' id='line_1_6' title="bbox 59 1052 1342 1130; baseline -0.002 -15"><span class='ocrx_word' id='word_1_40' title='bbox 59 1055 160 1130; x_wconf 93' lang='lat' dir='ltr'>(quod</span> <span class='ocrx_word' id='word_1_41' title='bbox 183 1055 243 1115; x_wconf 84' lang='lat' dir='ltr'>vix</span> <span class='ocrx_word' id='word_1_42' title='bbox 264 1055 386 1126; x_wconf 87' lang='lat' dir='ltr'>dubito)</span> <span class='ocrx_word' id='word_1_43' title='bbox 409 1053 531 1114; x_wconf 90' lang='lat' dir='ltr'>tacitus</span> <span class='ocrx_word' id='word_1_44' title='bbox 555 1052 798 1129; x_wconf 87' lang='lat' dir='ltr'>condemnavit,</span> <span class='ocrx_word' id='word_1_45' title='bbox 822 1052 909 1113; x_wconf 90' lang='lat' dir='ltr'>sicut</span> <span class='ocrx_word' id='word_1_46' title='bbox 927 1053 989 1113; x_wconf 86' lang='lat' dir='ltr'>iter</span> <span class='ocrx_word' id='word_1_47' title='bbox 1008 1053 1152 1113; x_wconf 87' lang='lat' dir='ltr'>Latonae</span> <span class='ocrx_word' id='word_1_48' title='bbox 1164 1052 1342 1114; x_wconf 89' lang='lat' dir='ltr'>laborantis</span> 
     </span>
     <span class='ocr_line' id='line_1_7' title="bbox 60 1154 1342 1231; baseline 0 -14"><span class='ocrx_word' id='word_1_49' title='bbox 60 1171 102 1217; x_wconf 87' lang='lat' dir='ltr'>ea</span> <span class='ocrx_word' id='word_1_50' title='bbox 126 1156 326 1217; x_wconf 90' lang='lat' dir='ltr'>abundantia</span> <span class='ocrx_word' id='word_1_51' title='bbox 353 1170 509 1217; x_wconf 87' lang='lat' dir='ltr'>enarrans</span> <span class='ocrx_word' id='word_1_52' title='bbox 531 1169 614 1228; x_wconf 89' lang='lat' dir='ltr'>quae</span> <span class='ocrx_word' id='word_1_53' title='bbox 637 1155 696 1215; x_wconf 84' lang='lat' dir='ltr'>vix</span> <span class='ocrx_word' id='word_1_54' title='bbox 718 1156 898 1231; x_wconf 89' lang='lat' dir='ltr'>superetur,</span> <span class='ocrx_word' id='word_1_55' title='bbox 925 1154 1025 1215; x_wconf 88' lang='lat' dir='ltr'>verbo</span> <span class='ocrx_word' id='word_1_56' title='bbox 1048 1156 1161 1215; x_wconf 89' lang='lat' dir='ltr'>tamen</span> <span class='ocrx_word' id='word_1_57' title='bbox 1184 1170 1249 1216; x_wconf 92' lang='lat' dir='ltr'>non</span> <span class='ocrx_word' id='word_1_58' title='bbox 1272 1158 1342 1217; x_wconf 92' lang='lat' dir='ltr'>tan·</span> 
     </span>
     <span class='ocr_line' id='line_1_8' title="bbox 60 1253 1343 1336; baseline 0 -19"><span class='ocrx_word' id='word_1_59' title='bbox 60 1258 112 1332; x_wconf 89' lang='lat' dir='ltr'>git</span> <span class='ocrx_word' id='word_1_60' title='bbox 137 1272 176 1317; x_wconf 87' lang='lat' dir='ltr'>ea</span> <span class='ocrx_word' id='word_1_61' title='bbox 195 1273 277 1331; x_wconf 91' lang='lat' dir='ltr'>quae</span> <span class='ocrx_word' id='word_1_62' title='bbox 301 1257 495 1318; x_wconf 83' lang='lat' dir='ltr'>Aristoteles</span> <span class='ocrx_word' id='word_1_63' title='bbox 513 1258 677 1317; x_wconf 88' lang='lat' dir='ltr'>memorat</span> <span class='ocrx_word' id='word_1_64' title='bbox 698 1255 779 1316; x_wconf 76' lang='lat' dir='ltr'>Hist.</span> <span class='ocrx_word' id='word_1_65' title='bbox 804 1257 913 1317; x_wconf 78' lang='lat' dir='ltr'>Antra.</span> <span class='ocrx_word' id='word_1_66' title='bbox 937 1256 991 1317; x_wconf 88' lang='lat' dir='ltr'>VI.</span> <span class='ocrx_word' id='word_1_67' title='bbox 1004 1257 1063 1317; x_wconf 81' lang='lat'>35:</span> <span class='ocrx_word' id='word_1_68' title='bbox 1090 1253 1221 1336; x_wconf 66' lang='grc' dir='ltr'>,λέγεται</span> <span class='ocrx_word' id='word_1_69' title='bbox 1244 1254 1278 1318; x_wconf 78' lang='grc' dir='ltr'>δι’</span> <span class='ocrx_word' id='word_1_70' title='bbox 1299 1279 1343 1330; x_wconf 80' lang='grc' dir='ltr'>τις</span> 
     </span>
     <span class='ocr_line' id='line_1_9' title="bbox 60 1355 1342 1439; baseline 0 -21"><span class='ocrx_word' id='word_1_71' title='bbox 60 1356 132 1438; x_wconf 68' lang='grc' dir='ltr'>περὶ</span> <span class='ocrx_word' id='word_1_72' title='bbox 162 1366 216 1419; x_wconf 81' lang='grc' dir='ltr'>τοῦ</span> <span class='ocrx_word' id='word_1_73' title='bbox 247 1358 337 1420; x_wconf 82' lang='grc' dir='ltr'><strong><em>τόκον</em></strong></span> <span class='ocrx_word' id='word_1_74' title='bbox 361 1359 524 1435; x_wconf 83' lang='lat' dir='ltr'>(luporum</span> <span class='ocrx_word' id='word_1_75' title='bbox 546 1358 747 1434; x_wconf 76' lang='lat' dir='ltr'>intellegitur</span> <span class='ocrx_word' id='word_1_76' title='bbox 769 1361 894 1434; x_wconf 78' lang='lat' dir='ltr'>partus)</span> <span class='ocrx_word' id='word_1_77' title='bbox 917 1356 1004 1438; x_wconf 77' lang='grc' dir='ltr'><strong><em>λόγος</em></strong></span> <span class='ocrx_word' id='word_1_78' title='bbox 1026 1355 1102 1439; x_wconf 79' lang='grc' dir='ltr'><strong><em>πρὸς</em></strong></span> <span class='ocrx_word' id='word_1_79' title='bbox 1125 1363 1228 1437; x_wconf 78' lang='grc' dir='ltr'><strong><em>μῦθον</em></strong></span> <span class='ocrx_word' id='word_1_80' title='bbox 1250 1358 1342 1419; x_wconf 85' lang='grc' dir='ltr'><strong><em>συνύ-</em></strong></span> 
     </span>
     <span class='ocr_line' id='line_1_10' title="bbox 60 1453 1341 1541; baseline 0.001 -20"><span class='ocrx_word' id='word_1_81' title='bbox 60 1477 156 1521; x_wconf 75' lang='lat' dir='ltr'>mnu·</span> <span class='ocrx_word' id='word_1_82' title='bbox 190 1458 266 1538; x_wconf 71' lang='lat' dir='ltr'>paci</span> <span class='ocrx_word' id='word_1_83' title='bbox 298 1458 355 1541; x_wconf 78' lang='grc' dir='ltr'>μὰρ</span> <span class='ocrx_word' id='word_1_84' title='bbox 389 1459 503 1532; x_wconf 79' lang='grc' dir='ltr'><em>πάντας</em></span> <span class='ocrx_word' id='word_1_85' title='bbox 536 1458 607 1533; x_wconf 80' lang='grc' dir='ltr'><strong><em>τοὺς</em></strong></span> <span class='ocrx_word' id='word_1_86' title='bbox 638 1460 748 1533; x_wconf 76' lang='grc' dir='ltr'><strong><em>λύκους</em></strong></span> <span class='ocrx_word' id='word_1_87' title='bbox 780 1457 813 1520; x_wconf 78' lang='grc' dir='ltr'>ἐν</span> <span class='ocrx_word' id='word_1_88' title='bbox 844 1453 944 1539; x_wconf 82' lang='grc' dir='ltr'><em>δώδεχ’</em></span> <span class='ocrx_word' id='word_1_89' title='bbox 977 1455 1101 1540; x_wconf 75' lang='grc' dir='ltr'><strong><em>ἡμέραις</em></strong></span> <span class='ocrx_word' id='word_1_90' title='bbox 1124 1468 1177 1520; x_wconf 82' lang='grc' dir='ltr'>τοῦ</span> <span class='ocrx_word' id='word_1_91' title='bbox 1202 1456 1341 1522; x_wconf 75' lang='grc' dir='ltr'>ἐνιαυτοῦ</span> 
     </span>
     <span class='ocr_line' id='line_1_11' title="bbox 60 1557 1342 1647; baseline 0.002 -25"><span class='ocrx_word' id='word_1_92' title='bbox 60 1561 180 1622; x_wconf 74' lang='grc' dir='ltr'><strong><em>τίκτειν·</em></strong></span> <span class='ocrx_word' id='word_1_93' title='bbox 202 1561 313 1623; x_wconf 81' lang='grc' dir='ltr'><strong><em>τούτου</em></strong></span> <span class='ocrx_word' id='word_1_94' title='bbox 334 1557 368 1622; x_wconf 66' lang='grc' dir='ltr'>δὲ</span> <span class='ocrx_word' id='word_1_95' title='bbox 389 1559 444 1641; x_wconf 77' lang='grc' dir='ltr'>τὴν</span> <span class='ocrx_word' id='word_1_96' title='bbox 467 1561 565 1622; x_wconf 73' lang='grc' dir='ltr'><strong><em>αἰτίαν</em></strong></span> <span class='ocrx_word' id='word_1_97' title='bbox 588 1558 621 1622; x_wconf 75' lang='grc' dir='ltr'>ἐν</span> <span class='ocrx_word' id='word_1_98' title='bbox 644 1561 734 1647; x_wconf 73' lang='grc' dir='ltr'><strong><em>μύθῳ</em></strong></span> <span class='ocrx_word' id='word_1_99' title='bbox 758 1558 906 1642; x_wconf 76' lang='grc' dir='ltr'><strong><em>λέγουσιν,</em></strong></span> <span class='ocrx_word' id='word_1_100' title='bbox 928 1559 972 1622; x_wconf 80' lang='grc' dir='ltr'>ὅτι</span> <span class='ocrx_word' id='word_1_101' title='bbox 991 1559 1024 1621; x_wconf 79' lang='grc' dir='ltr'>ἐν</span> <span class='ocrx_word' id='word_1_102' title='bbox 1042 1561 1200 1635; x_wconf 78' lang='grc' dir='ltr'><strong><em>τοσαύταις</em></strong></span> <span class='ocrx_word' id='word_1_103' title='bbox 1218 1557 1342 1645; x_wconf 74' lang='grc' dir='ltr'><strong><em>ἡμέραις</em></strong></span> 
     </span>
     <span class='ocr_line' id='line_1_12' title="bbox 59 1657 1342 1745; baseline 0.002 -22"><span class='ocrx_word' id='word_1_104' title='bbox 59 1661 119 1740; x_wconf 76' lang='grc' dir='ltr'>τὴν</span> <span class='ocrx_word' id='word_1_105' title='bbox 149 1660 243 1741; x_wconf 74' lang='grc' dir='ltr'>Λητὼ</span> <span class='ocrx_word' id='word_1_106' title='bbox 271 1662 476 1742; x_wconf 78' lang='grc' dir='ltr'><strong><em>παρεκόμισαν</em></strong></span> <span class='ocrx_word' id='word_1_107' title='bbox 508 1659 538 1737; x_wconf 77' lang='grc' dir='ltr'>ἐξ</span> <span class='ocrx_word' id='word_1_108' title='bbox 563 1657 767 1743; x_wconf 66' lang='grc' dir='ltr'><strong><em>Ὑπερβορέων</em></strong></span> <span class='ocrx_word' id='word_1_109' title='bbox 791 1662 833 1735; x_wconf 80' lang='grc' dir='ltr'>εἰς</span> <span class='ocrx_word' id='word_1_110' title='bbox 856 1666 958 1741; x_wconf 79' lang='grc' dir='ltr'><strong><em>Δῆλον</em></strong></span> <span class='ocrx_word' id='word_1_111' title='bbox 981 1662 1129 1723; x_wconf 83' lang='grc' dir='ltr'><strong><em>λύκαιναν</em></strong></span> <span class='ocrx_word' id='word_1_112' title='bbox 1152 1662 1342 1745; x_wconf 74' lang='grc' dir='ltr'><strong><em>φαινομένην</em></strong></span> 
     </span>
     <span class='ocr_line' id='line_1_13' title="bbox 60 1761 1341 1845; baseline 0.002 -20"><span class='ocrx_word' id='word_1_113' title='bbox 60 1762 115 1825; x_wconf 74' lang='grc' dir='ltr'>διὰ</span> <span class='ocrx_word' id='word_1_114' title='bbox 138 1762 191 1825; x_wconf 77' lang='grc' dir='ltr'>τὸν</span> <span class='ocrx_word' id='word_1_115' title='bbox 213 1773 265 1843; x_wconf 79' lang='grc' dir='ltr'>τῆς</span> <span class='ocrx_word' id='word_1_116' title='bbox 285 1761 383 1845; x_wconf 80' lang='grc' dir='ltr'><strong><em>Ἥρας</em></strong></span> <span class='ocrx_word' id='word_1_117' title='bbox 406 1763 536 1843; x_wconf 83' lang='grc' dir='ltr'><strong><em>φόβον.”</em></strong></span> <span class='ocrx_word' id='word_1_118' title='bbox 560 1765 718 1826; x_wconf 86' lang='lat' dir='ltr'>Restabat</span> <span class='ocrx_word' id='word_1_119' title='bbox 742 1764 916 1840; x_wconf 79' lang='lat' dir='ltr'>explicatio</span> <span class='ocrx_word' id='word_1_120' title='bbox 940 1779 1022 1839; x_wconf 88' lang='lat' dir='ltr'>quae</span> <span class='ocrx_word' id='word_1_121' title='bbox 1046 1779 1066 1824; x_wconf 86' lang='lat' dir='ltr'>a</span> <span class='ocrx_word' id='word_1_122' title='bbox 1089 1765 1219 1839; x_wconf 78' lang='lat' dir='ltr'>regione</span> <span class='ocrx_word' id='word_1_123' title='bbox 1242 1767 1341 1841; x_wconf 85' lang='lat' dir='ltr'>Lycia</span> 
     </span>
     <span class='ocr_line' id='line_1_14' title="bbox 59 1865 1341 1944; baseline 0.003 -17"><span class='ocrx_word' id='word_1_124' title='bbox 59 1882 186 1927; x_wconf 89' lang='lat' dir='ltr'>nomen</span> <span class='ocrx_word' id='word_1_125' title='bbox 208 1866 385 1927; x_wconf 85' lang='lat' dir='ltr'>derivabat.</span> <span class='ocrx_word' id='word_1_126' title='bbox 410 1865 451 1926; x_wconf 81' lang='lat' dir='ltr'>Et</span> <span class='ocrx_word' id='word_1_127' title='bbox 469 1866 554 1939; x_wconf 92' lang='lat' dir='ltr'>quod</span> <span class='ocrx_word' id='word_1_128' title='bbox 577 1866 755 1926; x_wconf 82' lang='lat' dir='ltr'>scholiasta</span> <span class='ocrx_word' id='word_1_129' title='bbox 775 1866 815 1926; x_wconf 93' lang='lat' dir='ltr'>ad</span> <span class='ocrx_word' id='word_1_130' title='bbox 834 1865 971 1926; x_wconf 89' lang='lat' dir='ltr'>Iliadem</span> <span class='ocrx_word' id='word_1_131' title='bbox 991 1867 1132 1943; x_wconf 84' lang='lat' dir='ltr'>notavit,</span> <span class='ocrx_word' id='word_1_132' title='bbox 1153 1868 1187 1928; x_wconf 92' lang='lat' dir='ltr'>in</span> <span class='ocrx_word' id='word_1_133' title='bbox 1207 1869 1341 1944; x_wconf 87' lang='lat' dir='ltr'>Lyciam</span> 
     </span>
     <span class='ocr_line' id='line_1_15' title="bbox 59 1967 1342 2049; baseline 0.004 -20"><span class='ocrx_word' id='word_1_134' title='bbox 59 1968 244 2044; x_wconf 88' lang='lat' dir='ltr'>profectam</span> <span class='ocrx_word' id='word_1_135' title='bbox 286 1982 359 2029; x_wconf 84' lang='lat' dir='ltr'>esse</span> <span class='ocrx_word' id='word_1_136' title='bbox 397 1969 558 2049; x_wconf 86' lang='lat' dir='ltr'>Latonam</span> <span class='ocrx_word' id='word_1_137' title='bbox 593 1982 667 2028; x_wconf 89' lang='lat' dir='ltr'>cnm</span> <span class='ocrx_word' id='word_1_138' title='bbox 703 1967 849 2043; x_wconf 90' lang='lat' dir='ltr'>paritura</span> <span class='ocrx_word' id='word_1_139' title='bbox 884 1969 972 2028; x_wconf 89' lang='lat' dir='ltr'>esset</span> <span class='ocrx_word' id='word_1_140' title='bbox 1005 1967 1123 2044; x_wconf 87' lang='lat' dir='ltr'>filium,</span> <span class='ocrx_word' id='word_1_141' title='bbox 1159 1969 1192 2030; x_wconf 92' lang='lat' dir='ltr'>id</span> <span class='ocrx_word' id='word_1_142' title='bbox 1226 1974 1342 2048; x_wconf 87' lang='lat' dir='ltr'>poetae</span> 
     </span>
     <span class='ocr_line' id='line_1_16' title="bbox 59 2068 1341 2149; baseline 0.005 -19"><span class='ocrx_word' id='word_1_143' title='bbox 59 2084 192 2144; x_wconf 89' lang='lat' dir='ltr'>quoque</span> <span class='ocrx_word' id='word_1_144' title='bbox 222 2069 369 2130; x_wconf 92' lang='lat' dir='ltr'>nonnulli</span> <span class='ocrx_word' id='word_1_145' title='bbox 398 2070 630 2145; x_wconf 86' lang='lat' dir='ltr'>probaverunt,</span> <span class='ocrx_word' id='word_1_146' title='bbox 662 2068 844 2143; x_wconf 84' lang='lat' dir='ltr'>fabulisque</span> <span class='ocrx_word' id='word_1_147' title='bbox 880 2068 1098 2147; x_wconf 86' lang='lat' dir='ltr'>illustrarunt,</span> <span class='ocrx_word' id='word_1_148' title='bbox 1129 2070 1341 2149; x_wconf 82' lang='lat' dir='ltr'>placebatque</span> 
     </span>
     <span class='ocr_line' id='line_1_17' title="bbox 60 2170 1341 2249; baseline 0.005 -17"><span class='ocrx_word' id='word_1_149' title='bbox 60 2173 273 2247; x_wconf 88' lang='lat' dir='ltr'>aliquatenus</span> <span class='ocrx_word' id='word_1_150' title='bbox 308 2171 422 2232; x_wconf 89' lang='lat' dir='ltr'>Ovidio</span> <span class='ocrx_word' id='word_1_151' title='bbox 457 2171 558 2231; x_wconf 90' lang='lat' dir='ltr'>etiarn</span> <span class='ocrx_word' id='word_1_152' title='bbox 594 2171 694 2245; x_wconf 90' lang='lat' dir='ltr'>Lycia</span> <span class='ocrx_word' id='word_1_153' title='bbox 724 2170 849 2247; x_wconf 84' lang='lat' dir='ltr'>fabula,</span> <span class='ocrx_word' id='word_1_154' title='bbox 888 2171 943 2244; x_wconf 86' lang='lat' dir='ltr'>qui</span> <span class='ocrx_word' id='word_1_155' title='bbox 974 2171 1039 2231; x_wconf 88' lang='lat' dir='ltr'>iam</span> <span class='ocrx_word' id='word_1_156' title='bbox 1071 2174 1159 2233; x_wconf 92' lang='lat' dir='ltr'>natis</span> <span class='ocrx_word' id='word_1_157' title='bbox 1193 2176 1341 2249; x_wconf 91' lang='lat' dir='ltr'>gemellis</span> 
     </span>
     <span class='ocr_line' id='line_1_18' title="bbox 60 2271 1339 2351; baseline 0.005 -17"><span class='ocrx_word' id='word_1_158' title='bbox 60 2274 226 2334; x_wconf 85' lang='lat' dir='ltr'>Latonam</span> <span class='ocrx_word' id='word_1_159' title='bbox 258 2273 292 2332; x_wconf 92' lang='lat' dir='ltr'>in</span> <span class='ocrx_word' id='word_1_160' title='bbox 323 2272 441 2347; x_wconf 87' lang='lat' dir='ltr'>Lyciae</span> <span class='ocrx_word' id='word_1_161' title='bbox 464 2286 560 2346; x_wconf 89' lang='lat' dir='ltr'>agros</span> <span class='ocrx_word' id='word_1_162' title='bbox 583 2271 763 2346; x_wconf 84' lang='lat' dir='ltr'>fugientem</span> <span class='ocrx_word' id='word_1_163' title='bbox 786 2271 865 2332; x_wconf 86' lang='lat' dir='ltr'>fecit</span> <span class='ocrx_word' id='word_1_164' title='bbox 886 2274 1017 2347; x_wconf 90' lang='lat' dir='ltr'>propter</span> <span class='ocrx_word' id='word_1_165' title='bbox 1040 2273 1174 2336; x_wconf 90' lang='lat' dir='ltr'>lunonis</span> <span class='ocrx_word' id='word_1_166' title='bbox 1196 2276 1280 2339; x_wconf 91' lang='lat' dir='ltr'>iram</span> <span class='ocrx_word' id='word_1_167' title='bbox 1308 2273 1339 2351; x_wconf 86' lang='lat'>¹).</span> 
     </span>
     <span class='ocr_line' id='line_1_19' title="bbox 60 2371 1339 2452; baseline 0.004 -17"><span class='ocrx_word' id='word_1_168' title='bbox 60 2374 136 2451; x_wconf 80' lang='lat' dir='ltr'>Qua</span> <span class='ocrx_word' id='word_1_169' title='bbox 157 2374 192 2434; x_wconf 90' lang='lat' dir='ltr'>in</span> <span class='ocrx_word' id='word_1_170' title='bbox 215 2388 250 2434; x_wconf 88' lang='lat' dir='ltr'>re</span> <span class='ocrx_word' id='word_1_171' title='bbox 273 2374 403 2434; x_wconf 88' lang='lat' dir='ltr'>constat</span> <span class='ocrx_word' id='word_1_172' title='bbox 426 2372 540 2433; x_wconf 91' lang='lat' dir='ltr'>Ovidio</span> <span class='ocrx_word' id='word_1_173' title='bbox 564 2372 752 2447; x_wconf 86' lang='lat' dir='ltr'>exemplum</span> <span class='ocrx_word' id='word_1_174' title='bbox 775 2371 963 2446; x_wconf 83' lang='lat' dir='ltr'>praebuisse</span> <span class='ocrx_word' id='word_1_175' title='bbox 990 2372 1201 2452; x_wconf 84' lang='lat' dir='ltr'>Nicandrum,</span> <span class='ocrx_word' id='word_1_176' title='bbox 1228 2379 1283 2451; x_wconf 94' lang='lat' dir='ltr'>qui</span> <span class='ocrx_word' id='word_1_177' title='bbox 1306 2380 1339 2440; x_wconf 93' lang='lat' dir='ltr'>in</span> 
     </span>
     <span class='ocr_line' id='line_1_20' title="bbox 59 2472 1339 2547; baseline 0.003 -11"><span class='ocrx_word' id='word_1_178' title='bbox 59 2476 146 2536; x_wconf 91' lang='lat' dir='ltr'>libro</span> <span class='ocrx_word' id='word_1_179' title='bbox 166 2474 389 2535; x_wconf 88' lang='lat' dir='ltr'>mutationum</span> <span class='ocrx_word' id='word_1_180' title='bbox 411 2473 583 2547; x_wconf 91' lang='lat' dir='ltr'>Lyciorum</span> <span class='ocrx_word' id='word_1_181' title='bbox 603 2472 819 2547; x_wconf 86' lang='lat' dir='ltr'>agricolarum</span> <span class='ocrx_word' id='word_1_182' title='bbox 838 2474 1004 2533; x_wconf 88' lang='lat' dir='ltr'>mutatam</span> <span class='ocrx_word' id='word_1_183' title='bbox 1022 2474 1163 2536; x_wconf 78' lang='lat' dir='ltr'>sormam</span> <span class='ocrx_word' id='word_1_184' title='bbox 1183 2492 1339 2540; x_wconf 91' lang='lat' dir='ltr'>enarrans</span> 
     </span>
     <span class='ocr_line' id='line_1_21' title="bbox 61 2568 1336 2658; baseline 0.002 -19"><span class='ocrx_word' id='word_1_185' title='bbox 61 2592 135 2639; x_wconf 89' lang='lat' dir='ltr'>rem</span> <span class='ocrx_word' id='word_1_186' title='bbox 155 2578 242 2638; x_wconf 87' lang='lat' dir='ltr'>certe</span> <span class='ocrx_word' id='word_1_187' title='bbox 261 2590 327 2636; x_wconf 93' lang='lat' dir='ltr'>uon</span> <span class='ocrx_word' id='word_1_188' title='bbox 346 2576 516 2635; x_wconf 89' lang='lat' dir='ltr'>invenerat</span> <span class='ocrx_word' id='word_1_189' title='bbox 534 2574 604 2649; x_wconf 90' lang='lat' dir='ltr'>ipse</span> <span class='ocrx_word' id='word_1_190' title='bbox 618 2568 650 2645; x_wconf 82' lang='lat'>²).</span> <span class='ocrx_word' id='word_1_191' title='bbox 671 2574 765 2634; x_wconf 91' lang='lat' dir='ltr'>Hanc</span> <span class='ocrx_word' id='word_1_192' title='bbox 783 2573 928 2634; x_wconf 87' lang='lat' dir='ltr'>fabulam</span> <span class='ocrx_word' id='word_1_193' title='bbox 947 2574 976 2633; x_wconf 93' lang='lat' dir='ltr'>si</span> <span class='ocrx_word' id='word_1_194' title='bbox 996 2576 1088 2635; x_wconf 88' lang='lat' dir='ltr'>novit</span> <span class='ocrx_word' id='word_1_195' title='bbox 1107 2575 1336 2658; x_wconf 79' lang='lat' dir='ltr'>Callimachus,</span> 
     </span>
     <span class='ocr_line' id='line_1_22' title="bbox 60 2670 1337 2753; baseline 0.003 -14"><span class='ocrx_word' id='word_1_196' title='bbox 60 2694 130 2740; x_wconf 94' lang='lat' dir='ltr'>non</span> <span class='ocrx_word' id='word_1_197' title='bbox 171 2677 322 2753; x_wconf 85' lang='lat' dir='ltr'>probavit</span> <span class='ocrx_word' id='word_1_198' title='bbox 350 2670 386 2752; x_wconf 58' lang='grc' dir='ltr'>ἢ,</span> <span class='ocrx_word' id='word_1_199' title='bbox 445 2678 480 2736; x_wconf 94' lang='lat' dir='ltr'>at</span> <span class='ocrx_word' id='word_1_200' title='bbox 513 2691 580 2736; x_wconf 92' lang='lat' dir='ltr'>uon</span> <span class='ocrx_word' id='word_1_201' title='bbox 612 2676 697 2750; x_wconf 85' lang='lat' dir='ltr'>fugit</span> <span class='ocrx_word' id='word_1_202' title='bbox 738 2690 814 2736; x_wconf 92' lang='lat' dir='ltr'>eum</span> <span class='ocrx_word' id='word_1_203' title='bbox 848 2675 920 2750; x_wconf 86' lang='lat' dir='ltr'>ipsa</span> <span class='ocrx_word' id='word_1_204' title='bbox 957 2676 1131 2749; x_wconf 91' lang='lat' dir='ltr'>Lyciorum</span> <span class='ocrx_word' id='word_1_205' title='bbox 1168 2693 1337 2744; x_wconf 91' lang='lat' dir='ltr'>sacrorum</span> 
     </span>
     <span class='ocr_line' id='line_1_23' title="bbox 61 2776 1338 2855; baseline 0 -13"><span class='ocrx_word' id='word_1_206' title='bbox 61 2780 254 2854; x_wconf 82' lang='lat' dir='ltr'>antiquitas.</span> <span class='ocrx_word' id='word_1_207' title='bbox 289 2777 331 2838; x_wconf 81' lang='lat' dir='ltr'>Et</span> <span class='ocrx_word' id='word_1_208' title='bbox 360 2777 391 2837; x_wconf 90' lang='lat' dir='ltr'>si</span> <span class='ocrx_word' id='word_1_209' title='bbox 419 2777 543 2837; x_wconf 89' lang='lat' dir='ltr'>summi</span> <span class='ocrx_word' id='word_1_210' title='bbox 572 2776 711 2837; x_wconf 86' lang='lat' dir='ltr'>honores</span> <span class='ocrx_word' id='word_1_211' title='bbox 742 2776 820 2837; x_wconf 91' lang='lat' dir='ltr'>Delo</span> <span class='ocrx_word' id='word_1_212' title='bbox 851 2776 1039 2836; x_wconf 89' lang='lat' dir='ltr'>reservandi</span> <span class='ocrx_word' id='word_1_213' title='bbox 1066 2780 1173 2855; x_wconf 86' lang='lat' dir='ltr'>erant,</span> <span class='ocrx_word' id='word_1_214' title='bbox 1198 2781 1338 2842; x_wconf 89' lang='lat' dir='ltr'>minima</span> 
     </span>
     <span class='ocr_line' id='line_1_24' title="bbox 60 2878 1340 2959; baseline 0.002 -16"><span class='ocrx_word' id='word_1_215' title='bbox 60 2885 179 2959; x_wconf 83' lang='lat' dir='ltr'>tamen</span> <span class='ocrx_word' id='word_1_216' title='bbox 207 2879 408 2955; x_wconf 89' lang='lat' dir='ltr'>neglegenda</span> <span class='ocrx_word' id='word_1_217' title='bbox 437 2878 607 2939; x_wconf 84' lang='lat' dir='ltr'>videbatur</span> <span class='ocrx_word' id='word_1_218' title='bbox 636 2880 725 2954; x_wconf 92' lang='lat' dir='ltr'>regio</span> <span class='ocrx_word' id='word_1_219' title='bbox 755 2878 813 2938; x_wconf 94' lang='lat' dir='ltr'>illa</span> <span class='ocrx_word' id='word_1_220' title='bbox 842 2893 924 2952; x_wconf 90' lang='lat' dir='ltr'>quae</span> <span class='ocrx_word' id='word_1_221' title='bbox 954 2878 1124 2939; x_wconf 86' lang='lat' dir='ltr'>Patarensi</span> <span class='ocrx_word' id='word_1_222' title='bbox 1146 2881 1340 2955; x_wconf 90' lang='lat' dir='ltr'>gloriaretur</span> 
     </span>
     <span class='ocr_line' id='line_1_25' title="bbox 62 2979 1338 3060; baseline 0.002 -16"><span class='ocrx_word' id='word_1_223' title='bbox 62 2986 138 3060; x_wconf 87' lang='lat' dir='ltr'>deo,</span> <span class='ocrx_word' id='word_1_224' title='bbox 163 2996 246 3056; x_wconf 89' lang='lat' dir='ltr'>quas</span> <span class='ocrx_word' id='word_1_225' title='bbox 270 2980 389 3057; x_wconf 82' lang='lat' dir='ltr'>Clario,</span> <span class='ocrx_word' id='word_1_226' title='bbox 415 2995 496 3054; x_wconf 91' lang='lat' dir='ltr'>quae</span> <span class='ocrx_word' id='word_1_227' title='bbox 518 2979 733 3055; x_wconf 88' lang='lat' dir='ltr'>Dindymene.</span> <span class='ocrx_word' id='word_1_228' title='bbox 769 2979 874 3058; x_wconf 79' lang='lat' dir='ltr'>Quid?</span> <span class='ocrx_word' id='word_1_229' title='bbox 903 2979 1016 3041; x_wconf 88' lang='lat' dir='ltr'>Nonne</span> <span class='ocrx_word' id='word_1_230' title='bbox 1039 2981 1208 3056; x_wconf 91' lang='lat' dir='ltr'>utriusque</span> <span class='ocrx_word' id='word_1_231' title='bbox 1231 2986 1338 3047; x_wconf 88' lang='lat' dir='ltr'>terrae</span> 
     </span>
     <span class='ocr_line' id='line_1_26' title="bbox 60 3081 1337 3160; baseline 0.001 -14"><span class='ocrx_word' id='word_1_232' title='bbox 60 3083 287 3146; x_wconf 79' lang='lat' dir='ltr'>nominatam</span> <span class='ocrx_word' id='word_1_233' title='bbox 302 3082 516 3143; x_wconf 85' lang='lat' dir='ltr'>coniunxerat</span> <span class='ocrx_word' id='word_1_234' title='bbox 538 3081 711 3158; x_wconf 86' lang='lat' dir='ltr'>Pindarus,</span> <span class='ocrx_word' id='word_1_235' title='bbox 735 3096 843 3142; x_wconf 89' lang='lat' dir='ltr'>nonne</span> <span class='ocrx_word' id='word_1_236' title='bbox 866 3096 904 3142; x_wconf 89' lang='lat' dir='ltr'>eo</span> <span class='ocrx_word' id='word_1_237' title='bbox 927 3082 1071 3143; x_wconf 91' lang='lat' dir='ltr'>carmine</span> <span class='ocrx_word' id='word_1_238' title='bbox 1090 3098 1153 3157; x_wconf 91' lang='lat' dir='ltr'>quo</span> <span class='ocrx_word' id='word_1_239' title='bbox 1173 3089 1337 3160; x_wconf 88' lang='lat' dir='ltr'>praestan·</span> 
     </span>
     <span class='ocr_line' id='line_1_27' title="bbox 61 3182 1337 3266; baseline 0.002 -18"><span class='ocrx_word' id='word_1_240' title='bbox 61 3187 132 3248; x_wconf 89' lang='lat' dir='ltr'>tius</span> <span class='ocrx_word' id='word_1_241' title='bbox 166 3199 264 3246; x_wconf 89' lang='lat' dir='ltr'>musa</span> <span class='ocrx_word' id='word_1_242' title='bbox 296 3184 400 3259; x_wconf 91' lang='lat' dir='ltr'>lyrica</span> <span class='ocrx_word' id='word_1_243' title='bbox 432 3186 566 3260; x_wconf 86' lang='lat' dir='ltr'>poetam</span> <span class='ocrx_word' id='word_1_244' title='bbox 598 3182 789 3244; x_wconf 80' lang='lat' dir='ltr'>Thebanum</span> <span class='ocrx_word' id='word_1_245' title='bbox 819 3198 885 3244; x_wconf 92' lang='lat' dir='ltr'>uon</span> <span class='ocrx_word' id='word_1_246' title='bbox 915 3183 1038 3261; x_wconf 90' lang='lat' dir='ltr'>docuit,</span> <span class='ocrx_word' id='word_1_247' title='bbox 1070 3184 1188 3259; x_wconf 86' lang='lat' dir='ltr'>Pythio</span> <span class='ocrx_word' id='word_1_248' title='bbox 1217 3187 1337 3266; x_wconf 88' lang='lat' dir='ltr'>primo,</span> 
     </span>
     <span class='ocr_line' id='line_1_28' title="bbox 62 3285 1337 3362; baseline 0.003 -14"><span class='ocrx_word' id='word_1_249' title='bbox 62 3289 164 3349; x_wconf 92' lang='lat' dir='ltr'>deum</span> <span class='ocrx_word' id='word_1_250' title='bbox 198 3286 255 3361; x_wconf 92' lang='lat' dir='ltr'>qui</span> <span class='ocrx_word' id='word_1_251' title='bbox 288 3286 406 3361; x_wconf 86' lang='lat' dir='ltr'>Lyciae</span> <span class='ocrx_word' id='word_1_252' title='bbox 440 3287 531 3347; x_wconf 88' lang='lat' dir='ltr'>tenet</span> <span class='ocrx_word' id='word_1_253' title='bbox 560 3285 695 3346; x_wconf 91' lang='lat' dir='ltr'>dumeta</span> <span class='ocrx_word' id='word_1_254' title='bbox 724 3285 932 3359; x_wconf 88' lang='lat' dir='ltr'>natalemque</span> <span class='ocrx_word' id='word_1_255' title='bbox 963 3285 1096 3362; x_wconf 90' lang='lat' dir='ltr'>silvam,</span> <span class='ocrx_word' id='word_1_256' title='bbox 1133 3287 1181 3348; x_wconf 92' lang='lat' dir='ltr'>ita</span> <span class='ocrx_word' id='word_1_257' title='bbox 1214 3304 1263 3350; x_wconf 84' lang='lat' dir='ltr'>ys.</span> <span class='ocrx_word' id='word_1_258' title='bbox 1295 3291 1337 3352; x_wconf 82' lang='lat'>38</span> 
     </span>
     <span class='ocr_line' id='line_1_29' title="bbox 59 3381 1341 3471; baseline 0.003 -21"><span class='ocrx_word' id='word_1_259' title='bbox 59 3390 253 3471; x_wconf 74' lang='lat' dir='ltr'>salutaratt·</span> <span class='ocrx_word' id='word_1_260' title='bbox 278 3387 394 3464; x_wconf 72' lang='lat' dir='ltr'>,Adara</span> <span class='ocrx_word' id='word_1_261' title='bbox 423 3383 474 3446; x_wconf 72' lang='lat' dir='ltr'>uni</span> <span class='ocrx_word' id='word_1_262' title='bbox 496 3381 597 3447; x_wconf 71' lang='grc' dir='ltr'><strong><em>Δύλού</em></strong></span> <span class='ocrx_word' id='word_1_263' title='bbox 622 3384 763 3447; x_wconf 80' lang='grc' dir='ltr'><strong><em>ἀνάσσων</em></strong></span> <span class='ocrx_word' id='word_1_264' title='bbox 789 3387 924 3466; x_wconf 69' lang='grc' dir='ltr'><strong><em>Φοῖβε”ῗ</em></strong></span> <span class='ocrx_word' id='word_1_265' title='bbox 948 3384 1126 3447; x_wconf 66' lang='lat' dir='ltr'>coniunxit</span> <span class='ocrx_word' id='word_1_266' title='bbox 1148 3389 1250 3463; x_wconf 77' lang='lat' dir='ltr'>igitur</span> <span class='ocrx_word' id='word_1_267' title='bbox 1271 3391 1341 3454; x_wconf 79' lang='lat' dir='ltr'>Cal·</span> 
     </span>
     <span class='ocr_line' id='line_1_30' title="bbox 61 3485 1340 3568; baseline 0.002 -16"><span class='ocrx_word' id='word_1_268' title='bbox 61 3490 228 3552; x_wconf 87' lang='lat' dir='ltr'>limachus</span> <span class='ocrx_word' id='word_1_269' title='bbox 255 3503 382 3564; x_wconf 89' lang='lat' dir='ltr'>quoque</span> <span class='ocrx_word' id='word_1_270' title='bbox 405 3489 574 3564; x_wconf 90' lang='lat' dir='ltr'>utriusque</span> <span class='ocrx_word' id='word_1_271' title='bbox 595 3485 739 3563; x_wconf 77' lang='lat' dir='ltr'>regionis</span> <span class='ocrx_word' id='word_1_272' title='bbox 761 3489 833 3549; x_wconf 89' lang='lat' dir='ltr'>iura</span> <span class='ocrx_word' id='word_1_273' title='bbox 855 3503 893 3552; x_wconf 90' lang='lat' dir='ltr'>ac</span> <span class='ocrx_word' id='word_1_274' title='bbox 914 3488 1037 3550; x_wconf 86' lang='lat' dir='ltr'>laudes.</span> <span class='ocrx_word' id='word_1_275' title='bbox 1069 3488 1110 3548; x_wconf 79' lang='lat' dir='ltr'>Et</span> <span class='ocrx_word' id='word_1_276' title='bbox 1133 3490 1211 3550; x_wconf 83' lang='lat' dir='ltr'>fecit</span> <span class='ocrx_word' id='word_1_277' title='bbox 1232 3492 1279 3568; x_wconf 93' lang='lat' dir='ltr'>id,</span> <span class='ocrx_word' id='word_1_278' title='bbox 1303 3497 1340 3554; x_wconf 90' lang='lat' dir='ltr'>ut</span> 
     </span>
    </p>
   </div>
   <div class='ocr_carea' id='block_1_3' title="bbox 63 3743 1345 4680">
    <p class='ocr_par' dir='ltr' id='par_1_3' title="bbox 98 3743 435 3810">
     <span class='ocr_line' id='line_1_31' title="bbox 98 3743 435 3810; baseline -0.003 -16"><span class='ocrx_word' id='word_1_279' title='bbox 98 3743 119 3810; x_wconf 86' lang='lat'>¹)</span> <span class='ocrx_word' id='word_1_280' title='bbox 138 3743 239 3794; x_wconf 67' lang='lat' dir='ltr'>Maiam.</span> <span class='ocrx_word' id='word_1_281' title='bbox 257 3745 302 3794; x_wconf 78' lang='lat' dir='ltr'>vl.</span> <span class='ocrx_word' id='word_1_282' title='bbox 318 3745 367 3794; x_wconf 78' lang='grc'>887</span> <span class='ocrx_word' id='word_1_283' title='bbox 384 3760 435 3810; x_wconf 75' lang='lat' dir='ltr'>sqq.</span> 
     </span>
    </p>

    <p class='ocr_par' dir='ltr' id='par_1_4' title="bbox 63 3823 1342 3971">
     <span class='ocr_line' id='line_1_32' title="bbox 96 3823 1342 3892; baseline 0.001 -17"><span class='ocrx_word' id='word_1_284' title='bbox 96 3823 257 3892; x_wconf 76' lang='lat' dir='ltr'>¹)hntonin.</span> <span class='ocrx_word' id='word_1_285' title='bbox 280 3826 337 3874; x_wconf 87' lang='lat' dir='ltr'>le.</span> <span class='ocrx_word' id='word_1_286' title='bbox 361 3824 461 3875; x_wconf 78' lang='lat' dir='ltr'>Metam.</span> <span class='ocrx_word' id='word_1_287' title='bbox 484 3839 508 3873; x_wconf 87' lang='lat' dir='ltr'>c.</span> <span class='ocrx_word' id='word_1_288' title='bbox 530 3825 571 3873; x_wconf 76' lang='lat'>85.</span> <span class='ocrx_word' id='word_1_289' title='bbox 597 3825 648 3872; x_wconf 84' lang='lat' dir='ltr'>Bes</span> <span class='ocrx_word' id='word_1_290' title='bbox 673 3826 790 3885; x_wconf 81' lang='lat' dir='ltr'>exposita</span> <span class='ocrx_word' id='word_1_291' title='bbox 813 3835 917 3884; x_wconf 85' lang='lat' dir='ltr'>qnoque</span> <span class='ocrx_word' id='word_1_292' title='bbox 940 3828 996 3873; x_wconf 83' lang='lat' dir='ltr'>erat</span> <span class='ocrx_word' id='word_1_293' title='bbox 1018 3825 1044 3872; x_wconf 92' lang='lat' dir='ltr'>in</span> <span class='ocrx_word' id='word_1_294' title='bbox 1067 3827 1221 3876; x_wconf 64' lang='lat' dir='ltr'>Xenocratis</span> <span class='ocrx_word' id='word_1_295' title='bbox 1237 3827 1342 3876; x_wconf 85' lang='lat' dir='ltr'>Xanthii</span> 
     </span>
     <span class='ocr_line' id='line_1_33' title="bbox 63 3904 184 3971; baseline -0.017 -16"><span class='ocrx_word' id='word_1_296' title='bbox 63 3904 184 3971; x_wconf 67' lang='lat' dir='ltr'>Lyciacia</span> 
     </span>
    </p>

    <p class='ocr_par' dir='ltr' id='par_1_5' title="bbox 63 3982 1345 4680">
     <span class='ocr_line' id='line_1_34' title="bbox 96 3982 1344 4051; baseline 0.002 -17"><span class='ocrx_word' id='word_1_297' title='bbox 96 3982 121 4047; x_wconf 76' lang='lat'>⁸}</span> <span class='ocrx_word' id='word_1_298' title='bbox 136 3987 206 4034; x_wconf 89' lang='lat' dir='ltr'>Iram</span> <span class='ocrx_word' id='word_1_299' title='bbox 228 3986 347 4045; x_wconf 85' lang='lat' dir='ltr'>lunonis,</span> <span class='ocrx_word' id='word_1_300' title='bbox 363 4000 441 4047; x_wconf 90' lang='lat' dir='ltr'>qnam</span> <span class='ocrx_word' id='word_1_301' title='bbox 458 3986 536 4033; x_wconf 86' lang='lat' dir='ltr'>huius</span> <span class='ocrx_word' id='word_1_302' title='bbox 549 3985 693 4045; x_wconf 74' lang='lat' dir='ltr'>vagationis</span> <span class='ocrx_word' id='word_1_303' title='bbox 716 3997 819 4032; x_wconf 83' lang='lat' dir='ltr'>causam</span> <span class='ocrx_word' id='word_1_304' title='bbox 839 3984 903 4032; x_wconf 88' lang='lat' dir='ltr'>dicit</span> <span class='ocrx_word' id='word_1_305' title='bbox 922 3984 1029 4033; x_wconf 82' lang='lat' dir='ltr'>Ovidius</span> <span class='ocrx_word' id='word_1_306' title='bbox 1046 3998 1083 4033; x_wconf 85' lang='lat' dir='ltr'>vs.</span> <span class='ocrx_word' id='word_1_307' title='bbox 1099 3986 1147 4034; x_wconf 79' lang='lat' dir='ltr'>aul</span> <span class='ocrx_word' id='word_1_308' title='bbox 1166 3985 1238 4045; x_wconf 68' lang='lat' dir='ltr'>„binc</span> <span class='ocrx_word' id='word_1_309' title='bbox 1253 4001 1344 4051; x_wconf 79' lang='grc' dir='ltr'><strong><em>ριιορια</em></strong></span> 
     </span>
     <span class='ocr_line' id='line_1_35' title="bbox 66 4060 1342 4129; baseline 0.001 -15"><span class='ocrx_word' id='word_1_310' title='bbox 66 4063 182 4114; x_wconf 68' lang='lat' dir='ltr'>Iasonem</span> <span class='ocrx_word' id='word_1_311' title='bbox 192 4065 294 4129; x_wconf 68' lang='lat' dir='ltr'>fugisse</span> <span class='ocrx_word' id='word_1_312' title='bbox 307 4080 426 4128; x_wconf 73' lang='lat' dir='ltr'>puerpera</span> <span class='ocrx_word' id='word_1_313' title='bbox 437 4060 552 4129; x_wconf 53' lang='grc' dir='ltr'>μανένθ’,</span> <span class='ocrx_word' id='word_1_314' title='bbox 569 4079 620 4112; x_wconf 92' lang='lat' dir='ltr'>non</span> <span class='ocrx_word' id='word_1_315' title='bbox 638 4067 806 4112; x_wconf 81' lang='lat' dir='ltr'>memoratam</span> <span class='ocrx_word' id='word_1_316' title='bbox 824 4064 968 4112; x_wconf 80' lang='lat' dir='ltr'>invenimus</span> <span class='ocrx_word' id='word_1_317' title='bbox 990 4065 1015 4111; x_wconf 92' lang='lat' dir='ltr'>in</span> <span class='ocrx_word' id='word_1_318' title='bbox 1041 4066 1160 4112; x_wconf 76' lang='lat' dir='ltr'>Antonini</span> <span class='ocrx_word' id='word_1_319' title='bbox 1183 4067 1342 4127; x_wconf 77' lang='lat' dir='ltr'>expositione</span> 
     </span>
     <span class='ocr_line' id='line_1_36' title="bbox 63 4143 1345 4209; baseline 0.001 -15"><span class='ocrx_word' id='word_1_320' title='bbox 63 4147 230 4194; x_wconf 76' lang='lat' dir='ltr'>brevmsima:</span> <span class='ocrx_word' id='word_1_321' title='bbox 256 4147 341 4206; x_wconf 74' lang='grc' dir='ltr'><strong><em>,Λητὼ</em></strong></span> <span class='ocrx_word' id='word_1_322' title='bbox 363 4147 411 4193; x_wconf 71' lang='lat' dir='ltr'>inei</span> <span class='ocrx_word' id='word_1_323' title='bbox 433 4147 510 4192; x_wconf 77' lang='grc' dir='ltr'><strong><em>Ιτυιει</em></strong></span> <span class='ocrx_word' id='word_1_324' title='bbox 530 4147 663 4191; x_wconf 68' lang='grc' dir='ltr'>Ἀπόλλωνα</span> <span class='ocrx_word' id='word_1_325' title='bbox 688 4145 727 4191; x_wconf 76' lang='lat' dir='ltr'>acl</span> <span class='ocrx_word' id='word_1_326' title='bbox 746 4143 858 4209; x_wconf 80' lang='grc' dir='ltr'><strong><em>’Ἀρτιμιι</em></strong></span> <span class='ocrx_word' id='word_1_327' title='bbox 880 4147 904 4190; x_wconf 77' lang='lat' dir='ltr'>dv</span> <span class='ocrx_word' id='word_1_328' title='bbox 925 4146 1032 4207; x_wconf 71' lang='grc' dir='ltr'><strong><em>Ἀστερία</em></strong></span> <span class='ocrx_word' id='word_1_329' title='bbox 1053 4149 1081 4206; x_wconf 67' lang='grc' dir='ltr'>τῇ</span> <span class='ocrx_word' id='word_1_330' title='bbox 1103 4147 1177 4208; x_wconf 72' lang='grc' dir='ltr'><strong><em>νήσῳ,</em></strong></span> <span class='ocrx_word' id='word_1_331' title='bbox 1200 4148 1295 4208; x_wconf 64' lang='lat' dir='ltr'>doissac</span> <span class='ocrx_word' id='word_1_332' title='bbox 1313 4149 1345 4202; x_wconf 69' lang='lat' dir='ltr'>al:</span> 
     </span>
     <span class='ocr_line' id='line_1_37' title="bbox 63 4218 1344 4290; baseline 0.002 -17"><span class='ocrx_word' id='word_1_333' title='bbox 63 4229 157 4274; x_wconf 67' lang='lat' dir='ltr'>Aoum</span> <span class='ocrx_word' id='word_1_334' title='bbox 180 4226 334 4290; x_wconf 72' lang='grc' dir='ltr'><strong><em>διτιφιρομύιη</em></strong></span> <span class='ocrx_word' id='word_1_335' title='bbox 356 4227 410 4281; x_wconf 81' lang='grc' dir='ltr'><strong><em>τούς</em></strong></span> <span class='ocrx_word' id='word_1_336' title='bbox 431 4225 517 4279; x_wconf 74' lang='grc' dir='ltr'><strong><em>παῖδας</em></strong></span> <span class='ocrx_word' id='word_1_337' title='bbox 539 4225 576 4271; x_wconf 78' lang='lat' dir='ltr'>dni</span> <span class='ocrx_word' id='word_1_338' title='bbox 599 4224 629 4270; x_wconf 77' lang='grc' dir='ltr'>τὰ</span> <span class='ocrx_word' id='word_1_339' title='bbox 652 4224 737 4288; x_wconf 78' lang='grc' dir='ltr'><strong><em>λουτρὰ</em></strong></span> <span class='ocrx_word' id='word_1_340' title='bbox 754 4230 796 4270; x_wconf 83' lang='grc' dir='ltr'>τοῦ</span> <span class='ocrx_word' id='word_1_341' title='bbox 812 4218 948 4279; x_wconf 72' lang='grc' dir='ltr'><strong><em>Ξάνθοο,”</em></strong></span> <span class='ocrx_word' id='word_1_342' title='bbox 970 4222 1017 4270; x_wconf 84' lang='lat' dir='ltr'>sed</span> <span class='ocrx_word' id='word_1_343' title='bbox 1034 4223 1067 4270; x_wconf 86' lang='lat' dir='ltr'>ab</span> <span class='ocrx_word' id='word_1_344' title='bbox 1084 4223 1175 4271; x_wconf 83' lang='lat' dir='ltr'>ovidio</span> <span class='ocrx_word' id='word_1_345' title='bbox 1192 4226 1249 4286; x_wconf 84' lang='lat' dir='ltr'>ipso</span> <span class='ocrx_word' id='word_1_346' title='bbox 1266 4240 1344 4275; x_wconf 63' lang='lat' dir='ltr'>osum</span> 
     </span>
     <span class='ocr_line' id='line_1_38' title="bbox 64 4302 1344 4366; baseline 0.001 -13"><span class='ocrx_word' id='word_1_347' title='bbox 64 4319 116 4354; x_wconf 90' lang='lat' dir='ltr'>non</span> <span class='ocrx_word' id='word_1_348' title='bbox 130 4306 237 4353; x_wconf 83' lang='lat' dir='ltr'>inventa</span> <span class='ocrx_word' id='word_1_349' title='bbox 254 4308 307 4366; x_wconf 78' lang='lat' dir='ltr'>est,</span> <span class='ocrx_word' id='word_1_350' title='bbox 320 4318 396 4366; x_wconf 89' lang='lat' dir='ltr'>nam,</span> <span class='ocrx_word' id='word_1_351' title='bbox 413 4305 558 4363; x_wconf 82' lang='lat' dir='ltr'>excogitata</span> <span class='ocrx_word' id='word_1_352' title='bbox 572 4304 653 4351; x_wconf 84' lang='lat' dir='ltr'>semel</span> <span class='ocrx_word' id='word_1_353' title='bbox 670 4302 719 4349; x_wconf 91' lang='lat' dir='ltr'>hac</span> <span class='ocrx_word' id='word_1_354' title='bbox 736 4304 834 4349; x_wconf 87' lang='lat' dir='ltr'>ratione</span> <span class='ocrx_word' id='word_1_355' title='bbox 852 4302 984 4349; x_wconf 87' lang='lat' dir='ltr'>Deliorum</span> <span class='ocrx_word' id='word_1_356' title='bbox 1000 4303 1057 4349; x_wconf 84' lang='lat' dir='ltr'>iura</span> <span class='ocrx_word' id='word_1_357' title='bbox 1070 4316 1129 4351; x_wconf 90' lang='lat' dir='ltr'>cum</span> <span class='ocrx_word' id='word_1_358' title='bbox 1138 4304 1224 4363; x_wconf 86' lang='lat' dir='ltr'>Lyciis</span> <span class='ocrx_word' id='word_1_359' title='bbox 1238 4307 1344 4355; x_wconf 87' lang='lat' dir='ltr'>coniun-</span> 
     </span>
     <span class='ocr_line' id='line_1_39' title="bbox 63 4381 1345 4445; baseline 0.002 -13"><span class='ocrx_word' id='word_1_360' title='bbox 63 4385 156 4445; x_wconf 88' lang='lat' dir='ltr'>gendi,</span> <span class='ocrx_word' id='word_1_361' title='bbox 187 4397 239 4432; x_wconf 90' lang='lat' dir='ltr'>non</span> <span class='ocrx_word' id='word_1_362' title='bbox 268 4386 354 4445; x_wconf 82' lang='lat' dir='ltr'>potnit</span> <span class='ocrx_word' id='word_1_363' title='bbox 385 4398 436 4432; x_wconf 91' lang='lat' dir='ltr'>non</span> <span class='ocrx_word' id='word_1_364' title='bbox 465 4383 526 4432; x_wconf 88' lang='lat' dir='ltr'>addi</span> <span class='ocrx_word' id='word_1_365' title='bbox 552 4396 630 4431; x_wconf 87' lang='lat' dir='ltr'>cansa</span> <span class='ocrx_word' id='word_1_366' title='bbox 655 4396 722 4441; x_wconf 89' lang='lat' dir='ltr'>quae</span> <span class='ocrx_word' id='word_1_367' title='bbox 748 4381 781 4429; x_wconf 85' lang='lat' dir='ltr'>ad</span> <span class='ocrx_word' id='word_1_368' title='bbox 806 4382 912 4442; x_wconf 79' lang='lat' dir='ltr'>Lyciam</span> <span class='ocrx_word' id='word_1_369' title='bbox 934 4382 1060 4429; x_wconf 80' lang='lat' dir='ltr'>Latonam</span> <span class='ocrx_word' id='word_1_370' title='bbox 1083 4395 1142 4430; x_wconf 87' lang='lat' dir='ltr'>cnm</span> <span class='ocrx_word' id='word_1_371' title='bbox 1165 4397 1256 4433; x_wconf 81' lang='lat' dir='ltr'>racana</span> <span class='ocrx_word' id='word_1_372' title='bbox 1278 4387 1345 4434; x_wconf 86' lang='lat' dir='ltr'>natis</span> 
     </span>
     <span class='ocr_line' id='line_1_40' title="bbox 63 4448 1344 4527; baseline 0.002 -16"><span class='ocrx_word' id='word_1_373' title='bbox 63 4448 180 4512; x_wconf 68' lang='lat' dir='ltr'>duceret</span> <span class='ocrx_word' id='word_1_374' title='bbox 199 4463 308 4520; x_wconf 77' lang='lat' dir='ltr'>Quando</span> <span class='ocrx_word' id='word_1_375' title='bbox 325 4467 381 4511; x_wconf 84' lang='lat' dir='ltr'>orta</span> <span class='ocrx_word' id='word_1_376' title='bbox 399 4465 434 4511; x_wconf 88' lang='lat' dir='ltr'>sit</span> <span class='ocrx_word' id='word_1_377' title='bbox 452 4462 539 4510; x_wconf 81' lang='lat' dir='ltr'>sabula</span> <span class='ocrx_word' id='word_1_378' title='bbox 556 4475 663 4522; x_wconf 85' lang='lat' dir='ltr'>prorsus</span> <span class='ocrx_word' id='word_1_379' title='bbox 679 4465 815 4509; x_wconf 83' lang='lat' dir='ltr'>incertum.</span> <span class='ocrx_word' id='word_1_380' title='bbox 832 4462 934 4509; x_wconf 86' lang='lat' dir='ltr'>Dixeris</span> <span class='ocrx_word' id='word_1_381' title='bbox 951 4464 1038 4510; x_wconf 84' lang='lat' dir='ltr'>tamen</span> <span class='ocrx_word' id='word_1_382' title='bbox 1057 4462 1242 4512; x_wconf 79' lang='lat' dir='ltr'>Callimachum</span> <span class='ocrx_word' id='word_1_383' title='bbox 1258 4479 1344 4527; x_wconf 87' lang='lat' dir='ltr'>respe-</span> 
     </span>
     <span class='ocr_line' id='line_1_41' title="bbox 63 4541 1345 4608; baseline 0 -17"><span class='ocrx_word' id='word_1_384' title='bbox 63 4545 135 4592; x_wconf 81' lang='lat' dir='ltr'>xisse</span> <span class='ocrx_word' id='word_1_385' title='bbox 151 4544 325 4591; x_wconf 82' lang='lat' dir='ltr'>narrationem</span> <span class='ocrx_word' id='word_1_386' title='bbox 349 4546 376 4591; x_wconf 83' lang='lat' dir='ltr'>et</span> <span class='ocrx_word' id='word_1_387' title='bbox 398 4543 518 4591; x_wconf 86' lang='lat' dir='ltr'>reiecisse</span> <span class='ocrx_word' id='word_1_388' title='bbox 542 4556 601 4590; x_wconf 85' lang='lat' dir='ltr'>cnm</span> <span class='ocrx_word' id='word_1_389' title='bbox 619 4542 661 4588; x_wconf 87' lang='lat' dir='ltr'>1v.</span> <span class='ocrx_word' id='word_1_390' title='bbox 680 4543 728 4589; x_wconf 68' lang='lat'>259</span> <span class='ocrx_word' id='word_1_391' title='bbox 752 4541 869 4589; x_wconf 81' lang='lat' dir='ltr'>doceret:</span> <span class='ocrx_word' id='word_1_392' title='bbox 894 4541 965 4596; x_wconf 70' lang='grc' dir='ltr'><strong><em>,οὐδ’</em></strong></span> <span class='ocrx_word' id='word_1_393' title='bbox 980 4541 1044 4607; x_wconf 72' lang='grc' dir='ltr'>’Ἤρη</span> <span class='ocrx_word' id='word_1_394' title='bbox 1065 4542 1189 4603; x_wconf 65' lang='lat' dir='ltr'>rupisque</span> <span class='ocrx_word' id='word_1_395' title='bbox 1206 4544 1255 4590; x_wconf 65' lang='lat' dir='ltr'>incl</span> <span class='ocrx_word' id='word_1_396' title='bbox 1272 4548 1345 4608; x_wconf 71' lang='grc' dir='ltr'><strong><em>χόλον</em></strong></span> 
     </span>
     <span class='ocr_line' id='line_1_42' title="bbox 64 4624 257 4680; baseline -0.01 -8"><span class='ocrx_word' id='word_1_397' title='bbox 64 4624 153 4680; x_wconf 69' lang='grc' dir='ltr'><strong><em>ὶξέλστο</em></strong></span> <span class='ocrx_word' id='word_1_398' title='bbox 172 4624 257 4679; x_wconf 69' lang='grc' dir='ltr'><strong><em>Ζούς”.</em></strong></span> 
     </span>
    </p>
   </div>
   <div class='ocr_carea' id='block_1_4' title="bbox 0 0 1540 5288">
    <p class='ocr_par' dir='ltr' id='par_1_6' title="bbox 0 0 1540 5288">
     <span class='ocr_line' id='line_1_43' title="bbox 0 0 1540 5288; baseline 0 0"><span class='ocrx_word' id='word_1_399' title='bbox 0 0 1540 5288; x_wconf 95' lang='lat' dir='ltr'> </span> 
     </span>
    </p>
   </div>
  </div>
 </body>
</html>
