3104 5296
831 465 892 524 118
1287 463 1342 523 IV.
1367 463 1482 522 25-92

229 652 357 713 moenia
390 649 441 711 καί
474 656 563 723 λᾶες
598 648 695 711 ὑπαί
728 649 845 730 ῥιπῆς
881 647 1026 728 Βορὲπο”,
1059 652 1093 711 et
1127 650 1234 724 arguit
1267 648 1484 723 imitationem,

229 753 328 814 simul
362 755 455 815 nobis
485 754 646 829 probabile
679 753 784 814 reddit
806 769 883 814 suos
907 767 1033 826 quoque
1057 752 1191 814 Homeri
1214 752 1341 812 codices
1366 753 1411 809 Μ.
1434 751 1486 810 462

229 856 355 916 dedisse
379 852 486 931 ὑπαί,
508 870 607 928 quam
632 855 804 916 lectionem
828 855 920 915 hodie
944 856 1055 915 servet
1077 853 1314 915 Laurentianus
1327 851 1360 913 G.
1386 851 1487 928 Quam·

230 972 327 1030 quam
360 972 463 1031 neque
495 955 574 1017 illud
613 954 692 1032 „ind
724 953 813 1034 ῥιπῆς
845 952 1018 1033 Βορέαο”
1052 955 1251 1030 incognitum
1276 957 1348 1014 erat
1371 952 1489 1014 Homeri

229 1059 412 1120 lectoribus.
443 1059 479 1119 Id
509 1059 637 1118 tantum
668 1058 836 1119 innovavit
869 1057 1096 1134 Callimachus,
1128 1057 1211 1131 quod
1235 1055 1358 1117 addidit
1383 1056 1488 1131 Σιρο-

230 1160 385 1237 μονίον,
415 1161 497 1234 quod
529 1174 706 1233 cognomen
738 1174 801 1220 non
833 1160 1055 1234 accipiendum
1086 1159 1137 1219 est
1167 1173 1242 1219 cum
1266 1156 1442 1218 scholiasta
1457 1154 1487 1214 ad

230 1262 435 1338 Apollonium
456 1262 616 1322 Rhodium
641 1259 676 1338 (I.
709 1262 784 1331 211)
817 1262 909 1334 quasi
941 1262 985 1321 sit
1016 1260 1293 1334 patronymicum:
1329 1259 1487 1318 historicae
1536 1308 1541 1319 .

231 1364 419 1425 eruditionis
454 1366 504 1424 est
531 1364 773 1438 documentum,
806 1377 870 1437 qua
906 1364 1001 1437 poeta
1030 1361 1270 1421 Alexandrinus
1301 1360 1485 1421 homericum

234 1463 376 1544 Θρηίκιον
406 1465 576 1526 varietatis
600 1478 699 1525 causa
722 1464 864 1524 mutavit
893 1479 968 1525 cum
992 1463 1198 1524 meminisset
1220 1463 1345 1524 Borean
1369 1463 1485 1522 ventum

231 1566 271 1626 ab
294 1565 456 1627 Herodoto
480 1565 576 1636 (VIII.
605 1565 677 1635 118)
701 1565 855 1642 appellari
877 1563 1069 1644 Στρυμονίαν
1096 1558 1127 1634 ¹).

295 1768 350 1830 VS.
376 1768 428 1830 28.
474 1767 502 1828 εί
525 1764 557 1828 δὲ
580 1768 648 1846 λίην
671 1764 772 1840 πολέες
796 1785 828 1829 σε
850 1767 1077 1848 περιτροχάωσιν
1100 1764 1211 1845 ἀοιδαί,

474 1869 546 1954 ποίῃ
570 1867 708 1943 ἐνιπλίξω
731 1886 779 1943 σε;
801 1870 831 1930 τί
851 1892 895 1931 τοι
920 1875 1056 1949 θυμῆρες
1078 1866 1220 1942 &nodum

376 1974 418 2033 30
474 1968 494 2051 ἢ
517 1969 558 2044 ὡς
582 1970 616 2031 τά
638 1971 784 2053 πράτιστα
808 1970 897 2053 μέγας
920 1970 992 2044 θεὸς
1016 1968 1107 2050 οὔρεα
1130 1971 1242 2030 θείνων

477 2070 545 2152 άορι
567 2073 741 2155 τριγλώχινι,
764 2073 796 2135 τό
821 2073 853 2135 οί
875 2077 1006 2152 Τελχῖνες
1030 2071 1159 2151 ἔτευξαν,

478 2173 590 2253 νήσους
613 2174 741 2248 εἰναλίας
765 2175 919 2256 εἰργάζετο,
941 2173 1031 2254 νέρθε
1055 2171 1087 2235 di
1110 2175 1208 2246 πάσας

477 2273 508 2335 λιι
531 2276 644 2337 νεάταν
668 2276 788 2356 ὥχλισσε
811 2275 861 2337 καί
884 2277 1042 2339 εἰσεκάλισε
1065 2275 1220 2360 &cidnum

478 2375 528 2437 ιιαί
551 2376 602 2450 τὰς
625 2374 679 2455 μὲν
701 2373 760 2438 καί
786 2368 920 2458 άβυσσον
945 2373 978 2457 ²),
1000 2374 1034 2438 ἵν’
1062 2376 1195 2458 ἠπείροιο
1218 2376 1372 2437 λάθωνται

262 2482 263 2496 ’
379 2479 421 2539 35
478 2479 654 2558 πρυμνόθεν
678 2477 820 2559 ἐρρίζωσε·
844 2475 876 2539 σὲ
900 2475 931 2540 δ’
958 2478 1013 2540 οὐκ
1037 2477 1161 2556 λ’θλιψεν
1185 2475 1312 2558 ἀνάγκη,

478 2574 535 2639 ἀλλ’
562 2578 669 2657 άφετος
692 2580 866 2662 πελάγεσσιν
890 2577 1032 2653 ἐπέπλεες·
1057 2577 1173 2658 οὕνομα
1197 2574 1225 2643 δ’
1251 2571 1290 2658 ἦν
1313 2595 1361 2639 σοι

477 2683 604 2762 Ἀστερίη
627 2681 659 2743 τὸ
682 2683 821 2760 παλαιὸν,
844 2681 906 2744 ἐπεί
929 2682 1033 2762 βαθὺν
1056 2681 1130 2761 iiico
1154 2681 1270 2761 τάφρον

476 2783 645 2862 οὐρανόθεν
668 2786 822 2864 φεύγουσα
847 2783 919 2858 Διὸς
942 2785 1038 2866 γάμον
1061 2782 1158 2866 άστίρι
1182 2783 1240 2862 ἴση.

277 2880 432 2943 Videmus
463 2885 495 2946 in
522 2887 637 2947 horum
665 2903 818 2948 versuum
848 2888 978 2948 exordio
1011 2889 1080 2948 tam
1117 2886 1223 2946 verbis
1255 2901 1354 2959 quam
1379 2885 1492 2945 senten·

232 2982 278 3041 tia
306 2983 410 3045 denuo
441 2986 603 3062 paulisper
629 2989 930 3062 antiquissimorum
961 2989 1144 3050 carminum
1168 2987 1343 3049 dictionem
1368 3002 1388 3046 a
1413 2980 1493 3046 Galli·

233 3085 347 3143 macho
381 3086 538 3149 relictam.
578 3089 663 3150 Nam
694 3093 731 3150 ut
760 3094 887 3151 taceam
919 3092 958 3152 de
988 3106 1050 3150 usu
1079 3089 1313 3151 coniunctionis
1346 3087 1381 3147 εί
1409 3086 1494 3162 plane

231 3186 367 3262 novicio,
399 3191 436 3247 ut
466 3192 599 3251 mittam
628 3191 716 3269 λίην
746 3193 831 3266 quod
859 3192 914 3252 vix
938 3192 1024 3252 aliud
1048 3191 1123 3264 quid
1147 3190 1209 3251 nisi
1230 3188 1308 3266 μάλα
1330 3189 1383 3249 hic
1405 3186 1494 3257 valet,

230 3303 410 3363 numquam
422 3291 563 3366 profecto
575 3293 729 3354 homerici
741 3296 855 3369 poetae
868 3293 1019 3355 dixerunt
1033 3289 1072 3369 „d
1081 3314 1096 3352 ο
1106 3288 1191 3351 rial
1211 3311 1254 3350 πε
1264 3312 1281 3369 ρ
1290 3311 1349 3367 ιιρ
1359 3311 1375 3349 ο
1385 3312 1401 3367 χ
1411 3287 1426 3348 ό
1436 3282 1497 3347 ωσί

230 3392 317 3448 ιινα”
348 3395 489 3463 (revocat
518 3393 623 3454 forma
645 3395 846 3456 homericum
869 3393 1044 3473 τροχόωντα)
1070 3397 1102 3456 et
1126 3409 1166 3454 ne
1191 3393 1291 3454 Attici
1315 3392 1446 3465 quidem
1470 3387 1496 3448 id

231 3492 360 3569 habeut,
392 3509 590 3569 quamquam
620 3494 827 3573 περιίστασθαι
856 3500 1005 3574 περιηχιῖν
1029 3494 1241 3574 περικωμάζειν
1266 3494 1299 3554 in
1323 3492 1383 3553 tali
1406 3491 1497 3552 reiis

231 3611 295 3656 uon
324 3597 487 3671 incognita
516 3599 602 3658 sunt.
634 3598 674 3658 Ni
704 3598 797 3659 fallor
828 3598 923 3660 debet
956 3600 1065 3660 noster
1091 3598 1123 3658 id
1155 3598 1290 3658 verbum
1314 3596 1425 3669 Arato,
1450 3589 1497 3666 qui

231 3696 412 3771 elegantius
431 3713 509 3760 sane
531 3715 576 3760 vs.
592 3700 655 3760 815
679 3697 744 3775 „wi
761 3705 811 3771 (ec.
825 3696 927 3770 ἀλωαὶ)
949 3699 1004 3760 δύο
1026 3693 1054 3759 δ’
1077 3695 1115 3758 άν
1136 3707 1255 3777 χειμῶνι
1267 3694 1498 3774 περιιροχάοινιι

232 3797 390 3877 σελήνην”,
419 3815 501 3873 quae
533 3802 631 3862 rerba
661 3804 826 3877 spectasse
858 3817 933 3862 eum
958 3802 1058 3862 etiam
1082 3801 1188 3875 magis
1213 3799 1391 3862 verisimile
1416 3798 1453 3859 fit
1475 3795 1498 3856 si

137 3985 139 3988 Α
231 3900 455 3974 componimus
477 3918 607 3963 versum
629 3904 719 3963 Arati
733 3904 795 3964 811
817 3918 892 3964 cum
913 3918 960 3963 vs.
975 3903 1028 3963 28.
1045 3935 1083 3947 -
1098 3903 1252 3976 Sequenti
1273 3903 1385 3963 autem
1408 3885 1499 3962 versu

232 4002 260 4061 si
280 4000 356 4086 pop
376 4000 587 4080 ἐμπλέκειν
606 4003 671 4063 τινὰ
691 4005 950 4066 miuuslortasse
962 4004 1083 4065 usitate
1096 4004 1219 4065 dictum
1232 4007 1293 4081 est,
1307 4005 1380 4080 ipsa
1392 4006 1498 4065 tamen

264 4317 285 4386 ¹)
302 4322 340 4369 De
357 4323 438 4370 Borea
455 4323 524 4371 diota
541 4327 601 4372 runt
619 4325 693 4385 plura
710 4324 743 4371 ad
760 4324 806 4371 111.
826 4326 874 4371 114
891 4337 969 4384 supra
987 4336 1045 4384 pag.
1064 4323 1102 4370 tl.

262 4395 283 4463 ²)
300 4403 341 4449 Ite
366 4403 460 4451 colluto
485 4405 564 4464 orph.
588 4403 647 4466 Arp.
672 4406 735 4452 lull
759 4403 898 4464 legendum
920 4416 977 4451 esse
997 4403 1094 4450 conieci
1114 4401 1202 4449 Μιιιτιι.
1221 4402 1288 4449 XIX.
1306 4416 1331 4462 p.
1354 4403 1395 4450 tl.
1413 4403 1499 4451 neuun

231 4481 297 4528 enim
314 4481 388 4529 illum
406 4483 502 4543 Orphei
519 4484 605 4530 locum
623 4496 756 4544 compares
773 4497 832 4530 cum
850 4487 937 4530 nostro
959 4496 1037 4542 quam
1054 4481 1114 4544 Arp.
1134 4483 1181 4529 ⁷08
1204 4485 1342 4544 „floccidis
1359 4481 1499 4549 λρριζοῦιιι”

232 4573 309 4620 quom
337 4562 420 4621 primo
445 4563 537 4610 obtutu
564 4565 697 4621 vulgatum
724 4566 784 4610 κατὰ
808 4563 898 4626 floccis
921 4562 1059 4610 defendere
1086 4562 1181 4611 dixeris
1209 4560 1254 4625 (rs.
1273 4563 1321 4610 708
1344 4575 1405 4611 oum
1425 4561 1500 4611 nostri

236 4652 273 4686 rs.
294 4641 325 4688 ut
344 4641 536 4701 componendus
551 4638 609 4706 est).
