3090 5294
61 483 86 543 Ι.
113 483 244 544 86-91
683 486 724 544 43

62 672 190 731 scilicet
214 673 251 730 ut
273 686 356 731 novo
381 671 535 731 vocabulo
559 671 590 730 id
615 671 791 745 explicaret
816 672 899 746 quod
928 672 1106 745 simplicius
1130 672 1256 731 dixerat
1278 672 1336 731 Ho-

63 789 177 834 merus
201 774 257 834 Od.
283 795 308 833 0.
331 773 395 832 426

242 874 337 951 κούρη
362 867 393 932 δ’
419 868 471 950 εἴμ’
499 874 676 953 Ἀρύβαντος
700 872 755 953 ἐγὼ
779 872 902 953 ῥυδὸν
925 871 1123 949 ἀφνειοῖο.

108 978 163 1036 Vs.
188 977 231 1038 86
254 977 287 1036 in
319 975 474 1036 vocabulo
505 972 691 1051 μεδέουσι
715 977 809 1050 paulo
834 976 1057 1050 neglegentius
1080 991 1177 1035 usum
1201 975 1333 1034 Homeri

61 1079 259 1140 observavit.
285 1077 375 1137 Mitto
396 1077 479 1150 quod
500 1077 662 1137 Homerus
680 1093 744 1137 non
765 1078 828 1136 nisi
846 1078 923 1137 deos
942 1074 1098 1153 μεδέονιυς
1117 1078 1221 1137 dicere
1241 1075 1334 1150 solet,

60 1195 140 1240 narn
172 1179 380 1239 Ptolemaeus
413 1178 609 1239 Callimacho
636 1180 687 1239 dei
717 1179 788 1240 loco
812 1183 890 1255 erat,
920 1194 1032 1240 verum
1060 1194 1188 1253 semper
1215 1177 1335 1237 addidit

60 1282 226 1341 Homerus
249 1281 436 1354 genetivum
460 1281 514 1352 qui
538 1297 557 1340 a
580 1281 746 1355 participio
771 1278 882 1357 μεδέων
902 1281 1064 1357 penderet,
1085 1280 1253 1355 Δυδώνης;
1278 1281 1335 1339 aut

60 1383 252 1458 plerumque
269 1378 400 1458 Ἴδηθεν.
425 1382 508 1441 Huic
531 1383 655 1443 formae
679 1387 788 1442 autern
815 1399 889 1443 curn
914 1382 1047 1451 ablativi
1071 1383 1138 1441 vim
1157 1382 1335 1442 tribuerent

61 1484 208 1545 nonnulli
223 1517 262 1526 -
277 1483 316 1543 cf.
340 1484 438 1543 Arist.
459 1485 498 1544 ad
512 1487 545 1544 Γ.
561 1486 624 1546 276
639 1487 828 1559 —apparet
847 1500 959 1545 eornm
977 1483 1157 1558 opinionem
1171 1497 1234 1542 non
1247 1497 1334 1542 secu·

59 1588 134 1646 tum
158 1600 231 1645 esse
256 1583 500 1660 Callimachum,
521 1600 598 1645 nam
619 1585 672 1645 IV.
695 1588 724 1645 5.
746 1586 928 1659 Apollinem
950 1585 1138 1658 Musageten
1159 1580 1334 1642 ἀοιδάων

59 1684 257 1763 μεδέοντα
289 1687 375 1761 dicit,
405 1689 444 1746 cl'.
468 1686 505 1746 fr.
530 1688 582 1747 96.
609 1687 663 1747 ubi
687 1687 793 1761 phiale
826 1690 963 1747 vovetur
995 1686 1148 1761 Apolllini
1181 1685 1335 1761 ,pedesve

61 1788 175 1847 Νείλεω
208 1786 338 1863 τλήμον’.
371 1790 414 1847 At
446 1791 555 1849 nostro
588 1789 655 1849 loco
679 1805 720 1849 ex
744 1805 805 1848 usu
829 1790 991 1850 homerico
1022 1786 1140 1864 μίδονσι
1163 1787 1226 1847 dici
1248 1801 1333 1860 opor·

59 1891 135 1966 tuit,
159 1905 236 1950 nam
261 1890 293 1950 id
316 1891 421 1949 solum
448 1890 639 1950 vocabulum
665 1892 863 1951 substantivi
891 1892 958 1951 vice
981 1891 1133 1964 fungitur.

107 1993 152 2054 De
186 1992 397 2065 sequentibus
425 2008 527 2066 pauca
560 1994 675 2053 dicam.
708 1993 837 2052 Etenim
869 1994 934 2052 iam
968 1993 1093 2052 monuit
1121 1989 1334 2051 Schneiderus

59 2094 97 2155 οὐ
122 2094 200 2170 μάλα
224 2094 370 2168 posuisse
390 2095 539 2153 nostrum
564 2109 619 2168 pro
640 2088 704 2169 μαλ’
727 2092 774 2169 οὐ,
787 2095 871 2154 idem
893 2094 1071 2153 illustravit
1090 2083 1139 2169 ἦρι
1160 2092 1242 2164 quod
1255 2092 1332 2151 olim
1406 2078 1409 2082 ’

60 2199 149 2256 recte
183 2209 240 2270 pro
274 2191 328 2272 ἠοῖ
357 2196 541 2256 coniectura
577 2197 746 2256 reductum
785 2199 837 2256 est
876 2196 909 2255 in
943 2197 1083 2255 textum.
1117 2194 1334 2255 Callimachus

58 2301 174 2359 autem
201 2312 257 2371 per
288 2297 383 2357 hosce
407 2312 520 2357 versus
545 2298 707 2358 homerica
727 2299 877 2359 hesiodea
900 2297 1023 2371 tragica
1045 2297 1239 2370 permiscere
1268 2308 1331 2352 non

58 2400 190 2461 desinit.
214 2399 334 2458 Vocem
357 2403 521 2457 σλειῶνι
544 2414 599 2472 pro
624 2396 757 2481 ε’νιυυσῷ,
781 2415 880 2473 quam
900 2416 941 2460 ex
968 2398 1105 2458 Hesiodo
1130 2397 1218 2471 (opp.
1246 2398 1333 2456 615.)

58 2502 235 2562 reduxerat
261 2500 425 2573 Lycophro
450 2504 508 2569 (vs.
535 2502 608 2560 201.
637 2501 742 2575 1039),
771 2517 812 2560 ex
836 2501 1041 2574 Lycophrone
1065 2499 1185 2559 sumsit
1209 2501 1328 2556 noster.

58 2604 129 2679 Quo
150 2601 282 2662 consilio
295 2601 391 2661 verbo
410 2601 597 2661 κολούειν
618 2604 650 2662 et
670 2599 831 2660 ἐνικλᾶν
852 2603 904 2661 hic
923 2602 1113 2676 adhibuerit,
1134 2599 1245 2674 quaeri
1264 2599 1331 2659 iarn

56 2720 124 2765 non
148 2719 228 2779 opus
252 2705 319 2778 est;
344 2717 422 2763 nam
446 2704 484 2764 de
506 2719 544 2764 ea
567 2720 601 2764 re
622 2720 704 2777 quae
728 2705 861 2765 dicenda
884 2704 980 2764 habui
1005 2704 1126 2777 optime
1150 2703 1215 2761 iam
1241 2715 1333 2773 expo·

56 2807 127 2866 suit
150 2806 189 2865 de
213 2806 280 2864 lan.
304 2820 333 2879 p.
360 2808 412 2866 93.
449 2806 503 2878 qui
535 2806 603 2865 iure
637 2806 762 2865 monuit
793 2807 941 2865 nostrum
966 2807 1114 2875 (fortasse
1138 2819 1211 2864 curn
1238 2803 1332 2862 Zeno·

57 2909 147 2977 doto)
180 2908 214 2968 Θ.
247 2909 321 2968 408.
353 2908 470 2981 legisse
506 2904 643 2982 ,iuratae
674 2905 733 2966 dtu
768 2907 897 2983 νοήσω”.
929 2909 1076 2968 Adiciam
1101 2909 1230 2967 tantum
1254 2919 1331 2964 voce

55 3007 132 3085 ἄνη
156 3013 200 3078 (=
220 3005 334 3080 ἄνυσις)
358 3025 399 3070 ex
423 3010 583 3083 Aeschylo
608 3008 698 3084 (Sept.
727 3011 800 3079 712)
824 3010 962 3070 fortasse
985 3011 1167 3083 desumpta,
1188 3008 1222 3067 et
1241 3021 1329 3066 voca·

54 3110 134 3170 bulo
157 3110 282 3170 novicio
307 3108 470 3186 μενοινὴ
502 3110 585 3183 quod
609 3115 682 3184 post
708 3110 940 3171 Callimachum
966 3111 1020 3171 alii
1045 3126 1170 3184 quoque
1196 3108 1333 3169 Alexan·

55 3213 143 3273 drini
186 3212 410 3288 adhibuerunt,
454 3213 581 3286 epicum
623 3228 810 3273 sermonem
851 3215 910 3273 hoc
952 3213 1020 3274 loco
1056 3229 1075 3273 a
1110 3215 1204 3287 poeta
1238 3210 1333 3271 ditari

56 3314 172 3374 videri.

119 3516 175 3576 VS.
201 3517 253 3576 91.
299 3520 380 3593 χαῖρε
404 3513 477 3595 μέγα
504 3517 638 3594 Κρονίδη
662 3514 875 3595 πανυπέρτατε,
901 3517 995 3594 δῶτορ
1020 3515 1106 3591 ἕσίων,

305 3618 399 3695 δῶτορ
425 3616 604 3696 ἀπημονίης.
629 3616 678 3677 τεὰ
702 3613 731 3677 δ’
759 3617 887 3698 ἔργματα
911 3619 953 3691 τίς
977 3641 1027 3678 ιιεν
1052 3616 1163 3689 ἀείδοι;

306 3718 342 3780 οδ
366 3715 452 3799 γένετ’
479 3719 535 3780 οὐκ
557 3718 644 3779 ἔσται·
669 3721 711 3792 τίς
734 3743 784 3780 κεν
810 3720 881 3792 Διὸς
906 3716 1019 3800 ἔργματ’
1044 3719 1156 3792 ἀείδοις

303 3826 384 3899 χαῖρε
406 3821 505 3900 πάτερ,
527 3816 599 3899 χαῖρ’
626 3812 712 3898 αὖθι,
735 3822 821 3883 δίδου
846 3817 877 3881 δ’
905 3820 1010 3902 ἀρετήν
1035 3817 1054 3882 τ’
1081 3818 1193 3897 δίφενός
1216 3842 1253 3879 τε.

205 3925 247 3984 95
305 3917 363 3983 οὔτ’
389 3921 493 4000 ἀρετης
517 3920 583 4001 δίτερ
608 3919 696 4001 ὄλβος
719 3921 868 3984 ἐπίσταται
893 3921 1004 4001 ἄνδρας
1029 3920 1134 3997 δέξειν,

304 4020 360 4084 οὔτ’
387 4022 474 4103 ἀρετὴ
499 4022 631 4099 δφένοιο.
657 4025 743 4085 δίδου
771 4021 798 4085 δ’
827 4025 932 4104 ἀρετήν
956 4049 984 4084 τε
1009 4022 1057 4084 καὶ
1079 4022 1176 4102 ὄλβον.

100 4127 224 4186 λίσσοιτο
255 4127 424 4187 iteratione
452 4127 620 4200 languidos
655 4128 771 4200 quibus
795 4131 888 4203 poeta
920 4127 1018 4188 finem
1050 4127 1171 4199 hymno
1195 4125 1332 4199 imponit

54 4227 216 4301 exscripsi
239 4228 465 4288 tantummodo
489 4229 606 4301 nequid
635 4229 773 4290 deesset.
799 4230 905 4289 Pauca
926 4230 1012 4289 enim
1034 4228 1209 4287 admodum
1221 4228 1333 4287 insunt

53 4328 175 4402 quibus
204 4328 358 4388 lectorem
394 4330 537 4391 detinere
574 4331 691 4390 ausim.
725 4331 853 4392 Videbit
884 4331 967 4391 ultro
999 4331 1105 4404 quivis
1137 4344 1200 4390 non
1223 4330 1333 4389 minus

53 4444 156 4505 quam
188 4430 221 4488 in
253 4432 382 4491 exordio
415 4447 565 4492 servasse
589 4436 718 4506 poetam
743 4434 910 4506 antiquam
943 4434 1081 4494 formam
1106 4441 1165 4492 τῶν
1188 4434 1333 4509 κληιικῶν

54 4532 172 4608 ὕμνων,
222 4532 358 4592 iteratae
401 4533 590 4593 salutationi
632 4550 743 4608 preces
785 4550 840 4609 pro
879 4535 984 4594 salute
1016 4535 1170 4594 felicitate
1205 4534 1333 4594 dotibus

54 4633 177 4708 ingenii
202 4632 433 4709 subicientem;
459 4633 497 4696 cf.
523 4635 625 4708 hymn
650 4636 734 4695 hom.
749 4635 817 4696 Vll.
834 4638 884 4696 15.
898 4636 954 4697 IX.
969 4638 998 4696 ε’).
1020 4633 1083 4708 (δός
1105 4629 1135 4693 δ’
1158 4634 1330 4714 ἱμερόεσσαν
