3104 5296
79 449 124 510 IV.
149 448 324 512 136-140
676 452 738 510 143

335 628 355 715 ἦ
380 634 417 714 ῥα
440 633 490 694 καί
514 632 546 695 ἕν
569 634 657 719 δεινῷ
682 634 763 695 σάκει
787 633 896 714 ἤλασεν
919 633 1044 715 ὄβριμον
1067 635 1149 718 ἔγχος

336 734 512 821 σμερδαλέῳ·
536 733 610 815 μέγα
636 730 665 797 δ’
692 734 770 815 ἀμφὶ
793 737 882 810 σάκος
906 738 980 816 μύκε
1003 738 1111 818 δουρὸς
1134 738 1236 826 ἀκωκῇ
1263 737 1293 812 ¹).

113 841 208 902 Haud
229 839 430 912 ineleganter
441 842 554 900 tamen
568 840 648 900 haec
659 839 777 901 ultima
789 841 951 901 ornatiora
963 841 1066 903 reddit
1077 845 1181 918 poeta.
1194 843 1240 904 Ut
1251 845 1337 905 enim

74 942 233 1003 Homerus
275 942 368 1016 clipei
413 942 559 1015 percussi
601 943 746 1002 sonitum
793 940 1006 1020 μυκηθμὸν
1050 945 1137 1020 dicit,
1183 947 1341 1007 translate

74 1044 166 1104 verbo
201 1059 282 1104 usus
314 1059 376 1117 quo
406 1045 531 1118 proprie
567 1044 664 1104 boum
695 1044 841 1117 mugitus
872 1044 1006 1106 indicari
1037 1046 1134 1122 solet,
1154 1047 1201 1107 ita
1224 1044 1339 1107 ἐλελί-

73 1146 149 1216 ζειν
184 1143 239 1222 τὴν
274 1142 386 1204 ἀσπίδα
420 1147 532 1206 noster
564 1146 651 1220 dicit,
686 1146 891 1206 iubilantium
923 1147 1067 1207 militum
1094 1148 1270 1209 clamorem
1299 1150 1338 1210 ad

72 1247 207 1321 clipeum
235 1246 387 1307 referens.
409 1246 553 1321 clipeum
575 1249 686 1307 autem
707 1261 781 1307 cum
801 1248 922 1308 diceret
934 1248 1080 1309 intonare
1096 1246 1339 1326 ,tvontrov”,

71 1349 176 1408 nescio
208 1362 250 1407 an
282 1348 409 1408 Pindari
439 1349 626 1409 recordatus
650 1349 703 1423 sit,
728 1363 747 1407 a
778 1363 840 1421 quo
865 1349 1012 1410 versibus
1036 1351 1249 1412 nobilissimis
1272 1352 1339 1413 Bel·

71 1451 272 1525 lerophontes
307 1452 458 1510 cantatus
493 1453 591 1525 esset,
628 1450 682 1524 qui
718 1449 841 1523 Pegaso
877 1453 991 1511 vectus
1030 1450 1155 1525 ,etatae
1178 1451 1340 1531 χαλκωθεὶς

71 1549 185 1623 ἔπαιζεν
208 1549 377 1627 ίνόπλιον”,
403 1551 459 1622 (Ol.
484 1552 574 1612 XIII.
599 1552 663 1620 89).

111 1652 216 1713 Verbo
250 1655 380 1714 tantum
416 1654 564 1728 monebo,
595 1667 673 1713 nam
706 1652 849 1712 taedium
886 1652 952 1713 iere
977 1656 1088 1715 movet
1110 1656 1262 1716 contiuua
1285 1657 1341 1718 illa

71 1754 289 1815 imitationum
324 1755 541 1831 investigatio,
573 1755 677 1814 redire
700 1756 829 1827 poetam
854 1755 892 1814 ad
929 1755 1098 1816 exordium
1122 1756 1194 1818 libri
1217 1759 1251 1816 N
1264 1774 1339 1819 cum

73 1873 115 1917 re.
132 1859 194 1917 137
219 1864 379 1917 memoret
399 1856 500 1918 Ossae
514 1858 590 1932 iuga
603 1856 779 1916 trementia
800 1889 833 1898 —
846 1857 886 1914 N.
903 1858 941 1916 ll
963 1858 1176 1920 descendente
1192 1860 1340 1934 Neptuno

76 1956 119 2033 ,ἕξ
153 1956 279 2036 copto?
311 1961 410 2020 etiam
445 1956 546 2036 ,τρέμε
579 1951 608 2016 δ’
636 1954 726 2035 οὔρεα
749 1954 847 2035 μακρδι
870 1956 920 2016 καὶ
952 1957 1030 2035 taff
1058 1992 1097 2002 —
1120 1961 1201 2037 tum,
1233 1962 1341 2023 verbis

77 2056 275 2138 ,texuerat
318 2058 508 2120 Πίνδοιο“’
552 2059 708 2119 illustrari
753 2058 860 2119 locum
903 2058 1067 2133 Odysseae
1106 2065 1142 2138 (γ.
1177 2061 1252 2132 294)
1286 2063 1341 2124 ubi

77 2159 208 2244 ,ἐσχατιῇ
243 2159 412 2236 Γόρτυνος”
449 2161 572 2221 dictum
608 2162 679 2220 erat
713 2174 776 2219 non
812 2175 943 2234 prorsus
975 2161 1087 2222 eodem
1115 2178 1213 2224 sensu
1244 2180 1341 2238 quem

74 2266 187 2324 ceteris
222 2264 301 2324 locis
336 2263 372 2340 td.
409 2265 490 2337 391;
525 2262 550 2321 δ.
583 2264 666 2336 517;
699 2283 719 2321 ε.
755 2263 829 2332 238)
861 2263 985 2323 obtinet
1009 2264 1202 2325 vocabulum
1226 2262 1341 2343 ἐσχατιὴ

74 2366 154 2440 apud
168 2366 364 2439 Homerum;
386 2368 550 2439 postremo
571 2364 713 2424 nondum
734 2366 921 2425 accuratam
941 2365 1033 2425 illam
1046 2366 1135 2426 vocis
1155 2364 1251 2444 φόβος
1263 2368 1342 2428 noti·

74 2467 150 2526 tiam
175 2467 328 2527 habuisse
353 2466 587 2527 Callimachum
611 2481 693 2539 quae
713 2469 826 2540 postea
849 2467 911 2526 iuit
930 2467 1120 2542 Aristarchi,
1144 2471 1201 2528 aut
1222 2469 1340 2530 saltem

75 2583 132 2628 non
164 2584 296 2629 curasse
319 2584 359 2628 ne
383 2569 496 2629 latiore
519 2584 618 2628 sensu
641 2583 741 2640 quam
761 2568 923 2627 Homerus
945 2568 1042 2629 verba
1062 2567 1157 2646 φόβος
1178 2574 1210 2631 et
1234 2572 1341 2648 φοβεῖν

76 2671 245 2731 adhiberet.
266 2670 349 2730 Nam
378 2668 504 2754 ,oddo
529 2665 732 2747 ὠρχήσατο
756 2678 859 2727 πᾶσα
886 2670 1102 2746 aseroth?
1126 2673 1218 2748 dixit,
1242 2674 1339 2734 terro·

76 2787 138 2832 rem
174 2788 239 2832 non
273 2772 382 2845 fugam
414 2772 569 2846 indicans,
594 2771 688 2845 idque
712 2786 753 2830 ne
776 2786 860 2831 nunc
883 2772 1014 2844 quidem
1040 2772 1145 2833 verbis
1168 2775 1237 2834 suis
1259 2790 1340 2835 usus

76 2874 127 2934 sed
150 2873 303 2946 Aeschyli
326 2875 380 2947 qui
403 2874 566 2948 aliquanto
589 2873 711 2933 rectius
737 2871 862 2948 Oboeplt.
891 2875 951 2934 167
977 2874 1103 2935 dixerat

292 2973 386 3054 λέγοις
410 2972 455 3034 tv·
480 2971 609 3053 ὀρχεῖται
632 2970 664 3033 δὲ
688 2974 796 3049 καρδία
820 2974 916 3058 φόβῳ.
1427 3056 1429 3061 Ι

115 3078 259 3137 'landem
283 3082 394 3138 autem
418 3093 515 3137 suum
539 3077 678 3137 fortasse
698 3077 793 3136 affert
816 3093 890 3137 cum
915 3078 1073 3138 aoristum
1097 3078 1210 3138 scribit
1232 3076 1339 3156 ἔβρα-

78 3200 147 3252 μεν.
173 3180 276 3254 Quam
300 3180 450 3256 formam,
478 3180 606 3240 aliunde
637 3194 701 3239 non
733 3181 906 3253 cognitam,
930 3180 1088 3239 intactam
1112 3180 1248 3253 relinqui
1271 3181 1340 3241 iure

78 3279 160 3342 iubet
183 3281 406 3357 Schneiderus,
431 3297 468 3342 eo
493 3282 599 3354 magis
621 3281 704 3353 quod
729 3282 829 3340 etiam
853 3281 1096 3341 substantivum
1119 3272 1190 3358 ἦχος
1213 3297 1269 3356 pro
1285 3278 1341 3360 ἠχὴ

79 3383 259 3444 recentioris
284 3382 476 3443 Graecitatis
499 3398 571 3443 esse
597 3383 731 3442 videtur.
750 3383 849 3442 -De
873 3383 1031 3442 adiectivc
1055 3379 1207 3459 δυσαὴς
1229 3385 1342 3457 paucis

80 3484 274 3560 disputatum
299 3486 351 3544 est
373 3500 470 3559 supra
493 3499 564 3558 pag.
592 3486 643 3544 71.

118 3677 171 3737 Vs.
200 3677 273 3735 141.
297 3671 337 3746 ὡς
365 3669 391 3734 δ’
418 3668 496 3735 ὁπότ’
523 3673 667 3734 Αἰτναίου
693 3670 775 3751 ὄρεος
800 3670 872 3751 πυρὶ
895 3671 1074 3749 τυφομένοιο

296 3775 423 3836 σείονται
446 3774 524 3854 μυχδι
547 3775 644 3835 πάντα
666 3774 857 3835 κατουδαίοιο
881 3774 1018 3855 γίγαντος

297 3877 338 3950 εἰς
360 3875 461 3956 ἑτέρην
485 3880 631 3956 Βριαρῆος
655 3874 788 3954 ἐπωμίδα
811 3873 993 3954 κινυμένοιο,

296 3980 475 4061 θερμάστραι
500 4002 528 4039 τε
551 3977 722 4059 βρέμουσιν,
745 3974 796 4055 ὑφ’
820 3974 987 4054 Ἡφαίστου
1012 3999 1041 4037 τε
1063 3977 1211 4063 πυράγργ·

211 4085 273 4143 14ἕ)
297 4081 366 4162 ἔργα
389 4087 477 4159 θεοῦ,
498 4079 598 4141 δεινὸν
622 4077 654 4141 δὲ
676 4080 857 4159 πυρίκμνγτοί
877 4102 906 4139 τε
930 4076 1047 4157 λέβητες

297 4182 347 4244 καὶ
369 4184 503 4262 τρίποδες
526 4183 681 4255 πίπτοντες
705 4178 746 4243 ἐπ’
774 4180 909 4260 ἀλλήλοις
933 4182 1053 4259 ιάχεῦσι·
1147 4222 1148 4229 ι

296 4293 387 4363 τῆμος
410 4281 496 4365 ἔγεντ’
521 4282 633 4365 ἄραβος
657 4284 760 4357 σάκεος
784 4283 869 4355 τόσος
892 4281 1048 4344 εδκύκλοιο
1075 4277 1108 4354 ²).

110 4469 128 4530 ¹)
143 4474 212 4520 Num
239 4474 304 4518 torta
332 4475 438 4532 proptor
460 4472 531 4518 verbi
550 4479 678 4535 σμαραγιῖν
694 4484 769 4518 usum
787 4469 913 4529 suspicari
932 4470 1020 4516 licebit
1037 4468 1222 4516 Callimachum
1240 4482 1343 4528 quoque

81 4549 125 4598 iarn
143 4553 238 4610 legisse
257 4565 287 4598 eo
304 4552 360 4598 loco
377 4552 518 4614 σμερδαλέον
535 4554 562 4598 et
579 4564 637 4598 eum
655 4550 825 4608 sequentibus
843 4549 869 4594 id
887 4548 1066 4596 coniunxisse?

109 4627 183 4692 ²)Da
209 4645 245 4677 vs.
267 4634 313 4677 lte
331 4632 459 4690 disputavi
479 4628 564 4676 Mitem.
583 4631 648 4676 xlx.
667 4644 692 4689 p.
721 4631 751 4675 73
771 4629 815 4674 ubi
836 4628 1011 4687 recipiendum
1028 4640 1085 4673 asae
1103 4627 1154 4673 dixi
1171 4627 1343 4673 Blomflaldia·
