3068 5288
680 476 722 537 47

62 654 282 720 delineaverit
310 661 455 739 tantum,
488 678 553 724 non
583 663 780 742 depinxerit,
817 664 987 739 aptissime
1018 667 1130 726 tamen
1162 666 1196 725 et
1226 678 1339 725 conve·

63 760 196 821 nienter
227 762 258 823 ei
288 763 388 825 indoli
419 781 482 840 qua
512 766 629 842 priscis
660 767 827 828 Thessalis
856 767 1002 842 praedita
1032 765 1212 840 videbatur,
1237 766 1284 826 ita
1307 766 1339 825 in

61 861 182 936 hymni
207 865 299 926 exitu
322 866 446 929 salutat
470 873 529 940 (ve.
558 870 649 940 idol:

289 972 371 1046 χοῖρε
394 966 453 1029 θεὰ
471 967 525 1029 καί
548 970 637 1031 τάνδε
660 970 722 1032 σάω
744 969 843 1048 πόλιν,
864 969 895 1032 ἔν
920 965 947 1030 δ’
975 966 1100 1052 ὁμονοίᾳ

291 1066 323 1128 ἔν
347 1063 368 1130 τ’
394 1069 544 1154 conaelle.
567 1066 588 1143 ¹)

108 1295 172 1356 Sed
193 1296 233 1356 ad
254 1297 336 1358 alias
354 1299 540 1375 Minyarum
557 1302 652 1363 sedes
669 1302 834 1363 auditores
847 1304 942 1376 poeta
953 1301 1091 1362 arcessit
1103 1315 1178 1360 cum
1190 1299 1338 1360 Athenae

60 1395 178 1458 laudes
210 1401 374 1461 canendae
404 1405 491 1464 sunt.
531 1403 712 1478 Tamquam
745 1404 777 1463 in
809 1405 950 1464 transitu
981 1403 1064 1463 hanc
1096 1402 1191 1462 deam
1215 1402 1338 1476 hymno

62 1502 161 1559 sexto
184 1501 348 1578 nominat,
374 1519 422 1565 vs.
448 1506 670 1567 renarrans:

290 1593 389 1680 ἧνθον
409 1599 577 1680 Ἰτωνιάδος
600 1630 649 1667 νον
673 1607 833 1681 Ἀθαναίας
856 1601 899 1668 ἐπ’
924 1604 1020 1668 ἄεθλα

286 1700 454 1783 Ὀρμενίδαο
477 1705 645 1783 καλέοντες,

61 1806 181 1879 quibus
211 1808 324 1870 sedulo
355 1810 443 1872 dedit
473 1827 605 1888 operam
629 1814 667 1873 ut
689 1813 848 1874 iudicaret
870 1813 1026 1889 pristinos
1049 1810 1124 1871 illos
1147 1807 1336 1870 Thessaliae

61 1906 201 1968 incolas·
224 1925 262 1970 ao
295 1927 389 1987 reges
423 1915 617 1990 praesertim
656 1914 796 1976 coluisse
826 1915 992 1977 Athenam
1023 1912 1115 1974 illam
1146 1927 1229 1986 quae
1261 1925 1336 1971 oum

61 2010 173 2082 gentis
206 2012 358 2074 Aeolidae
392 2015 570 2091 originibus
604 2017 789 2077 arctissime
824 2016 1025 2091 cohaereret,
1067 2014 1159 2075 cuius
1193 2012 1336 2088 auspicio

61 2110 152 2184 Argo
182 2112 278 2172 navis
311 2129 331 2173 a
357 2114 477 2190 Minyis
500 2116 670 2178 aedificata
700 2120 733 2179 et
763 2132 820 2193 per
850 2118 955 2179 maria
985 2118 1081 2177 vecta
1107 2117 1196 2177 esset
1216 2107 1248 2185 ²).
1277 2114 1337 2173 No·

63 2214 159 2273 verat
181 2215 293 2275 autem
316 2217 439 2292 optime
461 2219 513 2280 vir
535 2221 777 2281 eruditissimus
800 2221 887 2280 hunc
916 2219 1053 2280 Itonidis
1076 2217 1202 2279 cultum
1224 2217 1339 2292 postea

63 2331 107 2375 ex
130 2316 301 2379 Thessalia
322 2334 436 2381 secum
459 2322 593 2383 duxssse
614 2323 746 2398 Aenea,
771 2324 881 2383 ineas
903 2321 1056 2383 Boeotiae
1079 2320 1174 2381 sedes
1197 2319 1336 2395 migran-

62 2420 129 2493 tes,
162 2435 244 2494 quae
278 2422 461 2496 Minyarum
490 2440 627 2499 regnum
661 2424 931 2485 florentissimum
962 2422 1131 2482 vidissent.
1164 2420 1210 2479 Ea
1239 2421 1338 2495 igitur

62 2535 158 2582 sacra
182 2523 345 2586 Minervae
376 2527 413 2586 ut
437 2528 596 2602 cantaret,
622 2526 765 2586 similem
798 2527 895 2601 atque
918 2525 952 2585 in
975 2525 1070 2584 sexto
1094 2522 1217 2596 hymno
1241 2521 1335 2581 ratio·

61 2637 139 2683 nem
163 2624 237 2685 iniit
258 2627 381 2700 hymno
406 2629 532 2704 quinto,
557 2644 620 2703 quo
644 2629 787 2689 carmine
806 2629 877 2688 sive
897 2642 1011 2688 revera
1030 2624 1228 2700 Argivorum
1244 2623 1334 2683 iussu

61 2724 205 2786 celebrat
235 2728 305 2788 sive
329 2730 457 2791 iussum
480 2746 516 2791 se
541 2729 635 2806 fingit
658 2730 819 2792 celebrare
845 2730 968 2790 festum
998 2727 1158 2802 Argivum
1184 2732 1243 2783 τῶν
1266 2724 1335 2783 tod-

59 2846 146 2899 τοων.
177 2826 281 2889 Deam
314 2832 404 2891 enim
435 2832 606 2907 argivam,
640 2832 849 2893 celeberrimo
872 2830 962 2891 cultu
985 2831 1082 2903 atque
1106 2826 1335 2900 antiquissimo

59 2930 94 2988 in
118 2930 208 2991 urbis
231 2945 305 2993 arce
328 2933 522 2996 honoratam
545 2936 642 2996 iustis
661 2951 741 2996 sane
764 2933 1010 3010 cognominibus
1030 2932 1123 2992 ornat
1146 2929 1204 2989 sed
1223 2931 1335 2988 tamen

59 3032 211 3106 inprimis
234 3049 308 3095 eam
332 3037 460 3097 divinae
483 3037 619 3112 virginis
646 3037 824 3112 imaginem
859 3035 1004 3112 depingit
1033 3049 1115 3108 quae
1139 3030 1223 3106 apud
1247 3030 1335 3089 cives

57 3148 137 3193 suos
172 3139 261 3195 esset
291 3137 421 3212 cognita
450 3141 548 3212 atque
579 3139 706 3199 dilecta.
738 3138 858 3214 Hippia
889 3139 977 3198 enim
1008 3135 1139 3197 Athena
1162 3134 1213 3193 est
1235 3146 1334 3205 quam

57 3235 151 3295 initio
176 3238 332 3298 carminis
355 3239 496 3300 salutat:

273 3334 379 3398 ‘'Ooom
403 3339 558 3420 ίωτροχόοι
581 3350 632 3413 τᾶς
657 3342 831 3417 Παλλάδος,
854 3340 925 3414 ἔξιτε
947 3349 1055 3416 πᾶσαι,

58 3550 280 3560 —--.-.-—--.

92 3684 110 3738 1ί
129 3688 232 3736 Cereris
253 3691 411 3739 Homonoiaa
439 3706 489 3739 non
509 3693 651 3740 nomentio
669 3706 684 3739 a
702 3692 866 3740 Callimacho.
885 3691 1007 3739 Oboritur
1024 3693 1110 3737 autem
1129 3685 1254 3746 suspicio,
1271 3690 1330 3727 oum

56 3772 190 3828 umquam
213 3776 254 3829 της
275 3773 385 3828 ὁμονοίας
405 3771 453 3819 dea
476 3773 594 3819 tutelarls
615 3773 658 3819 hic
681 3785 696 3818 a
718 3776 795 3833 poeta
818 3772 895 3819 Ceres
918 3771 1053 3830 salutetur,
1069 3767 1139 3814 haud
1157 3766 1254 3813 aluisse
1272 3776 1331 3809 eum

55 3848 89 3895 ab
115 3849 251 3912 opinione,
273 3850 428 3898 Boeotorum
454 3851 586 3911 Cererem,
613 3865 680 3911 quae
706 3865 737 3899 ex
765 3851 898 3899 Thessalia
926 3863 955 3897 ao
976 3851 1063 3896 monte
1087 3845 1195 3894 Homole
1219 3842 1331 3890 deducta

56 3940 126 3984 met
143 3928 247 3976 'l'hebas
270 3932 348 3990 atque
364 3929 401 3977 ibi
421 3931 524 3978 nomine
546 3938 586 3991 της
602 3931 727 3990 'carretae
747 3931 804 3978 rive
822 3930 942 3987 ὀμοίοίος
958 3925 1093 3983 oderetur,
1113 3924 1217 3986 proprie
1235 3922 1330 3970 dictum

58 4009 139 4055 luisse
157 4007 285 4066 ‘oporam
307 4009 377 4056 Haeo
401 4009 451 4057 ruit
472 4011 565 4058 saltem
588 4010 648 4057 latri
671 4010 758 4071 opinio
782 4011 815 4058 de
837 4010 898 4057 Iove
918 4009 1032 4070 ὀμοίοίῳ
1053 4007 1087 4053 οί.
1104 4005 1150 4052 let
1170 4002 1238 4063 apud
1255 4002 1330 4049 Phoc

56 4101 77 4134 ο·
95 4100 119 4134 v·
134 4087 268 4144 ὀμοίοοο
282 4089 408 4148 saumg
424 4090 450 4136 n
467 4089 590 4138 maneri
607 4091 702 4138 nexioo
720 4091 741 4138 1.
759 4091 832 4138 aroc.
850 4089 958 4136 senten
978 4085 1020 4134 cr.
1038 4084 1122 4147 οιορο.
1139 4083 1160 4130 1.
1178 4097 1203 4143 ρ.
1222 4083 1278 4128 roe.

89 4162 109 4228 ²)
131 4168 217 4228 Apoll.
242 4167 332 4231 Argon.
358 4169 378 4216 L
403 4170 449 4217 bol
485 4170 624 4217 lierkelius
650 4171 749 4230 reecpit
775 4170 912 4217 lectionem
937 4165 1103 4216 Laurentium
1131 4162 1274 4251 Τραοοίδορ.
1299 4160 1329 4207 ln

58 4246 162 4294 scholiis
185 4251 272 4296 antem
299 4248 384 4303 Ἰοοοίς
406 4249 557 4310 explicatur,
575 4249 645 4309 quod
661 4249 742 4297 altera
760 4263 852 4297 manus
869 4260 972 4309 quoqne
989 4244 1090 4293 addidit
1107 4242 1132 4289 ln
1150 4243 1329 4290 Laurentrano.

58 4325 187 4374 Sabellum
210 4327 274 4375 mihi
295 4330 392 4377 rectam
415 4330 551 4378 lectionem
574 4342 690 4377 servasse
707 4329 817 4391 videtur,
835 4339 992 4389 quamquam
1009 4326 1030 4374 1.
1049 4325 1097 4372 loo
1115 4325 1142 4370 et
1161 4322 1206 4369 'ldl
1225 4319 1329 4380 Apollo·

59 4405 115 4452 nino
134 4407 263 4469 Τριτωνίδα
280 4407 355 4455 deam
372 4409 449 4466 dixlt;
468 4409 559 4457 saltem
578 4413 648 4457 reete
665 4410 813 4467 observato,
831 4412 857 4456 οί
879 4421 911 4456 ex
932 4408 1038 4466 antiquo
1060 4405 1132 4451 fonte
1154 4401 1246 4447 hausta
1269 4401 1330 4445 sunt

60 4496 123 4543 quae
144 4486 303 4535 adiciuntur:
327 4488 441 4545 „iamim
464 4491 566 4548 Ἀθηνᾶς
580 4492 642 4536 totu
665 4490 726 4551 ίορὸν
748 4493 772 4536 lv
790 4492 909 4554 Κοροοοίρ
926 4495 965 4547 τῆς
982 4488 1101 4537 Βοιωτίας.
1120 4483 1133 4528 d
1149 4481 1228 4540 μίνοοο
1245 4481 1327 4525 Ἀκολ-

60 4567 133 4620 idum
150 4568 192 4613 oon
210 4566 239 4614 d·
255 4567 317 4625 λέγοι
332 4568 374 4626 τὴν
390 4572 495 4629 Ἀθηνᾶν
511 4570 548 4615 lul
566 4575 696 4631 κατασκευῇ
713 4576 752 4628 τῆς
768 4571 863 4631 Ἀργοῦς
879 4568 926 4614 dut
944 4574 983 4625 τῆς
1001 4569 1024 4612 lu
1043 4564 1162 4626 Κορωνείᾳ
1179 4562 1326 4618 medium,

61 4648 142 4696 μᾶλλον
159 4645 185 4692 do
201 4646 250 4693 dud
272 4649 414 4706 Θοοοαλικης
428 4649 535 4701 Ἰωνίας
551 4650 603 4711 napi
623 4644 646 4707 ἧς
659 4647 781 4701 Ἑκαταῖος
797 4665 817 4693 κ.
835 4663 854 4693 r.
871 4644 907 4694 2.’‘
