3104 5286
677 493 737 553 121

61 684 104 743 lit
134 683 170 742 in
201 681 394 743 callimachi
424 682 544 742 saltem
575 681 709 756 hymnis
740 680 874 754 antiqua
903 679 969 738 iam
1002 679 1036 737 et
1066 673 1212 736 stabilita
1234 674 1338 748 potes·

61 787 131 846 tate
161 784 307 860 gaudent
333 764 503 860 Olympii,
523 786 714 857 remotaque
744 781 853 856 procul
885 780 942 839 illa
976 781 1085 838 aetate
1115 790 1179 849 qua
1210 775 1337 834 Prome·

60 887 159 947 theus
192 894 254 946 τῶν
284 881 435 964 προτέρων
465 888 547 944 θεῶν
578 884 683 945 multo
718 883 825 957 magis
856 896 954 955 quarn
989 878 1202 940 Gronidarum
1234 874 1338 935 cultor

62 987 234 1064 Olympios
265 989 471 1063 increpuerat
495 983 578 1062 ,otor
599 981 662 1044 νέοι
685 985 835 1062 nostele?
852 978 886 1058 ¹),
911 981 1091 1042 secundum
1120 980 1227 1041 certas
1249 976 1339 1051 leges

61 1090 244 1150 constituta
271 1092 323 1150 est
346 1089 498 1163 Olympia
525 1087 652 1148 civitas.
677 1085 785 1145 Habet
803 1099 901 1144 suum
921 1082 1056 1156 quisque
1075 1093 1212 1140 munus:
1226 1078 1339 1138 Iovem

61 1189 224 1251 allocutus
253 1191 315 1250 hoc
337 1191 384 1250 ita
406 1189 528 1250 indicat
550 1186 772 1248 callimachus
795 1186 819 1245 Ι.
846 1185 888 1245 70

288 1289 363 1352 εἵλευ
386 1284 415 1350 δ’
441 1288 552 1372 αἰζηῶν
576 1287 620 1349 ὅτι
643 1285 798 1368 φέρτατον,
820 1285 857 1347 οὐ
881 1286 919 1347 σύ
942 1306 974 1365 γε
997 1292 1080 1362 νηῶν

288 1390 490 1473 ἒμπεράμανς,
512 1388 569 1451 oon
591 1387 688 1470 ἄνδρα
711 1385 913 1464 σακέσπαλον,
936 1385 973 1448 οὐ
997 1382 1051 1464 μὲν
1073 1382 1189 1460 ἀοιδόν,

288 1490 362 1553 ἀλλὰ
381 1490 416 1553 τὰ
439 1488 493 1571 μὲν
516 1489 698 1570 μακάρεσσιν
722 1485 850 1561 ὀλίζοσιν
874 1479 950 1548 αὖθι
972 1495 1109 1567 παρῆκας

288 1591 362 1655 ἄλλα
384 1592 483 1671 μέλειν
506 1590 636 1672 ἑτέροισι·
660 1590 698 1652 σὺ
722 1586 749 1651 δ’
776 1587 870 1664 ἐξέλω
893 1589 1097 1669 πτολιάρχονς.

61 1697 284 1759 Gonflrmatur
313 1697 404 1759 hisce
434 1696 570 1770 antiqua
595 1702 654 1754 τῶν
688 1691 805 1753 δώδεκα
839 1696 922 1753 θεῶν
957 1692 1161 1766 constitutio,
1198 1689 1340 1749 Volcano

60 1799 157 1875 fabri,
182 1801 360 1860 venatores
382 1797 519 1872 Dianae,
545 1795 674 1857 Phoebo
697 1797 792 1855 vates
816 1797 913 1869 atque
936 1797 1051 1869 poetae
1074 1792 1286 1866 designantur
1307 1782 1339 1860 ²).

106 2097 179 2156 Iam
211 2093 314 2153 oritur
345 2094 507 2169 quaestio,
539 2107 620 2153 num
652 2093 684 2153 in
721 2094 782 2153 hac
817 2093 1043 2168 Olympiorum
1078 2092 1212 2152 civitate
1241 2103 1338 2165 quae,

59 2197 190 2271 legibus
229 2194 291 2253 rite
329 2195 522 2269 constituta,
563 2194 700 2269 imperio
738 2194 826 2253 Iovis
857 2192 1000 2269 obediat,
1033 2193 1271 2267 quodammode
1302 2207 1339 2253 eo

60 2299 129 2358 iam
153 2295 269 2356 tendat
286 2299 393 2371 poeta,
420 2299 456 2357 ut
479 2296 519 2355 ad
543 2295 823 2356 monotheismum
843 2295 1007 2356 auditores
1027 2295 1173 2356 deducet.
1195 2293 1338 2369 Aphilo·

60 2398 175 2474 sophie
206 2397 295 2457 enim
326 2400 457 2458 constat
487 2397 554 2457 iam
585 2400 683 2457 antea
713 2397 825 2457 Iovem
856 2396 903 2456 ita
929 2411 1080 2457 summae
1104 2412 1214 2457 rerum
1236 2396 1338 2456 fuisse

59 2499 299 2575 praepositum,
334 2502 384 2574 ut,
409 2499 480 2558 sive
504 2498 664 2558 mundum
694 2497 867 2573 gubernari
890 2497 929 2557 ab
954 2512 1005 2573 eo,
1030 2499 1101 2558 sive
1126 2513 1201 2558 eum
1225 2497 1338 2558 mundi

60 2604 169 2678 ipsam
201 2615 273 2661 esse
304 2602 503 2676 potestatem
533 2599 777 2675 praedicabant,
809 2598 1067 2659 dissolverentur
1098 2599 1130 2658 in
1163 2598 1251 2658 Iovis
1281 2613 1336 2657 nu-

61 2717 139 2763 men
170 2704 354 2764 ceterorum
384 2704 519 2764 deorum
545 2717 712 2777 personae.
742 2703 803 2762 Sed
831 2717 949 2777 purum
977 2703 1010 2760 et
1036 2702 1201 2762 sincerum
1228 2714 1337 2760 mono·

60 2805 243 2865 theismum
284 2808 363 2865 tunc
403 2805 467 2881 ipsi
500 2805 712 2867 Alexandrini
755 2805 990 2879 cognorerunt,
1035 2818 1110 2864 curn
1142 2802 1336 2862 Iudaeorum

3 2939 4 2944 ι
60 2905 133 2966 libri
156 2906 242 2965 sacri
265 2905 500 2966 Alexandriam
521 2906 651 2966 adducti
675 2907 708 2966 et
732 2906 853 2966 Graece
876 2905 963 2964 versi
987 2904 1084 2978 inque
1106 2903 1207 2964 Musei
1226 2901 1335 2962 biblio·

60 3008 192 3069 thecam
212 3008 333 3082 recepti
352 3009 472 3068 essent.
494 3008 580 3067 Num
597 3022 692 3067 sacra
711 3007 834 3081 scripta
854 3007 984 3080 cognita
999 3008 1093 3066 erant
1112 3003 1337 3066 Callimacho?

63 3108 225 3183 Proiecto,
245 3109 274 3167 si
292 3109 442 3169 Aristeae
462 3109 603 3184 epistula
622 3108 662 3168 ad
682 3108 915 3182 Philocratem,
934 3107 1080 3182 quisquis
1092 3106 1245 3184 σύνταγμα
1258 3104 1337 3164 illud

63 3209 259 3286 composuit,
292 3209 378 3270 haud
413 3210 468 3269 diu
498 3211 573 3285 post
603 3209 805 3284 Philadelphi
835 3211 976 3269 mortem
1009 3210 1191 3283 conscripta
1221 3209 1273 3267 est
1298 3198 1336 3279 ³),

6 3317 7 3320 ’
63 3325 118 3384 pro
156 3313 245 3371 certo
283 3313 397 3385 putare
426 3311 549 3384 licebit,
581 3314 713 3386 poetam
745 3326 787 3371 ex
813 3314 905 3387 parte
939 3311 1058 3371 saltem
1093 3324 1205 3370 sacros
1239 3307 1337 3368 libros

3 3447 4 3487 ρ
64 3410 128 3472 iam
159 3412 307 3486 cognitos
338 3413 504 3489 habuisse,
538 3413 654 3488 quippe
686 3412 754 3487 qui,
787 3412 915 3486 quidvis
945 3413 1021 3473 novi
1052 3412 1163 3472 audire
1187 3410 1335 3485 cupidus,

67 3512 203 3591 „livor”
226 3546 265 3556 -
290 3517 328 3574 ut
350 3514 419 3588 ipse
443 3516 482 3575 de
506 3529 542 3573 se
565 3514 687 3574 fatetur
707 3546 747 3556 —
771 3513 993 3589 ,neoueouar'',
1019 3515 1051 3574 et
1071 3511 1237 3589 πολυίστωρ
1256 3510 1336 3570 haec

95 3780 114 3843 ¹)
133 3783 226 3829 Aesoh.
252 3781 373 3830 Promoti.
396 3785 453 3831 Pto.
475 3784 550 3845 Apud
573 3785 659 3845 ipsum
686 3784 872 3832 callimachum
898 3781 1042 3830 Promethei
1066 3784 1096 3829 dt
1118 3781 1215 3829 mentio
1236 3776 1338 3825 dnobus

62 3859 298 3922 fragmentisque
319 3861 446 3910 Olementl
462 3862 635 3910 Alexandrino
653 3862 780 3909 debentur
796 3856 838 3924 (ir.
858 3863 888 3909 dl
906 3864 933 3908 et
950 3861 980 3908 ir.
1001 3858 1068 3923 18³).
1085 3862 1199 3920 Utroque
1216 3858 1274 3905 loeo
1291 3869 1338 3916 per

60 3937 146 3988 iocum
170 3940 260 3989 fabula
282 3940 315 3988 de
338 3946 403 4005 πηλῷ
426 3947 570 4004 Πριμηθιέῳ
592 3945 758 3989 memoratur.
776 3941 862 4001 Ipsius
880 3941 1027 3988 Promethei
1044 3940 1168 4000 dignitas,
1188 3941 1217 3985 ut
1234 3935 1336 3984 Saturni

57 4024 85 4067 et
102 4023 250 4067 ceterorum
267 4020 441 4079 antiquissimi
458 4023 561 4080 generis
578 4022 700 4079 deorum,
717 4021 843 4068 diminuta
861 4020 969 4067 videtur.

91 4095 113 4159 ²)
132 4097 226 4157 Itaque
241 4101 331 4158 poetes
348 4100 473 4160 Apollinis
488 4101 619 4148 ministros
636 4099 758 4147 dicendos
776 4112 833 4146 ease
845 4102 956 4162 ..Φοίβου
973 4100 998 4146 el
1012 4104 1079 4163 λύρης
1093 4095 1118 4146 εὖ
1131 4099 1220 4151 stotzas
1232 4091 1338 4154 ὤρνυθ’,

53 4172 85 4224 id
108 4177 194 4225 tenuit
213 4189 316 4236 quoque
338 4179 489 4239 Apollonius
511 4179 627 4227 Rhodius
650 4179 707 4239 qui,
725 4191 783 4224 curn
801 4179 895 4225 Arstrm
913 4179 1042 4225 Dioeemls
1059 4191 1106 4224 eus
1124 4177 1271 4224 inchoasset
1287 4175 1336 4221 hoo

53 4257 165 4303 exordio
189 4256 244 4311 ,Ἔν
267 4255 324 4309 Διὸς
342 4259 515 4321 ἂρχώμισθιι”,
533 4259 559 4304 in
577 4257 680 4317 fastigio
694 4257 820 4317 poematis
841 4257 881 4304 eui
899 4257 1043 4317 Apollinem
1062 4257 1161 4316 poenit:
1180 4255 1337 4319 ,Ἀρχόμινός

52 4347 98 4382 σιν
122 4331 224 4396 Φιιμι.”
248 4334 368 4383 ceterum
391 4337 507 4384 Rhodius
529 4340 603 4399 poeta
626 4351 676 4385 non
693 4336 778 4383 solum
796 4348 862 4394 opus
879 4348 955 4382 suurn
970 4335 1070 4382 orditur
1087 4334 1120 4381 ab
1139 4348 1169 4381 eo
1186 4334 1235 4381 deo
1252 4347 1267 4380 a
1284 4345 1336 4392 qno

50 4408 117 4474 ipss
140 4413 321 4461 denominatus
341 4419 392 4471 est,
416 4416 462 4462 sed
483 4429 531 4477 per
557 4418 639 4464 totum
665 4416 715 4462 iter
732 4414 765 4461 ad
786 4414 896 4462 colchos
914 4415 990 4462 variis
1007 4415 1147 4462 honoribus
1163 4414 1241 4461 deum
1260 4425 1335 4459 suum

51 4493 147 4553 elien,
164 4504 292 4551 nusquam
312 4496 399 4541 sutem
418 4494 511 4542 melius
529 4507 606 4555 quum
624 4494 657 4542 11.
678 4495 726 4541 669
744 4509 793 4556 sqq.
812 4493 856 4539 ubi
871 4494 1027 4555 theophanis
1041 4497 1184 4547 Ἀπόλλωνος
1194 4491 1269 4556 ’Κῴου
1283 4494 1334 4541 sin·

50 4572 143 4629 gnlsri
159 4574 217 4619 srte
235 4575 377 4619 sumatur.

92 4646 113 4712 ³)
132 4652 172 4699 De
191 4651 276 4698 aetate
293 4663 323 4698 so
338 4650 389 4698 ilde
406 4652 484 4700 huius
501 4652 628 4713 epistulae
645 4652 774 4712 disputavi
791 4652 818 4700 in
834 4650 924 4700 Mam.
939 4652 991 4701 XL
1008 4666 1033 4713 p.
1052 4652 1100 4700 πθ
1118 4666 1167 4715 sqq.
