3068 5288
655 485 695 545 21

78 674 217 749 Saepius
246 675 286 735 ad
315 676 489 738 Arcadiam
520 674 590 734 sive
621 675 712 733 ortus
739 673 809 732 sive
840 672 1014 733 infantiam
1037 673 1170 736 deorum
1198 676 1307 736 refert.

35 777 101 837 Nec
131 777 267 852 mirum,
299 794 377 838 narn
407 779 495 852 regio
529 775 767 851 antiquissimis
789 775 904 835 incolis
927 768 1150 855 (τροτεληνίδες
1173 777 1309 838 audiunt

34 877 72 937 ir.
105 878 182 948 228)
214 879 376 939 celebrata
396 882 475 940 erat.
508 878 623 939 Nullus
654 878 797 951 hymnus
827 876 1024 938 luculentius
1054 894 1152 952 quam
1177 895 1307 940 carmen

35 979 69 1038 in
92 977 232 1038 Dianam
257 980 317 1041 hoc
338 983 453 1056 poetae
484 979 656 1040 consilium
680 978 794 1053 prodit.
820 976 919 1038 Cuius
941 979 1056 1052 hymni
1079 983 1308 1055 argumentum

34 1094 100 1139 non
131 1079 283 1142 absolvas
312 1082 444 1156 quidem
475 1083 504 1142 si
535 1081 638 1156 dicas,
670 1079 863 1140 Arcadicam
886 1094 924 1139 eo
955 1079 1079 1139 cantari
1110 1081 1221 1156 dcam;
1253 1083 1310 1142 sed

35 1182 135 1256 caput
163 1183 210 1242 rei
240 1185 358 1258 tangas
387 1187 509 1244 tamen.
542 1181 703 1243 Carminis
734 1181 901 1255 ingenium
931 1181 1094 1256 praeclare
1117 1197 1310 1257 expressum

35 1284 87 1342 est
116 1282 331 1344 nobilissimis
361 1284 509 1345 versibus
540 1282 659 1344 catulli
674 1275 709 1359 ¹),
734 1284 864 1342 tantum
888 1282 1086 1357 longioribus
1120 1285 1310 1360 ambagibus

35 1399 117 1461 opus
146 1386 208 1446 fuit
235 1386 457 1448 Alexandrino
478 1388 593 1462 poetae
617 1385 712 1445 deam
736 1385 878 1460 canenti,
905 1385 997 1445 cuius
1020 1387 1173 1448 naturam
1196 1389 1310 1463 poetae

35 1501 75 1546 ac
97 1487 241 1563 theologi
263 1489 362 1549 toties
385 1504 423 1550 ac
442 1490 610 1563 tantopere
634 1487 827 1547 variassent.

79 1587 128 1649 Ne
151 1589 224 1662 quis
248 1592 345 1666 erret,
374 1591 489 1650 statim
513 1589 632 1650 diserte
656 1587 811 1649 carminis
834 1578 1063 1662 argumentum
1087 1592 1221 1665 exponit
1244 1590 1311 1652 Gal·

35 1689 212 1767 limachus,
238 1706 335 1751 versu
359 1691 500 1752 secundo
523 1690 689 1767 professus
711 1703 786 1749 eam
809 1689 905 1749 deam
926 1704 963 1749 se
986 1692 1200 1758 canutunrm

524 1801 559 1876 τῇ
582 1790 652 1864 τόξα
674 1788 854 1870 λαγωβολίαι
875 1812 905 1849 τε
928 1786 1065 1867 μέλονται

258 1891 310 1953 καὶ
332 1892 419 1973 χορὸς
443 1891 621 1971 ἀμφιλαφὴς
644 1889 695 1951 καὶ
718 1889 750 1951 ἐν
774 1888 894 1969 οὔρεσιν
917 1889 1094 1969 ἑψιάασθαι.

36 1995 204 2070 Quatenus
246 1996 345 2070 igitur
386 1995 496 2056 licebit
539 1995 635 2055 huius
673 1994 792 2054 aetatis
825 1996 954 2070 poetae,
989 1995 1189 2056 homericam
1224 1997 1313 2057 dabit

36 2096 200 2172 Artemis,
233 2097 338 2170 qualis
369 2097 505 2171 Taygeti
533 2097 609 2171 iuga
633 2098 729 2169 atque
752 2095 946 2170 Erymanthi
969 2111 1043 2156 cum
1068 2097 1222 2173 nymphis
1243 2112 1312 2172 per·

36 2198 141 2273 vadit,
167 2199 333 2273 praeterea
356 2200 451 2260 deam
476 2198 565 2259 dabit
587 2198 748 2272 virginem
771 2212 854 2271 quae
877 2197 990 2259 Iovem
1012 2201 1139 2274 patrem
1163 2200 1313 2262 adlocuta

36 2302 108 2376 ipsa
130 2315 228 2360 suum
248 2302 398 2361 accurate
421 2314 541 2361 munus
565 2298 816 2360 circumscribit:

260 2401 311 2474 δός
334 2423 385 2480 μοι
406 2399 577 2480 παρθενίην
600 2399 738 2477 αἰώνιον,
760 2395 860 2477 ἅτινα,
882 2398 1060 2477 φυλάσσειν,

260 2501 312 2575 δὸς
335 2498 364 2564 δ’
390 2501 455 2575 ἰοὺς
478 2500 528 2562 καλ
551 2500 621 2575 τόξα
635 2547 720 2562 .....
746 2494 768 2573 ²)

38 2606 71 2665 et
90 2605 225 2665 tandem
244 2606 393 2681 precibus
412 2606 482 2666 suis
502 2604 602 2666 talem
626 2603 764 2679 imponit
783 2601 901 2664 finem:
928 2604 990 2679 „dc
1010 2604 1089 2664 mihi
1102 2609 1313 2681 poteromncs

37 2710 164 2783 montes,
194 2706 305 2767 urbem
336 2711 441 2768 actem
472 2706 654 2782 quamlibet,
686 2720 765 2766 νονι
795 2704 887 2766 arbes
913 2705 992 2765 mibi
1022 2707 1108 2767 cordi
1135 2723 1198 2768 νον
1224 2712 1311 2784 suat,

39 2804 204 2886 οὔρεσιν
230 2807 409 2886 οἰκήσα”.

82 2910 204 2971 Dianae
245 2910 370 2985 Virgini
400 2910 531 2971 Patrem
563 2908 770 2985 pollicentem
793 2908 871 2968 iecit
899 2911 951 2969 ter
980 2909 1093 2970 decem
1124 2910 1219 2971 urbes
1251 2917 1310 2983 (vs.

38 3014 102 3084 33).
138 3012 179 3072 Et
213 3012 328 3074 colitur
365 3027 444 3073 sane
475 3011 593 3085 ubique
623 3009 740 3086 Diana,
776 3025 891 3070 verum
924 3009 1088 3089 Πάροινον
1122 3007 1218 3091 ἁγνὴν
1248 3008 1313 3072 αἰὲν

37 3111 174 3190 diptico
196 3114 345 3189 plurimis
368 3114 448 3174 locis
472 3113 583 3173 colunt
601 3111 754 3171 Arcades.
782 3111 829 3170 Ne
853 3111 946 3187 plura
969 3127 1172 3190 enumerem,
1197 3113 1310 3190 Aleae,

38 3217 71 3277 in
94 3215 217 3290 templo
239 3215 360 3276 Dianae
387 3214 585 3290 „Ephesiae”
609 3210 641 3272 ἐν
666 3212 819 3273 Διονύσον
842 3222 877 3296 τῇ
900 3210 986 3297 ἑορτῇ
1009 3211 1083 3273 κατὰ
1106 3213 1258 3292 μάντευμα
1282 3213 1313 3275 ἐκ

38 3320 166 3393 Δελφῶν
185 3324 395 3396 μαστιγοῦνται
413 3319 566 3396 γυναῖκες,
585 3318 619 3374 et
642 3315 865 3374 Orchomenus
884 3315 1025 3376 habebat
1047 3316 1208 3392 templum
1231 3318 1312 3376 eius-

37 3419 113 3480 dem
144 3419 236 3494 deae,
268 3420 360 3480 cuius
389 3419 574 3478 sacerdotes
597 3416 817 3477 sanctissimis
842 3417 1003 3477 castitatis
1021 3417 1147 3492 legibus
1167 3419 1311 3480 adstricti

38 3523 141 3582 erant.
168 3515 189 3590 8)
229 3522 290 3582 Sed
325 3537 364 3582 ea
398 3534 523 3595 quoque
553 3532 690 3578 munera
721 3533 802 3591 quae
833 3518 874 3578 ab
904 3518 1068 3579 Arcadum
1099 3521 1159 3580 dea
1189 3521 1314 3596 virgine

38 3622 215 3684 remotiora
238 3622 431 3684 videbantur
452 3635 538 3680 nunc
562 3619 688 3680 erudita
712 3621 781 3679 arte
802 3634 877 3680 cum
897 3619 1000 3680 Diana
1020 3620 1195 3696 coniungit.
1225 3623 1313 3684 Dabo

38 3723 237 3800 exemplum.
273 3724 381 3785 Proeti
415 3721 500 3782 filies
535 3738 554 3782 a
584 3721 784 3796 Melampode
815 3723 949 3782 sanatas
979 3721 1094 3799 fuisse,
1131 3724 1315 3784 communis

38 3827 105 3887 iere
143 3825 408 3901 mythologorum
447 3826 517 3884 erat
556 3823 673 3898 opinio.
714 3823 818 3898 Quam
856 3823 942 3884 haud
980 3838 1081 3883 unam
1111 3824 1150 3884 ob
1181 3839 1314 3885 causam

38 3925 227 4003 improbans
257 3925 476 3988 Callimachus
504 3924 624 4000 insigni
655 3925 834 3986 eruditione
857 3924 1078 3999 mythologice
1100 3926 1147 3986 ita
1169 3941 1239 3987 rem
1262 3941 1314 3986 no-

73 4110 92 4165 ¹)
109 4110 202 4157 catull
222 4107 298 4158 Cam.
319 4111 363 4164 34,
381 4109 499 4170 inprimis
515 4121 566 4156 τοι.
582 4109 672 4155 9-16.

72 4184 93 4252 ¹)
111 4189 167 4237 Vas.
186 4191 200 4236 d
218 4193 245 4237 et
263 4191 285 4237 8.
312 4189 421 4237 Omnino
438 4187 578 4236 tenendum
597 4190 637 4235 est
653 4188 717 4235 haec
734 4188 820 4235 dicere
838 4187 913 4234 deam
926 4188 1092 4247 virginem
1110 4188 1136 4234 in
1153 4188 1210 4247 ipso
1226 4187 1316 4246 hymni

39 4268 131 4329 capite.
154 4269 225 4316 Haeo
248 4268 316 4316 enim
343 4268 422 4315 verba
449 4281 500 4328 qno
523 4267 599 4315 modo
621 4280 681 4314 cnm
703 4267 858 4314 coniecturis
880 4268 934 4314 suis
956 4267 1094 4314 concilient
1114 4268 1163 4314 riri
1179 4267 1248 4314 docti
1271 4267 1316 4327 qni

39 4347 88 4396 snb
114 4348 211 4397 Dianae
237 4361 348 4409 persons
373 4348 453 4395 latere
477 4347 641 4407 suspicantur
663 4348 716 4394 sive
740 4347 881 4394 Berenicen
906 4344 1070 4407 Philadelphi
1096 4347 1149 4394 sire
1175 4346 1316 4394 Berenicen

39 4429 130 4487 uagae
143 4427 223 4475 illium
238 4428 289 4487 ipsi
303 4427 414 4474 videant.
431 4427 505 4474 Oerte
523 4427 601 4486 poulo
616 4427 740 4473 infimior
757 4428 798 4473 est
812 4425 928 4473 defensio
943 4439 994 4486 qna
1008 4427 1097 4474 nititur
1110 4426 1196 4473 Bruno
1210 4425 1317 4473 Ehrlioh

39 4503 148 4571 (Quaeri.
176 4504 237 4553 can.
263 4503 347 4553 Circa.
372 4520 396 4566 p.
421 4503 464 4569 50)
488 4504 586 4561 „Poeta
608 4520 655 4553 ιιοιι
672 4502 778 4552 omnibu
800 4503 859 4552 locis
876 4503 972 4553 σοονιιιιι
981 4503 1080 4570 fabulis
1096 4502 1214 4569 duplicem
1230 4503 1317 4553 sutton

40 4585 184 4634 ιαιλοιιλίατι
202 4600 276 4649 noque
292 4601 308 4633 a
325 4585 369 4633 dea
386 4584 480 4648 αι’τρὶιιτ
496 4585 661 4647 virginitatem
678 4583 814 4632 adiudicare
830 4583 853 4631 ei
870 4581 966 4632 λέονθ’.

74 4661 95 4727 ³)
113 4666 189 4712 Pons.
211 4664 280 4712 vm.
299 4666 338 4713 λθ.
350 4667 378 4721 1;
399 4666 472 4713 18.1.
490 4664 577 4712 Adde:
596 4665 672 4712 Pans.
690 4665 740 4717 111.
759 4663 834 4723 aba,
851 4663 891 4712 λλ.
903 4666 943 4713 l'l.
