3314 5436
87 764 275 825 Pausanias
298 761 384 823 VIII.
405 763 458 823 47.
479 765 511 822 1:
539 758 590 836 ,ro
614 757 647 822 δέ
670 758 788 841 έίγαλμα
811 758 844 822 ἐν
869 759 960 844 Τεγέᾳ
984 760 1017 823 τὸ
1040 757 1086 840 ἐφ’
1112 758 1199 842 ἡμῶν
1222 760 1369 844 ἐκομίσθη

85 861 146 942 μέν
180 862 213 926 ἐιι
247 861 345 943 δήμου
379 869 433 923 τοῦ
468 859 701 942 Μανθουρέων,
725 857 828 924 Ἱππία
858 859 892 924 δὲ
921 861 1003 942 παρὰ
1033 868 1094 937 τοῖς
1126 868 1369 944 Μανθουρεῦσιν

85 959 167 1044 εἶχεν
186 963 354 1044 ἐπίκλησιν,
377 961 420 1024 ὅτι
443 972 483 1047 τῷ
507 961 629 1024 ἐκείνων
651 962 729 1049 λόγῳ
752 961 912 1043 γινομένης
935 968 996 1036 τοῖς
1019 969 1104 1036 θεοῖς
1127 964 1202 1045 πρὸς
1222 967 1369 1047 Γίμαντας

85 1066 186 1146 μάχης
209 1062 356 1145 ἐπήλασεν
374 1059 543 1149 ’mitta
566 1063 667 1126 ἵππον
689 1062 722 1125 τὸ
745 1063 858 1144 ἅρμ’.
883 1065 945 1127 Sed
969 1082 1169 1142 quamquam
1194 1072 1282 1130 certo
1304 1085 1369 1131 non

85 1168 267 1229 immemor
290 1168 388 1229 huius
411 1167 554 1227 Palladis
577 1168 648 1227 erat
673 1161 708 1242 ¹),
733 1167 860 1228 doctius
887 1182 973 1232 nunc
997 1183 1067 1228 rem
1091 1168 1236 1230 illustrat
1258 1170 1369 1231 altius·

85 1285 154 1344 quc
175 1270 304 1345 repetit.
325 1269 407 1329 Ecce
431 1283 474 1328 cx
497 1268 603 1342 patria
626 1269 795 1328 matronas
815 1268 968 1343 Argivas,
989 1267 1066 1330 dum
1088 1273 1253 1333 exituram
1273 1275 1369 1334 deam

84 1373 279 1448 expectant,
304 1370 466 1431 narrando
491 1369 621 1429 deducit
643 1368 677 1430 in
699 1369 870 1429 Boeotiam
893 1372 953 1439 (vs.
978 1371 1049 1439 tiit:

311 1463 405 1531 πότνι’
431 1468 592 1546 Ἀθαναία,
615 1468 653 1530 σὺ
676 1465 731 1547 μέν
755 1467 841 1543 ἔξιθι
866 1467 965 1546 μέσφα
990 1464 1019 1530 θ’
1049 1468 1105 1552 ἐγώ
1130 1494 1157 1533 τι

354 1566 454 1634 ταῖσδ’
480 1569 559 1652 έρέω.
583 1576 683 1648 μῦθος
706 1565 733 1632 δ’
761 1570 818 1633 οὐκ
841 1569 924 1649 ίμίις,
946 1567 1006 1632 ἀλλ’
1032 1569 1148 1652 ἐτέρων.

83 1675 128 1735 Et
159 1676 225 1736 iam
256 1675 412 1750 sequitur,
444 1675 537 1735 tenui
566 1673 709 1750 proiecto
741 1672 796 1734 filo
828 1675 966 1734 consuta
996 1690 1072 1736 cum
1102 1676 1246 1739 Palladis
1279 1679 1368 1740 cultu

83 1777 224 1852 Argivo,
256 1777 402 1838 narratio
427 1775 542 1837 multis
565 1775 604 1837 de
627 1775 736 1837 causis
759 1774 922 1837 laudanda
944 1791 1009 1850 qua
1030 1780 1170 1840 venuste
1194 1781 1369 1854 exponitur

81 1877 199 1938 fabula
219 1878 259 1939 de
283 1879 441 1940 caecitate
465 1877 609 1938 Tiresiae
633 1876 879 1938 adulescentulo
900 1876 1037 1954 inflicta,
1070 1894 1145 1940 cum
1166 1878 1292 1958 σχέτλιος
1312 1880 1369 1942 οὐκ

82 1976 201 2041 ἐθέλων
224 1973 284 2042 εἶδε
306 1978 342 2040 τὰ
365 1978 405 2058 μὴ
427 1973 519 2057 θίμιτ’
543 1969 581 2056 ἦν
595 1973 627 2051 ²).
654 1979 759 2056 Quam
782 1979 927 2040 fabulam
947 1982 985 2041 ut
1007 1980 1068 2041 hoc
1090 1980 1178 2058 loco,
1204 1997 1268 2043 non
1291 1983 1366 2044 adu·

82 2083 287 2144 lescentibus
310 2082 455 2158 Argivis,
487 2080 605 2155 quibus
627 2095 680 2141 res
704 2081 855 2156 exemplo
878 2083 990 2157 posset
1014 2097 1100 2158 esse,
1125 2082 1183 2143 sed
1206 2085 1368 2145 matronis

83 2187 280 2262 exponeret,
315 2199 477 2260 quaenam
515 2184 649 2244 tandem
683 2199 759 2244 eum
799 2198 899 2244 causa
932 2183 1092 2244 adduxit?
1123 2184 1213 2246 Haec
1244 2185 1366 2263 opinor,

82 2285 174 2359 quod
208 2287 414 2349 occasionem
449 2285 577 2359 quaerit
606 2284 646 2345 de
676 2285 825 2346 Athenae
859 2284 997 2360 Hippiae
1025 2285 1180 2361 religione
1211 2287 1367 2362 antiquis·

82 2389 175 2448 sima
204 2388 336 2450 uberius
369 2387 558 2449 disserendi.
591 2386 640 2446 lix
662 2401 753 2447 more
776 2401 836 2447 suo
859 2387 928 2462 agit
951 2387 1212 2463 accuratissime,
1237 2388 1368 2464 singula

83 2489 161 2550 loca
191 2490 280 2551 cultu
312 2491 466 2564 antiquae
496 2489 639 2550 Palladis
668 2488 947 2563 inclyta-nomine
969 2489 1134 2552 indicans:
1164 2505 1243 2551 nam
1270 2507 1365 2567 expo·

83 2605 184 2666 nens,
205 2606 303 2665 quam
323 2605 400 2654 cara
411 2590 510 2652 luerit
521 2589 646 2666 virgini
658 2590 805 2665 nympha
817 2588 977 2666 Chariclo,
991 2590 1135 2654 Tiresiae
1147 2594 1254 2652 mater
1267 2607 1366 2667 quam

81 2706 217 2767 semper
240 2692 301 2753 dea
316 2707 437 2753 secum
460 2691 555 2754 duxit
577 2692 716 2768 sociam,
740 2691 822 2752 haec
844 2691 935 2752 addit
957 2691 1005 2762 (V.
1031 2693 1071 2754 61
1096 2697 1188 2766 apol:

443 2789 573 2872 ἀρχαίων
597 2783 652 2853 εὖτ’
678 2789 728 2853 ἐπί
753 2787 906 2854 Θεσπιέων

310 2887 398 2974 ἢ’πί
420 2892 608 2974 Κορωνείας,
629 2888 650 2972 ἦ
672 2891 714 2966 είς
737 2891 888 2972 Ἁλίαρτον
911 2889 1032 2954 ἐλαύνοι

354 2993 452 3067 ίππως
476 2997 614 3056 Βοιωτῶν
637 2992 709 3074 ἔργα
732 2989 916 3072 διερχομένα.

127 3096 215 3158 Num
246 3097 353 3174 potuit
378 3097 563 3158 accuratius
586 3096 728 3158 indicare
752 3096 937 3171 Minyarum
959 3096 993 3156 in
1016 3097 1151 3158 Boeotia
1173 3098 1282 3173 sedes,
1307 3113 1359 3172 ap·

76 3199 192 3260 tiusve
224 3199 420 3274 coniungere
448 3197 519 3259 loca
547 3197 664 3272 quibus
687 3196 797 3258 Pallas
819 3197 946 3271 Minyas
970 3197 1151 3272 antiquitus
1176 3198 1264 3259 culta
1287 3213 1360 3259 esse

76 3299 277 3360 videbatur?
306 3299 391 3360 Nam
415 3300 532 3360 norant
563 3313 678 3359 omues
701 3296 863 3359 Coroneae
887 3297 1134 3358 celeberrimum
1157 3306 1209 3376 τῆς
1229 3292 1361 3370 Ἰτωνίας

76 3399 211 3477 lanum,
237 3401 276 3461 de
299 3415 362 3475 quo
385 3400 509 3476 templo
531 3400 692 3460 disertum
712 3402 764 3460 est
788 3398 956 3459 Strabonis
979 3399 1208 3460 testimonium
1227 3398 1281 3459 lib.
1302 3399 1359 3459 IX.

76 3517 107 3576 p.
124 3502 190 3562 411
205 3502 246 3562 B:
273 3499 490 3578 ,contemta
521 3497 553 3560 a
580 3503 636 3570 (sc.
657 3501 772 3561 Boeoti
794 3499 842 3560 illi
866 3501 921 3574 qui
940 3515 983 3560 ex
1003 3500 1173 3561 Thessalia
1192 3503 1361 3572 venerant)
1473 3575 1477 3586 Ι

75 3609 134 3680 τῆς
164 3601 338 3682 Κορωνείας
371 3599 404 3662 ἐν
433 3609 473 3684 τῷ
502 3598 561 3680 πρὸ
592 3597 685 3677 αὐτῆς
715 3599 808 3684 πεθίμ
841 3598 874 3660 τὸ
904 3607 957 3677 τῆς
972 3594 1104 3672 Ἰτωνίας
1127 3603 1257 3678 Ἀθηνᾶς
1279 3600 1361 3680 ἱερὸν

74 3701 242 3783 ἱδρύσαντο
274 3699 437 3781 ὁμώνυμον
466 3711 505 3786 τῷ
531 3701 695 3784 Θετταλινῷ
717 3698 767 3760 καί
791 3699 843 3761 τὸν
866 3697 1073 3780 παραρρέοντα
1095 3698 1230 3778 ποταμὸν
1255 3700 1356 3761 Κουά-

73 3825 148 3884 ριον
187 3802 436 3886 προσηγόρευσαν
474 3799 641 3880 ὁμοφώνως
674 3810 714 3887 πμ
749 3799 845 3862 ἐπεῑ”.
882 3802 1000 3864 Noster
1035 3804 1161 3878 autem,
1198 3803 1235 3862 ut
1268 3805 1360 3864 amat

110 4105 134 4172 ¹)
159 4108 331 4169 Orphicornm
358 4105 512 4164 hymnorum
541 4119 644 4167 quoque
669 4109 746 4167 poeta
772 4107 817 4167 qul
848 4105 1000 4166 saepissime
1026 4105 1212 4154 Callimachum
1238 4107 1359 4166 exprimit

72 4186 203 4236 imitando
220 4183 270 4250 (lta
296 4189 382 4233 tamen
409 4187 439 4232 ut
463 4185 558 4234 adicIat
579 4185 767 4245 mystiotsmum
791 4200 807 4233 a
829 4197 881 4245 quo
903 4187 991 4232 noster
1013 4181 1146 4248 abhorret)
1169 4183 1248 4247 tyara.
1267 4187 1306 4233 82.
1326 4188 1357 4234 lt

72 4269 113 4315 aio
133 4266 240 4314 Pallada
257 4265 373 4312 mvooat:
392 4267 547 4328 ,Φλεγραίαν
564 4266 665 4330 ίλίτειρο
684 4268 803 4324 Γιγάντων
820 4261 995 4330 tumultuarii&

108 4341 131 4404 ¹)
147 4345 215 4394 Num
230 4346 299 4394 rorte
314 4343 411 4391 lavacri
423 4356 480 4390 moa
491 4343 601 4400 Argivus
618 4343 768 4391 memoriam
782 4345 868 4390 servet
882 4343 1003 4403 autiquae
1018 4343 1154 4392 lavationis
1168 4345 1194 4392 ln
1207 4345 1277 4392 tonte
1288 4345 1357 4392 Heli·

72 4425 153 4474 conlo
168 4437 249 4486 quam
267 4426 435 4472 coenaturus
452 4427 503 4477 est,
526 4421 590 4469 haec
614 4423 731 4482 quaestio
755 4435 804 4467 non
824 4423 880 4469 eius
902 4425 943 4469 est
964 4424 1067 4482 generis
1084 4423 1153 4483 quod
1171 4422 1356 4472 Callimachum

71 4504 182 4552 alliciat.
208 4503 301 4563 Neque
326 4502 410 4559 magis
435 4501 536 4561 quaerit
561 4515 672 4562 quonam
698 4500 801 4548 vinculo
827 4501 948 4561 coniungi
973 4501 1074 4561 porclnt
1094 4501 1209 4549 Palladis
1230 4507 1357 4567 πλυνεήρια

71 4583 245 4632 Atheniensis
268 4594 329 4630 cnm
347 4581 499 4640 argivorum
519 4583 593 4629 leste.
610 4579 721 4627 Laetum
738 4583 825 4626 noster
842 4579 911 4626 diem
929 4580 1024 4627 testum
1041 4579 1128 4638 nnatt,
1147 4584 1174 4628 et
1190 4581 1247 4628 luce
1265 4580 1357 4629 diurna

72 4663 143 4710 dunt
158 4663 270 4722 Argivae
288 4660 355 4708 deae
368 4659 477 4706 lavacra.
505 4659 599 4707 Contra
616 4658 733 4705 nefastus
750 4657 858 4705 Athenis
875 4658 931 4705 dies
948 4667 993 4705 πον
1008 4663 1164 4724 πιυντηρίον,
1182 4663 1209 4706 et
1221 4660 1289 4706 tristi
1303 4662 1358 4708 tere

70 4741 204 4803 gravitate
225 4740 255 4788 tt
271 4751 370 4800 pompa
387 4737 517 4784 solemnis.

128 4826 162 4873 11.
1258 4826 1278 4868 ,4
