3068 5294
62 444 114 504 rv.
143 445 318 505 ree-ros
613 526 615 532 Ι
667 450 728 509 rev

62 646 160 705 quarn
192 647 274 709 rem,
309 648 398 694 more
429 649 499 710 suo,
533 635 703 697 involvens
726 637 922 698 obscuritate
945 639 978 698 et
1001 638 1165 700 recondita
1187 638 1332 699 doctrina

62 749 224 794 exornans
243 735 290 796 ita
309 737 439 796 enarrat
457 736 623 812 Lycophro
643 739 680 798 ut
697 740 809 800 tamen
820 738 1019 819 παλιρροθίοο
1032 739 1161 818 κύματος
1174 740 1332 800 memoria

62 839 210 897 servetur
233 841 292 907 (vs.
319 839 392 908 vot)

395 940 466 1018 παρ’
490 935 580 999 όλλου
604 934 632 999 δ’
659 936 745 1013 όλλλος
769 938 809 1014 ὡς
831 942 943 1021 πεύκης
965 941 1077 1002 κλάδον

284 1039 395 1119 βόκτης
418 1039 572 1120 σκροβήσει
595 1041 704 1118 φελλὸν
727 1041 908 1124 ένθρώσκων
930 1049 1046 1117 πνοαῖς.

281 1141 364 1219 μόλις
388 1137 420 1202 δέ
443 1142 544 1221 Βόνης
569 1140 600 1203 ἐκ
622 1144 861 1225 παλιρροίας
884 1154 978 1223 κακῆς

279 1239 379 1321 αμπυξ
403 1243 511 1304 σαώσει
533 1267 559 1304 κ.
572 1267 595 1304 τ
607 1249 633 1306 λ

100 1344 181 1420 Quid
206 1343 447 1406 Callimachus?
477 1346 603 1408 Placuit
635 1348 664 1408 ei
691 1346 933 1428 πολίρροιο,ο1,
959 1349 1026 1410 ut
1018 1349 1160 1422 rmagine
1184 1363 1330 1423 praecep·

59 1449 160 1507 torem
196 1447 349 1524 vinceret,
381 1449 544 1521 quaesivit
576 1450 660 1523 quod
693 1450 799 1511 levius
830 1395 1070 1512 conlocasset.
1105 1452 1172 1512 Nec
1198 1451 1329 1527 frustra,

60 1549 131 1621 quid
165 1549 254 1609 enim
288 1549 423 1611 levitate
456 1550 576 1625 spicum
606 1554 762 1626 superet?
800 1553 915 1626 Itaque
946 1552 1072 1613 iuuabit
1106 1553 1189 1613 mari
1224 1552 1332 1613 insula

61 1651 164 1724 spicae
196 1651 300 1711 instar
337 1647 576 1731 ςλνθὲρικος
610 1652 682 1725 ὦς’.
716 1654 785 1731 Qua
820 1655 1070 1730 comparatione,
1106 1654 1191 1715 haud
1222 1654 1332 1728 inepta

63 1751 91 1811 in
124 1753 217 1813 tenui
247 1752 372 1814 insulae
395 1753 509 1829 forma,
534 1755 633 1815 simul
657 1757 784 1831 aperuit
807 1759 912 1832 poeta,
937 1771 1114 1830 quamnam
1139 1756 1331 1817 nominativi

65 1852 200 1914 formam
231 1854 380 1927 probaret
410 1855 507 1915 huius
530 1856 728 1917 substantivi
751 1859 835 1930 quod
867 1872 931 1919 non
961 1858 1025 1918 nisi
1049 1857 1152 1919 semel
1174 1858 1208 1918 in
1231 1857 1331 1918 Iliade

66 1956 199 2016 occurrit
222 1957 269 2026 (Y.
295 1956 379 2025 227).

104 2159 159 2220 VS.
187 2160 260 2221 196.
285 2160 317 2219 αἳ
338 2154 392 2235 μέν
414 2158 503 2220 τόσσα
526 2157 661 2241 λέγοντος
683 2158 841 2242 ἇπέτρεχον
864 2161 908 2222 εἰν
932 2157 980 2222 ἄλλ
1002 2169 1097 2240 νῆσοι·

282 2259 409 2340 Ἀστερίη
432 2260 605 2339 φιλόμολπε,
631 2261 668 2322 σὺ
692 2257 722 2323 δ’
743 2261 901 2343 &ildoinus
927 2260 1054 2347 κατῄεις,

282 2361 441 2435 Κυκλάδας
466 2359 601 2443 ὀψομένη
627 2362 794 2445 περιηγέας,
816 2362 853 2426 od
876 2388 903 2425 τι
925 2363 1064 2441 παλαιὸν,

284 2458 341 2524 ἀλλ’
370 2462 412 2525 ἔτι
433 2486 478 2525 τοι
501 2464 662 2544 μετόπισθε
684 2466 910 2548 Γεραίστιον“
879 2488 974 2528 ειπετο
998 2473 1103 2543 φῦκος·

283 2713 598 2729 ...........
622 2612 730 2746 φλέξας
761 2669 823 2732 έπελ
853 2671 1002 2750 περικαίεο
1025 2678 1105 2749 κῆρι,

282 2763 404 2871 τλήμον’
424 2768 476 2830 ὑπ’
500 2766 636 2831 ὠδίνεσσι
660 2770 870 2853 βαρυνομένην
893 2770 1018 2898 ὁρόωσα

286 2821 404 2951 ,ξἨρη,
408 2870 495 2932 τοῦτό
518 2894 553 2949 με
575 2870 700 2952 ῥέξον“
683 2895 699 2933 o
721 2896 767 2935 τοι
789 2874 887 2951 φίλον
909 2873 946 2936 οὐ
969 2872 1025 2954 γὰρ
1049 2869 1170 2944 ἀπειλὰς

283 2970 423 3051 ὑμετέρας
446 2971 588 3050 ἐφύλαξα·
611 2972 696 3055 πέρα,
717 2973 792 3057 πέρα
819 2976 860 3049 εἰς
883 2972 933 3054 ἐμέ
955 2977 1084 3053 Ληκοι’.

104 3076 137 3136 Si
157 3075 230 3149 quis
250 3075 356 3136 fontes
369 3075 576 3137 Callimachi
567 3093 601 3137 m
613 3078 664 3138 his
683 3079 830 3141 versibus
853 3080 1005 3153 indagare
1026 3078 1114 3154 velit,
1134 3091 1249 3152 parum
1262 3091 1328 3151 pro·

62 3175 147 3238 ficiat
177 3193 219 3238 ex
249 3178 328 3252 ipsis
352 3178 467 3238 verbis.
491 3178 527 3238 Id
547 3178 666 3240 saltem
685 3182 813 3241 constat
835 3181 921 3241 haud
943 3179 1133 3242 fidelissime
1156 3178 1330 3240 dictionem

62 3280 259 3341 homericam
294 3280 345 3340 hic
376 3295 452 3340 eum
483 3294 643 3344 servasse.
668 3282 798 3358 Quando
823 3283 910 3343 enim
933 3283 988 3343 ille
1011 3282 1113 3343 maris
1136 3280 1261 3341 insulas
1284 3279 1331 3340 ita

61 3381 259 3442 indicaverat
284 3382 320 3441 ut
343 3381 464 3442 diceret
492 3379 554 3456 „siv
574 3377 622 3441 1111
641 3382 801 3461 obscum
824 3384 912 3461 Quod
936 3385 964 3444 si
987 3383 1199 3444 nihilominus
1221 3382 1332 3441 noster

60 3485 135 3545 fecit
150 3485 238 3544 -et
255 3483 371 3544 fecisse
387 3484 474 3557 puto,
495 3496 572 3543 nam
596 3500 671 3545 cum
693 3486 788 3547 verbo
809 3481 967 3565 ἀπέτρεχον
979 3485 1129 3559 coniungi
1142 3485 1198 3545 vix
1213 3483 1332 3559 poterit

58 3586 115 3647 illa
141 3585 336 3661 praepositio
353 3613 393 3623 —-
407 3583 467 3643 niti
490 3598 526 3644 se
549 3599 644 3658 posse
671 3586 809 3647 fortasse
832 3588 960 3660 putavit
982 3603 1090 3662 versu,
1114 3601 1211 3660 quem
1235 3585 1330 3645 modo

57 3688 199 3762 laudavi,
222 3708 251 3765 γ.
265 3686 326 3746 291
355 3683 433 3762 „ton
456 3682 552 3757 δέοις
575 3685 659 3765 λισσὴ
680 3687 780 3747 αἰπεῖά
794 3709 824 3748 τε
848 3687 889 3760 εἰς
909 3686 965 3747 illu
985 3685 1107 3766 πένρη”;
1131 3701 1330 3761 quamquam

57 3790 243 3850 dubitanter
273 3790 384 3849 tantae
414 3786 636 3861 neglegentiae
671 3805 787 3851 accuso
823 3789 984 3851 eruditum
1015 3792 1156 3865 poetam,
1196 3788 1233 3847 ut
1267 3802 1331 3846 non

56 3891 176 3953 viderit
198 3891 242 3951 ibi
265 3889 486 3964 coniungenda
508 3904 580 3950 esse
604 3892 702 3952 verba
726 3891 767 3963 εἰς
790 3889 846 3950 ἅλα
869 3907 944 3953 cum
967 3892 1125 3953 adiectivo
1149 3887 1258 3949 αἰπεῖα.

103 3994 317 4068 Neglegenter
352 3993 463 4066 utique
498 3991 678 4053 Homerum
713 3994 869 4069 sequitur,
905 3994 933 4053 si
957 3995 1034 4054 dum
1058 3992 1220 4053 homerico
1244 3990 1330 4064 loqui

56 4095 130 4156 vult
162 4092 321 4173 Εὐβοίηθε
354 4095 479 4155 abiecto
513 4089 531 4152 ό
554 4094 633 4155 dicit
663 4096 714 4166 (cl.
739 4096 776 4156 ir.
803 4097 866 4156 217
891 4093 1058 4173 Κοπρόθε),
1082 4095 1145 4154 etsi
1168 4092 1331 4153 Homerus

54 4200 90 4259 in
124 4197 166 4258 iis
201 4196 371 4272 adverbiis,
396 4211 479 4270 quae
509 4189 568 4257 θ-εν
590 4196 710 4258 suffixo
733 4213 753 4258 a
781 4196 997 4257 substantivis
1020 4196 1201 4256 formantur
1224 4193 1244 4251 b
1266 4209 1331 4254 non

54 4300 230 4361 abiecerat.
255 4298 306 4358 An
332 4298 485 4372 putemus
508 4300 637 4360 Pindari
650 4314 747 4359 usum
760 4299 942 4374 respexisse
955 4299 1104 4358 nostrum
1116 4296 1217 4369 (Nem.
1228 4297 1284 4357 IX.
1302 4298 1329 4356 1.

54 4400 260 4475 Σικυώνοθε),
283 4399 443 4472 siquidem
463 4400 661 4462 adiectivum
682 4398 943 4477 φιλόμολπος,
962 4399 1103 4460 Homero
1121 4400 1331 4475 incognitum,

53 4519 75 4565 a
100 4503 239 4564 Pindaro
263 4499 364 4572 (Nem.
392 4501 462 4563 VII.
487 4501 519 4582 9)
544 4504 672 4564 videtur
694 4503 881 4563 sumsisse?

103 4604 271 4679 Cycladas,
306 4619 420 4677 parum
456 4606 530 4678 apte
561 4605 628 4665 iam
659 4620 744 4665 nunc
773 4604 820 4665 ita
845 4605 986 4679 vocatas,
1010 4599 1225 4683 περιηγὲος
1249 4603 1332 4664 dixit
