3104 5296
705 491 709 498 .
825 445 887 506 128
1277 445 1323 507 IV
1325 492 1332 508 .
1358 447 1489 508 68-75

465 632 579 714 ἔμπλην
601 635 747 715 Αἰγιαλοῦ
769 658 799 696 τε
821 634 871 696 καί
886 633 1015 716 Ἄργεος·
1037 635 1074 697 ού
1097 634 1153 715 χάρ
1176 633 1290 708 ἐκείνας

462 733 640 815 ἀτραπιτούς
663 736 817 817 ἒπάτησεν,
839 736 901 799 ἐπεί
923 738 1010 817 λάχεν
1026 736 1145 817 Ἴναχον
1159 734 1249 816 Ἥρη.

261 840 362 914 Saepe
392 853 449 913 per
477 839 537 900 hos
563 856 677 903 verens
704 841 872 915 antiquam
901 841 1076 902 dictionem
1105 841 1235 902 deserit.
1259 841 1405 901 Parvum
1439 843 1489 903 cat

218 943 300 1015 quod
332 939 572 1020 ἐπεβάλλετο
603 943 710 1004 media
742 943 846 1004 forma
875 943 926 1013 (ad
957 958 1106 1003 normam
1138 943 1278 1004 fortasse
1301 943 1402 1004 medii
1426 939 1489 1002 ἒπε-

216 1042 333 1123 μλσμεεο
357 1060 405 1106 vs.
429 1046 483 1114 39)
514 1044 653 1121 adhibet,
686 1061 761 1106 cum
792 1047 897 1106 activo
929 1046 1164 1116 (accusativum
1191 1045 1382 1119 adiungens)
1408 1060 1489 1105 naus

218 1149 306 1208 esset
339 1147 502 1207 Homerus
537 1168 561 1205 ο.
586 1147 649 1207 297
681 1142 701 1224 ll
733 1143 766 1206 ol
800 1144 879 1218 Φεὰς
908 1144 1065 1226 ἐπέβαλλεν
1089 1152 1197 1221 (quem
1221 1147 1371 1207 imitatur
1395 1148 1491 1221 poeta

215 1249 327 1324 λχκικι·
359 1249 394 1309 tn
427 1249 527 1324 Apoll.
560 1250 641 1310 427:
674 1239 737 1309 εύεε
772 1246 868 1326 Φερὰς
899 1244 1085 1327 ἐπέβαλλεν);
1128 1263 1232 1322 neque
1269 1249 1361 1322 gravi
1395 1247 1491 1323 culpa

217 1351 363 1425 peccavit
396 1367 470 1412 cum
506 1351 749 1411 substantivum
783 1347 1014 1428 ἀπειλητὴς),
1047 1352 1131 1425 quod
1166 1366 1230 1412 uno
1260 1351 1330 1411 loco
1358 1352 1412 1422 (H.
1436 1351 1490 1420 97)

217 1452 379 1513 Homerus
403 1454 615 1529 contemptim
640 1453 838 1529 adhibuerat,
862 1469 947 1514 nunc
967 1455 1007 1515 ad
1030 1454 1191 1529 propriam
1214 1451 1491 1527 significationem

106 1598 110 1609 .
217 1556 357 1631 revocat,
378 1555 439 1630 vel,
463 1556 547 1629 quod
566 1570 630 1615 non
649 1555 769 1615 iecerat
789 1555 961 1630 HomeruS,
981 1555 1117 1616 verbum
1141 1551 1389 1631 ἀποεραπάω
1413 1569 1490 1614 cnm

218 1656 376 1717 infinitivo
407 1657 580 1730 coniungit.
612 1656 901 1717 verumenimvero
932 1657 1007 1730 quid
1030 1657 1091 1717 sibi
1115 1656 1185 1717 vult
1207 1655 1286 1716 illud
1310 1652 1491 1732 ἔμπληνλ

218 1759 287 1819 Non
307 1758 394 1818 euim
414 1774 477 1818 non
495 1759 601 1832 potuit
620 1760 750 1819 novisse
772 1757 989 1819 Callimachus
1006 1775 1128 1835 vocem,
1147 1759 1297 1833 quamvis
1306 1756 1490 1830 insolitam,

219 1863 250 1918 Β.
274 1862 338 1920 526
362 1859 441 1919 nihil
465 1860 527 1920 nisi
549 1860 676 1936 πλησίον
700 1860 851 1931 iudicare,
876 1861 1052 1934 eademque
1076 1860 1309 1934 significatione
1334 1874 1411 1919 eam
1436 1861 1479 1920 ad

217 1963 353 2023 hibitam
378 1977 450 2022 esse
474 1977 493 2022 a
516 1962 722 2038 Lycophroue
743 1978 790 2022 va.
816 1964 910 2024 1029.
930 1964 974 2023 At
994 1964 1109 2023 ludunt
1127 1963 1279 2037 proiecto,
1299 1963 1335 2020 ut
1355 1961 1491 2034 ignaros

216 2064 391 2140 ludificent,
424 2064 508 2125 docti
539 2064 749 2126 Alexandrini
778 2067 811 2124 in
843 2066 1002 2126 eiusmodi
1027 2066 1168 2139 vocibus,
1191 2066 1275 2140 quod
1297 2065 1385 2125 idem
1411 2064 1493 2125 fecit

218 2167 376 2227 Nicander
391 2166 477 2227 Ther.
492 2166 565 2226 322.
592 2165 689 2226 Cuius
709 2166 904 2228 scholiastae
925 2167 954 2226 ai
972 2167 1134 2228 credimus
1153 2168 1201 2238 (ut
1219 2165 1281 2227 fide
1293 2166 1413 2239 dignus
1426 2169 1490 2235 est)

218 2267 409 2327 Archilocho
447 2267 506 2327 hoc
544 2267 687 2344 debetur,
727 2269 782 2340 qui
810 2268 911 2328 etiam
944 2268 1136 2329 vocabulum
1167 2266 1280 2346 ἔμπλην
1310 2267 1427 2329 eadem
1456 2268 1491 2327 vi

217 2370 314 2441 atqua
336 2365 423 2448 χωρὶς
447 2369 646 2429 adhibuerat.
863 2432 865 2436 ,

261 2470 403 2531 Tandem
429 2486 476 2530 ve.
503 2471 542 2530 74
566 2467 812 2547 ἀτραπιτούς
836 2468 1031 2548 ἐπάτησεν
1055 2487 1130 2533 cnm
1149 2472 1281 2545 tragicis
1300 2471 1394 2532 dixit.
1416 2471 1490 2532 Non

217 2572 303 2631 enim
339 2572 481 2633 calcandi
515 2573 580 2632 vim
617 2573 742 2634 obtinet
777 2575 825 2644 (ut
859 2576 893 2632 A.
927 2576 988 2635 157
1028 2578 1215 2644 καταπατεῖν)
1246 2587 1360 2634 verum
1394 2575 1494 2635 eundi

218 2673 318 2734 veluti
350 2675 382 2735 in
415 2674 579 2749 Sophoclis
614 2675 683 2736 ont.
711 2674 769 2736 Oct.
796 2677 837 2736 37
870 2684 966 2754 χῶρον
991 2681 1104 2753 πατεῖν,
1132 2677 1255 2736 Philoct.
1290 2675 1374 2736 1060
1401 2680 1493 2753 Λημ-

217 2796 271 2833 νον
299 2779 401 2834 πατεῖν
433 2777 482 2856 (cf.
506 2776 558 2836 IV.
585 2779 670 2846 227).
704 2776 784 2837 Cum
815 2776 878 2837 fine
904 2793 978 2839 vero
1002 2779 1100 2838 huius
1123 2793 1238 2839 versus
1265 2773 1346 2852 „insi
1368 2776 1492 2855 λάχεν

211 2872 328 2953 Ἴναχον
349 2872 429 2954 Ἥρη
461 2878 510 2950 (cf.
542 2878 580 2938 fr.
608 2880 669 2938 108
686 2875 904 2957 ’ἈργοςἭρης
934 2877 1014 2959 ἱερὸν
1045 2879 1142 2958 λάχος)
1167 2882 1240 2954 apte
1262 2880 1413 2953 componi
1437 2895 1491 2954 po·

216 2978 283 3037 test
307 2978 339 3036 0.
367 2980 426 3039 191
464 2978 578 3056 „lilim
608 2977 689 3058 λλαχε
720 2978 812 3056 ζόφον
843 2977 1014 3058 ἠερόενια”.
1048 2980 1198 3042 Ceterum
1230 2981 1381 3041 convenit
1406 2981 1490 3043 haec

217 3078 313 3138 dictio
337 3094 411 3139 cuni
431 3079 500 3140 1000
519 3081 673 3142 Herodoti
693 3082 762 3142 Vll.
784 3085 825 3143 53
849 3085 965 3158 „deoida
984 3082 1014 3143 οἳ
1033 3082 1165 3163 Περσίδα
1184 3090 1242 3161 γῆν
1257 3080 1441 3162 λελύγχασι”.

279 3282 334 3343 Vs,
360 3285 411 3344 75.
457 3292 549 3363 φεῦγε
571 3282 621 3345 καλ
644 3285 741 3363 Ἀονίη
765 3284 815 3346 τὸν
839 3283 891 3346 ἕνα
916 3285 1039 3365 δρόμον,
1061 3286 1093 3345 αἳ
1116 3279 1144 3346 δ’
1171 3281 1317 3361 ἐφίποντο

352 3456 353 3459 χ
462 3385 557 3466 Δίρκη
579 3408 609 3446 τε
632 3388 769 3466 Στροφίη
793 3408 822 3447 τε
845 3387 1076 3466 μελαμψήφιδος
1098 3386 1218 3466 ἔχουσαι

454 3481 596 3566 Ἰσμηνοῦ
619 3485 688 3567 χέρα
711 3487 829 3567 πατρός·
854 3484 870 3549 ὃ
895 3484 923 3549 δ’
950 3488 1045 3549 εἵπετο
1069 3487 1178 3550 πολλὸν
1202 3485 1329 3548 ὄπισθεν

459 3588 587 3661 Ἀσωπὸς
609 3591 808 3670 βαρύγουνος,
832 3587 895 3650 ἐπεὶ
917 3590 1084 3652 πεπάλακτο
1107 3598 1251 3674 κεραυνῷ.

461 3686 480 3767 ἡ
504 3684 531 3750 δ’
557 3689 778 3770 ύποδινηθεῖσα
802 3700 892 3771 χοροῦ
916 3689 1108 3754 ἀπεπαύσατο
1130 3691 1236 3769 νύμφη

361 3794 402 3851 80
460 3789 617 3872 αὐτόχθων
640 3793 741 3873 Μελίη
763 3792 813 3853 καλ
835 3791 983 3873 ύπόχλοον
1006 3793 1069 3874 ἔσχε
1092 3792 1217 3875 παρειην

459 3893 559 3972 ἥλικος
583 3892 796 3973 ἀσθμαίνουσα
818 3892 885 3973 περὶ
908 3894 1009 3974 δρυὸς,
1031 3893 1070 3968 ὡς
1093 3895 1138 3956 ἴδε
1162 3895 1265 3974 χαίτην

459 3994 615 4076 σειομένην
632 3992 801 4070 Ἑλικῶνος.
826 3995 893 4076 ἐμαὶ
915 3995 986 4058 θεαί
1008 3997 1106 4058 εἴπατε
1130 4000 1266 4074 Μοῦσαι,

459 4088 478 4175 ἦ
501 4093 531 4177 ῥ’
558 4097 638 4159 ἐτεὸν
662 4096 796 4179 ἐγένοντο
820 4097 883 4159 τότε
908 4098 995 4177 δρύες
1017 4095 1107 4178 ἡνίκα
1130 4099 1277 4178 Νύμφαις

461 4201 610 4278 ,Νύμφαι
633 4197 687 4279 μὲν
709 4201 863 4280 χαίρουσιν
886 4200 932 4261 ὅτε
956 4201 1048 4280 δρύας
1072 4198 1183 4281 ύμβρος
1205 4198 1292 4279 ἀέξει,

358 4304 400 4364 85
457 4302 587 4379 Νύμφαι
611 4297 642 4362 δ’
668 4293 707 4363 αὖ
732 4302 886 4364 κλαίουσιν
911 4301 957 4363 ὅτε
981 4300 1086 4383 δρυσίν
1110 4299 1208 4364 οὐκέτι
1231 4302 1362 4379 φύλλα”.
1388 4297 1412 4375 ¹)

247 4545 268 4613 ¹)
285 4550 363 4597 Recte
389 4553 448 4610 post
473 4548 521 4596 hos
546 4562 636 4597 versuo
662 4550 768 4598 lacunae
794 4550 896 4610 signum
922 4551 1008 4610 posuit
1031 4550 1209 4598 Schneidcruc.
1235 4549 1439 4597 Valckenaerius
1461 4550 1486 4597 in

212 4628 314 4676 schedio
332 4629 383 4676 inm
401 4633 488 4676 monet
504 4641 655 4689 responsum
672 4629 763 4676 deesse
781 4631 926 4689 quaestioni
944 4644 1022 4690 qnam
1041 4631 1122 4677 Musis
1140 4630 1212 4690 pouit
1228 4633 1312 4689 pocta.
1331 4628 1361 4675 Id
1379 4630 1487 4689 quidem
