3068 5288
847 485 889 548 36

231 674 391 736 eiusmodi
409 677 492 752 erat,
514 690 596 749 quae
617 676 748 736 doctum
768 676 900 750 poetam
915 675 1100 736 lacesseret.
1114 675 1272 736 Attamen
1285 672 1498 735 Callimachus

231 777 285 849 qui
313 777 445 851 Argivis
475 776 661 837 iubentibus
690 777 851 851 hymnum
881 777 914 836 in
938 776 1080 837 Palladis
1104 777 1262 837 honorem
1287 778 1497 852 componeret,

231 893 305 939 curn
325 893 429 952 neque
453 877 551 939 fldem
574 879 622 939 eis
646 880 805 953 denegare
828 878 941 954 vellet,
966 894 1070 953 neque
1094 894 1152 953 pro
1176 881 1265 939 certo
1285 878 1420 939 haberet
1438 879 1493 936 iure

229 994 286 1040 eos
308 979 370 1040 sibi
394 980 487 1041 illam
508 980 647 1056 gloriam
666 981 846 1056 vindicare,
868 981 1040 1042 constituit
1059 982 1108 1040 uti
1128 980 1224 1041 docta
1244 980 1388 1055 quadam
1410 979 1490 1039 absti-

229 1082 350 1142 nentia.
375 1082 426 1142 Ita
449 1081 497 1154 (V.
523 1084 576 1154 33)
600 1083 783 1144 Palladium
806 1084 913 1158 ipsum
938 1097 1003 1143 non
1027 1082 1193 1142 nominat:

362 1169 364 1173 ’
451 1177 522 1256 ἔξιθ’
549 1183 702 1245 Ἀθαναία·
725 1183 807 1264 πάρα
829 1205 875 1245 τοι
897 1185 1085 1261 καταθύμιος
1107 1182 1172 1259 ἴλα,

496 1283 677 1365 παρθενικαὶ
700 1285 835 1367 μεγάλων
857 1285 961 1357 παῖδες
984 1283 1196 1364 Ἀκεστοριδᾶν.

452 1383 574 1467 αὀθάνα,
596 1385 715 1466 φέρεται
739 1383 772 1449 δέ
793 1386 845 1448 καλ
867 1383 886 1445 ά
910 1385 1077 1465 Διομήδεος
1100 1383 1204 1464 dcun,

494 1486 534 1561 ὡς
556 1487 629 1562 ἔθος
651 1488 787 1568 Ἀργείων
809 1497 896 1550 τοῦτο
919 1487 1126 1549 παλαιότατον.

272 1590 324 1650 Ita
342 1590 423 1650 nihil
438 1606 496 1666 pro
514 1594 601 1653 certo
618 1591 786 1652 aidrmans
802 1592 842 1653 ad
858 1592 948 1652 urbis
960 1606 1070 1651 sacros
1082 1604 1163 1651 usus
1174 1604 1211 1650 se
1222 1592 1336 1649 tamen
1350 1587 1478 1664 applicat,
1526 1645 1527 1649 ,

227 1693 261 1750 et
290 1693 426 1752 eatenus
457 1692 575 1753 saltem
607 1693 697 1753 favet
728 1694 924 1769 Argivorum
952 1691 1166 1768 opinionibus
1203 1691 1288 1765 quod
1324 1706 1397 1751 cum
1427 1687 1479 1748 llio·
1526 1734 1527 1737 ε

228 1792 322 1852 mede
349 1792 482 1854 Pallada
508 1794 684 1870 coniungit.
704 1776 866 1855 Docuerat
885 1794 972 1855 enim
993 1794 1072 1854 Ilias
1091 1807 1206 1869 parva,
1226 1791 1391 1853 Diomedis
1405 1801 1479 1865 opera

227 1891 409 1954 Palladium
433 1910 475 1955 ex
500 1895 580 1957 urbe
602 1896 698 1956 Troia
720 1911 793 1957 esse
820 1898 968 1971 ereptum
984 1888 1019 1972 ¹),
1042 1895 1128 1956 idem
1152 1893 1289 1956 docebat
1308 1894 1478 1969 Argivorum

227 1992 299 2065 ἔθος
322 1995 528 2057 παλαιότατον.
552 1999 649 2074 Nam,
678 2000 715 2058 ut
738 1997 843 2073 pergit
862 2012 995 2058 narrare
1015 2000 1136 2073 noster,
1158 1995 1237 2057 olim
1256 1995 1415 2056 Eumedes
1431 1989 1478 2066 qui·

228 2095 304 2157 darn
324 2097 487 2159 Minervae
506 2100 672 2175 sacerdos,
693 2101 866 2175 suspectus
885 2098 970 2174 apud
987 2099 1075 2159 cives
1088 2098 1172 2172 quod
1185 2096 1359 2158 consilium
1371 2092 1478 2156 haberet

228 2196 376 2257 hostibus
399 2200 546 2260 tradendi
562 2201 809 2262 sanctissimum
829 2201 908 2261 deae
927 2201 1154 2275 simulacrum,
1176 2199 1348 2272 aufugerat
1366 2214 1406 2259 ex
1420 2194 1477 2257 urie

229 2300 262 2358 et
287 2296 340 2375 „lv
362 2299 460 2386 Κρείμ
484 2298 566 2381 ὄρει·
590 2303 748 2364 sacellum
772 2303 851 2364 deae
874 2302 1027 2362 instituit.
1052 2301 1187 2361 Videtur
1210 2302 1323 2361 autem
1343 2304 1426 2372 (nam
1441 2294 1476 2356 cb·

229 2413 322 2461 scure
352 2417 423 2463 rem
453 2406 565 2464 narrat
596 2406 701 2479 poeta)
733 2404 807 2464 inde
830 2404 870 2464 ab
901 2403 956 2464 illo
979 2405 1126 2478 tempore
1148 2405 1320 2476 tamquam
1344 2403 1382 2463 ad
1404 2401 1477 2461 deam

228 2502 400 2564 tutandam
423 2506 516 2580 signo
536 2506 701 2567 Minervae
717 2506 902 2581 appositum
926 2505 1027 2565 fuisse
1050 2504 1216 2565 Diomedis
1239 2508 1380 2565 scutum.
1410 2495 1477 2577 Quod
1525 2519 1526 2564 ῑ

229 2617 304 2663 cum
333 2610 497 2668 memorat
524 2606 743 2668 Callimachus
766 2609 897 2668 tantum
920 2622 984 2667 non
1008 2606 1206 2681 suffragatur
1228 2607 1376 2682 Argivis,
1398 2599 1476 2664 Palle-
1533 2684 1534 2698 ρ

226 2703 316 2766 diurn
340 2709 424 2782 apud
444 2724 479 2769 se
499 2710 624 2770 servari
642 2708 920 2770 contendentibus.
942 2707 1161 2768 Simulacrum
1180 2707 1269 2767 enim
1292 2706 1477 2782 quoduam·
1533 2702 1534 2749 Τ

229 2806 285 2867 des
312 2810 438 2871 auferre
461 2812 621 2872 voluisset
643 2812 825 2872 Palladium
845 2811 947 2871 fuisse
966 2809 1144 2870 verisimile
1165 2808 1203 2869 dt
1225 2810 1253 2870 si
1274 2813 1478 2884 comparamus

228 2907 393 2971 Plutarchi
413 2910 648 2987 Quaestionum
663 2913 859 2974 Graecarum
873 2910 1296 2986 duodequinquagesimam,
1316 2925 1380 2985 qua
1390 2918 1478 2970 secun·

229 3009 308 3069 dum
339 3011 533 3075 Laconicam
560 3015 789 3076 auctoritatem
816 3028 869 3074 res
892 3015 1078 3074 enarratur:
1109 3006 1261 3091 „mdccc
1285 3003 1327 3083 εἷς
1350 3020 1407 3071 ιον
1428 3010 1479 3068 Δια

230 3107 346 3186 μήδονς
365 3110 524 3194 ἀπογόνων
542 3113 602 3176 ὑπὸ
622 3120 759 3194 Τημενοῦ
771 3112 904 3186 πεισθελς
925 3111 1059 3190 ἐξέκλεψε
1078 3113 1110 3174 τὸ
1131 3112 1304 3174 Παλλάδιον
1325 3110 1355 3186 ἒξ
1367 3110 1481 3191 ’Λργοοο
1526 3180 1527 3183 ,

230 3211 400 3286 συνειδότος
430 3215 570 3296 Λεάγρου
600 3214 651 3276 καλ
678 3213 950 3287 συνεκκλέπτοντος·
982 3206 1021 3293 ἦν
1049 3210 1081 3275 lt
1103 3207 1191 3287 οὗτος
1216 3206 1258 3286 εἷς
1279 3222 1340 3274 τῶν
1366 3211 1480 3291 Τημενοῧ

230 3312 384 3391 συνήθων·
405 3313 581 3397 ὕστερονδὲ
607 3328 645 3402 τῷ
671 3298 793 3401 ΤημενιγοΙ
813 3316 970 3397 γενόμενος
992 3310 1026 3375 δι’
1049 3312 1139 3396 ὀργῆς
1159 3312 1175 3375 δ
1195 3312 1332 3395 Λέαγρος
1351 3314 1393 3387 ελς
1404 3318 1481 3374 Λαοιμ

228 3412 358 3492 δαίμονα
380 3416 500 3496 μετέστη
522 3419 554 3480 τὸ
579 3412 753 3479 Παλλάδιον
776 3418 913 3496 νομίζων.
943 3416 984 3478 Ol
1003 3413 1036 3478 δλ
1059 3418 1188 3497 βασιλεῖς
1212 3416 1367 3494 δεξάμενοι
1385 3408 1481 3495 ancti*

230 3530 292 3591 μως
322 3517 482 3597 λδρύσαντο
513 3518 640 3599 πλησίον
670 3529 723 3582 τοῦ
753 3529 813 3581 τῶν
836 3518 1053 3580 Λευκιππίδων
1075 3517 1173 3598 ίεροῦ,
1193 3514 1244 3577 καλ
1267 3515 1434 3596 πέμψαντες
1452 3508 1481 3579 εἷς

231 3617 369 3694 Δελφοὺς
399 3621 625 3698 διεμαντεύοντο
655 3619 723 3700 περὶ
754 3619 899 3700 σωτηρίας
922 3618 1015 3680 αὐτοῦ
1038 3616 1089 3679 καλ
1111 3622 1256 3696 φυλακῆς.
1280 3618 1442 3689 Ἀνελόντος
1459 3604 1482 3670 δῖ

227 3727 280 3780 τοῦ
299 3724 376 3781 θεοῦ
396 3719 448 3782 ἕνα
467 3728 526 3783 τῶν
544 3720 738 3800 ὑφελομένων
757 3721 789 3782 τὸ
813 3720 983 3782 Παλλάδιον
1002 3721 1123 3797 φύλακα
1138 3723 1309 3797 ποιεῖσθαι,
1328 3715 1482 3780 macute-

229 3837 285 3880 σαν
315 3819 425 3883 αὐτόθι
454 3832 507 3885 τοο
528 3819 691 3895 Ὀδυσσέως
714 3822 746 3884 το
770 3818 898 3907 lodov?
922 3824 1031 3884 Unam
1055 3823 1256 3896 eandemque
1280 3838 1351 3883 rem
1376 3823 1482 3882 <livosa

226 3923 312 3984 tradi
341 3924 381 3984 ab
412 3927 543 4003 Argivis
573 3926 902 4000 Lacedaemoniisque
931 3925 970 3985 de
1001 3925 1137 3985 Palladii
1160 3925 1211 3984 sui
1234 3925 1410 3986 sanctitate
1434 3932 1481 3983 cer·

228 4024 375 4086 tentibus
397 4029 604 4104 perspicuum
628 4030 688 4089 est.

225 4219 300 4267 Ὶλλου
324 4223 430 4278 πλλοντις
456 4227 522 4285 ηνλνα
543 4225 679 4287 προσέσχον
701 4222 820 4287 Φαλήροις
842 4222 887 4269 eni
911 4224 1043 4282 Ἀθηναλων
1060 4224 1210 4281 ἀγνοούμενοι
1227 4222 1384 4286 άνηρὸθηοαν
1405 4223 1481 4280 δυτψ*

228 4298 254 4344 cl
278 4303 422 4359 Ἀκάμαντος
443 4309 597 4369 γναρλσαννος
618 4306 656 4351 καλ
678 4310 720 4351 τοῦ
739 4302 874 4350 Παλλαδίου
891 4302 1026 4366 ιὺριθδντος
1043 4302 1102 4348 κατά
1119 4302 1228 4364 χρησμὸν
1243 4303 1332 4349 αὐτόθι
1349 4302 1376 4349 τδ
1393 4298 1482 4353 δικαιολ-
1526 4342 1527 4345 ,

227 4395 277 4442 ριον
301 4382 431 4439 άπλδιιέαν,
454 4387 484 4439 ὡς
507 4384 656 4445 Φανόδημος.
679 4383 835 4443 Κλιιτάδημος
858 4381 884 4428 δά
902 4397 973 4443 φησιν
990 4381 1160 4440 Ἀγαμέμνονος
1177 4382 1219 4428 σὺν
1236 4389 1267 4444 τῷ
1285 4382 1410 4445 lintella
1426 4388 1480 4442 προσ·

227 4460 365 4518 ινιχθάντος
381 4465 492 4523 Ἀθάναις
508 4467 656 4526 Δημοφῶντα
672 4465 778 4528 ἁρπάσαι
795 4462 822 4508 τά
841 4460 975 4508 Παλλάδιον
991 4462 1030 4509 καλ
1047 4462 1145 4514 πολλοὺς
1161 4468 1206 4507 τῶν
1223 4460 1355 4508 διωκόντων
1371 4462 1454 4508 evase.

263 4532 283 4600 ¹)
301 4539 401 4600 Fragm.
418 4541 465 4602 Ep.
489 4542 529 4590 od.
550 4541 643 4590 Kinkel
656 4555 682 4602 p.
700 4542 745 4590 8‘1:
764 4542 824 4597 ,καλ
840 4541 900 4598 μιτδ
917 4546 990 4586 ταῦτα
1008 4541 1050 4587 σὺν
1066 4540 1177 4599 Διομὴδιι
1192 4540 1219 4586 ιδ
1237 4541 1373 4588 Παλλάδιον
1389 4534 1480 4598 ducali*

228 4617 254 4661 δι
271 4624 310 4676 της
324 4619 423 4669 ’Πλου”,

740 4715 983 4724 ——--—-—-—-
