3104 5296
831 453 893 513 116
1292 448 1346 511 IV.
1373 405 1502 512 18-20'

227 655 298 716 usu,
333 655 410 700 nam
445 640 479 700 hi
510 639 651 714 eborones
680 654 924 713 nonnumquam
957 637 1097 718 ἐξάρχους
1124 639 1298 713 appellant.
1322 640 1363 701 Et
1386 642 1494 701 notum

225 745 277 804 est
305 743 339 803 in
369 743 529 818 Euripidis
560 742 760 802 Bocchorum
785 742 881 802 choro
905 742 1107 803 nobilissimo
1135 735 1169 817 ,t
1194 736 1222 800 δ’
1249 739 1378 822 ἔξαρχος·
1407 740 1494 821 ,Boi-

225 867 292 923 μιος
315 844 435 906 εὖοῖ””
461 851 519 916 (vs.
548 845 632 914 140).

269 947 373 1009 Versu
398 948 441 1008 20
463 947 572 1007 nescio
601 961 665 1019 qua
688 961 787 1006 eausa
811 947 981 1007 rectiorem
1004 945 1143 1006 formam
1164 939 1285 1016 ὀνοσνὸς
1302 945 1417 1007 reiecit
1436 944 1496 1007 Gal·

224 1051 395 1125 limachuS,
415 1064 615 1123 quamquam
638 1050 672 1108 et
695 1047 859 1109 Homerus
881 1064 955 1109 eam
975 1048 1165 1108 adhibuerat
1185 1050 1220 1118 (l.
1236 1050 1298 1109 164
1311 1046 1395 1126 δῶρα
1408 1042 1496 1109 οὐκέτ’

224 1147 352 1228 duecte),
387 1153 421 1212 et
453 1150 630 1225 Lycophro,
667 1163 764 1221 quem
796 1147 880 1209 solet
909 1149 1018 1210 audire
1042 1150 1162 1223 noster,
1187 1165 1235 1209 vs.
1263 1150 1348 1211 1235
1372 1151 1499 1212 dixerat

227 1247 312 1328 »οὐδ’
339 1247 460 1323 ὀνοσνὸς
483 1249 515 1310 ἓν
538 1249 675 1329 μάχαις”.
697 1251 846 1311 Forsitan
871 1251 1023 1312 maluerit
1046 1250 1138 1323 sequi
1158 1250 1335 1312 Pindarum
1355 1254 1412 1327 qui
1432 1253 1500 1313 sine

224 1371 242 1414 σ
267 1355 365 1415 habet
388 1347 464 1430 ,eiii'
491 1349 631 1423 ὀνοτὸς
655 1348 708 1430 μὲν
731 1349 871 1414 ίδίσθαι”
896 1352 1004 1414 Istinc.
1030 1353 1085 1414 IV.
1110 1353 1162 1413 50.
1185 1351 1266 1413 Cum
1290 1356 1404 1414 nostro
1428 1354 1502 1415 fecit

223 1456 411 1532 Apollonius
434 1455 588 1531 Rhodius,
613 1454 667 1515 IV.
693 1457 754 1516 91:
779 1453 860 1533 χήτεϊ
882 1453 1057 1533 κηδεμόνων
1080 1449 1235 1531 ὀνοτήν.

267 1559 312 1619 De
335 1558 541 1618 substantivo
560 1555 656 1634 ίχνιον
676 1557 799 1618 dictum
820 1560 871 1618 est
893 1572 964 1632 pag.
992 1559 1043 1618 73.
1068 1557 1175 1617 Pauca
1198 1571 1284 1632 vero,
1308 1557 1444 1618 etiamsi
1464 1557 1502 1617 ad

222 1659 458 1734 mythologiam
486 1660 697 1720 historiamve
722 1660 916 1736 pertineant,
941 1660 979 1720 de
1004 1658 1189 1719 nominibus
1212 1658 1349 1733 propriis
1373 1658 1501 1731 quibus·

221 1764 296 1824 dam
328 1778 385 1836 per
414 1762 474 1823 hos
505 1776 620 1822 versus
651 1762 804 1822 adhibitis
836 1762 971 1823 dicenda
993 1763 1129 1822 restant.
1154 1761 1191 1820 Iu
1216 1759 1332 1832 quibus
1357 1760 1500 1833 primum

222 1866 274 1924 est
300 1859 484 1941 ,Tataula
509 1861 645 1940 Τηθύς”.
670 1863 785 1923 Taouit
808 1864 896 1923 enim
917 1863 1080 1924 Homerus
1101 1863 1140 1922 de
1163 1862 1259 1921 huius
1278 1861 1358 1921 deae
1379 1862 1501 1935 origine

222 1980 263 2024 ex
297 1963 415 2039 Urano,
447 1979 546 2037 quam
575 1966 649 2038 post
679 1965 830 2038 antiquos
860 1966 972 2038 poetas
1007 1964 1121 2025 eodem
1144 1964 1242 2036 atque
1263 1964 1377 2024 noster
1399 1965 1501 2037 patro·

223 2065 353 2139 nymico
376 2064 442 2125 iam
467 2065 589 2126 indicat
612 2066 778 2140 Lycophro
805 2081 851 2126 vs.
879 2067 940 2126 231

559 2171 666 2246 γραῖαν
690 2167 835 2239 ξύνευνον
855 2162 981 2248 Ὠγίνον
1007 2166 1157 2227 Τιτανίδα.

270 2266 433 2328 Corsicam
465 2283 528 2341 que
548 2271 679 2330 auctore
702 2269 795 2329 nisus
818 2269 942 2330 erudite
975 2267 1200 2328 dolorosae
1222 2266 1348 2344 Κύρνον
1372 2268 1500 2343 dixerit,

225 2384 284 2429 nos
318 2370 411 2431 hodie
445 2370 536 2446 latet,
565 2371 651 2431 haud
683 2371 792 2431 minus
824 2387 862 2432 ac
893 2371 1020 2447 propria
1042 2372 1130 2444 origo
1156 2369 1298 2430 nominis
1321 2384 1385 2442 quo
1409 2371 1502 2430 ornat

225 2470 405 2532 Euboeam:
446 2473 506 2547 ,M
512 2470 627 2552 άνρις
658 2469 811 2551 Ἀβαντιὰς
846 2466 1062 2549 Ἐλλοπιήων”.
1093 2471 1231 2546 Operam
1261 2470 1441 2544 perdamus
1471 2471 1497 2531 si

224 2586 420 2644 quaeramus
450 2575 561 2634 utrum
598 2590 639 2635 ex
663 2574 833 2635 Heraclide
865 2575 997 2636 Pontico
1021 2589 1063 2634 an
1087 2573 1291 2647 Dicaearcho,
1317 2571 1435 2633 Cleone
1457 2588 1496 2633 an

225 2673 359 2735 Diodoro
390 2676 556 2748 Periegeta
583 2691 643 2736 sua
666 2676 821 2736 hauserit.
846 2675 994 2749 Undique
1018 2675 1234 2748 conquisitam
1258 2674 1442 2734 doctrinam
1464 2675 1493 2735 in

225 2790 327 2835 unum
357 2777 480 2837 confert
512 2775 728 2838 Callimachus
760 2779 796 2837 ut
827 2777 993 2851 indulgeat
1015 2776 1133 2852 studio,
1158 2789 1220 2849 quo
1243 2790 1360 2835 omnes
1382 2778 1493 2850 poetae

223 2876 432 2937 Alexandrini
464 2879 628 2954 ardebant,
660 2879 757 2939 urbes
789 2879 936 2952 regiones
968 2878 1092 2939 insulas
1124 2876 1285 2937 indicandi
1311 2877 1491 2951 antiquissi-

224 2978 288 3038 mis
319 2980 503 3039 nominibus
535 2979 585 3040 uel
615 2979 735 3040 talibus
766 2994 849 3052 quae
873 2980 1102 3053 antiquissima
1127 2979 1168 3039 iis
1191 2977 1322 3051 quidem
1346 2979 1490 3039 videbun·

225 3082 287 3141 tur.
319 3081 359 3140 Et
389 3096 503 3140 revera
534 3081 682 3142 videmus
711 3083 892 3154 antiquitus
922 3084 994 3142 ium
1025 3081 1244 3155 Abantiadem,
1268 3081 1340 3141 tum
1372 3081 1491 3141 Macrin

225 3183 487 3255 cognominatam
518 3198 591 3244 esse
621 3183 762 3244 insulam
793 3184 975 3245 Euboeam:
1009 3184 1130 3245 etenim
1152 3182 1218 3243 iam
1241 3181 1489 3257 Aristophanem

224 3282 384 3343 adlusisse
403 3285 444 3344 ad
467 3284 499 3344 id
522 3299 641 3345 nomen
660 3285 853 3360 interpretes
877 3287 1082 3361 censuerunt,
1104 3299 1180 3345 cum
1192 3282 1276 3346 Ναίν.
1291 3285 1353 3344 211
1377 3285 1490 3346 diceret

727 3381 747 3464 i
772 3384 804 3446 δέ
827 3381 851 3466 ν’
879 3381 997 3465 Εὔβοι’,
1019 3384 1058 3458 ὡς
1082 3383 1163 3470 ieie,

467 3481 519 3564 ἡδί
541 3484 735 3565 παρατέταται
757 3485 855 3566 μακρὰ
879 3487 979 3567 πόρρω
1002 3487 1092 3548 πάνυ.
1120 3483 1142 3559 ¹)

222 3585 323 3660 Magis
353 3589 454 3649 etiam
481 3592 596 3650 notum
619 3604 738 3651 nomen
762 3588 924 3651 Abanlios.
948 3590 1018 3650 Non
1043 3591 1129 3651 enim
1154 3590 1260 3651 solum
1286 3590 1319 3647 Β.
1344 3591 1409 3651 536
1432 3589 1487 3650 Ho

222 3704 333 3750 merus
356 3691 483 3753 dixerat

467 3793 497 3852 οἳ
518 3787 546 3853 ‹i’
574 3790 710 3871 Εὔβοιαν
734 3791 801 3872 ἔχον
823 3790 912 3871 μένεα
934 3792 1084 3864 πνείοντες
1102 3788 1253 3872 Ἄβαντες,

221 3892 278 3951 sed
301 3892 334 3951 in
357 3894 505 3967 Aegimio
531 3889 553 3966 ί)
581 3896 700 3957 diserte
724 3898 913 3957 enarratum
936 3896 1043 3956 fuerat
1068 3895 1116 3966 (ir.
1142 3897 1161 3955 3
1186 3894 1293 3966 Κίννα.)

778 3997 860 4082 νήσῳ
884 3995 916 4057 ἐν
939 3996 1086 4076 Ἀβαντίδτ
1109 3995 1166 4080 δίη·

466 4095 521 4175 τὴν
543 4095 614 4177 πρίν
636 4098 791 4176 Ἀβαντίδα
813 4098 973 4176 κίκλησκον
994 4094 1063 4157 θεοὶ
1086 4093 1150 4157 αἰὲν
1173 4095 1279 4176 ἐόντες,

466 4197 519 4276 τὴν
542 4193 595 4260 τότ’
622 4197 781 4278 ἐπώνυμον
805 4195 943 4278 Εὔβοιαν
965 4196 1036 4278 βοὸς
1060 4194 1194 4277 ὠνόμασε
1219 4199 1303 4271 Ζεύς.

252 4467 273 4533 ¹)
290 4470 404 4519 Ulterius
422 4472 499 4519 etiem
517 4472 682 4532 progreditur
699 4472 850 4533 Apollonius
869 4484 928 4518 cnm
945 4471 1044 4518 incolas
1061 4471 1190 4518 insulael.
1201 4472 1490 4537 ldlimeneu'ecvoeat

252 4546 272 4612 ²)
290 4550 357 4607 Quid
375 4551 407 4598 de
423 4550 533 4610 Aegimil
550 4554 654 4599 auctore
673 4553 803 4600 censuerit
820 4551 992 4599 Oellimeehus
1010 4553 1144 4598 incertum.
1161 4550 1334 4612 Apollodorus
1352 4549 1397 4612 (11.
1416 4553 1439 4600 1.
1455 4550 1488 4612 8.)

217 4631 329 4695 Hesiodo
346 4632 468 4679 tribuisse
486 4630 596 4677 videtur.
