3104 5296
846 443 907 502 146
1250 443 1305 504 IV.
1333 446 1492 505 150-153

272 630 432 706 Singulari
466 631 600 692 consilio
636 646 683 691 vs.
723 632 785 690 150
820 631 916 705 poeta
955 630 1054 692 dixit:
1090 629 1228 713 ,σῴζεο
1259 632 1401 710 χασραν”.
1432 636 1493 696 Non

229 733 315 794 enim
350 732 519 806 ignorabat
552 732 661 807 opicae
692 731 842 793 dictionis
875 746 947 792 esse
976 731 1110 792 verbum
1142 740 1237 792 σαούν
1263 736 1348 807 quod
1372 741 1495 813 saepius

227 836 363 909 usurpat
396 833 447 904 (ci.
483 834 536 895 IV.
568 835 619 895 22.
656 832 1095 910 1973V.142;v1.135),
1127 849 1201 895 cum
1232 833 1334 918 σῴζειν
1356 838 1420 898 nisi
1443 841 1495 899 boc

226 937 294 999 loco
325 937 358 997 in
383 935 609 997 callimacheis
632 951 695 996 non
723 937 880 996 occurrat.
905 935 1033 994 Dixeris
1057 935 1155 1008 igitur
1178 951 1254 996 eum
1277 953 1357 999 suae
1382 941 1494 1001 aetatis

227 1038 425 1099 valedicendi
446 1037 620 1099 formulam
640 1052 715 1097 cum
736 1036 900 1097 homerica
919 1037 1111 1111 coniungere
1133 1037 1285 1115 voluisse,
1299 1042 1333 1100 et
1345 1041 1413 1102 iam
1426 1058 1495 1103 eum

226 1156 351 1214 quoque
375 1139 566 1200 observasse
589 1138 673 1212 quod
696 1137 915 1212 Aristarchus
940 1139 1025 1198 teste
1049 1138 1243 1216 Aristonico,
1268 1142 1438 1204 adnotavit
1460 1145 1496 1205 ad

225 1263 252 1301 ν.
277 1242 319 1302 39
343 1237 478 1319 (πέμπετέ
500 1261 534 1319 με
558 1239 727 1310 σπείσαντες
751 1236 902 1316 ἀπήμονα,
924 1238 1035 1317 χαίρετε
1056 1233 1086 1298 d’
1108 1237 1221 1311 αὖτοί);
1250 1240 1312 1318 ,ὅτι
1334 1242 1366 1303 οί
1382 1242 1498 1305 παλαιοὶ

225 1340 276 1402 καί
307 1340 339 1403 έν
370 1352 409 1427 τῷ
438 1339 623 1417 ἀφίστασθαι
653 1340 685 1401 τὸ
715 1345 796 1419 χαῖρε
826 1338 927 1419 ἔλεγον
950 1339 1046 1419 ὥσπερ
1071 1348 1128 1400 νῦν
1152 1339 1184 1401 τὸ
1215 1341 1342 1427 σῴζου
1367 1343 1496 1424 φαμέν”.

225 1446 301 1521 Ipsa
327 1445 414 1507 enim
439 1445 566 1505 abitura
588 1443 732 1505 Peneum
757 1443 883 1504 salvere
907 1443 997 1504 iubet
1020 1443 1153 1504 Latona.

269 1547 315 1607 De
338 1561 435 1607 versu
461 1547 522 1606 151
547 1545 677 1606 omnino
702 1545 881 1606 audiendus
905 1545 1032 1606 videtur
1059 1545 1282 1623 Schneiderus‚
1306 1549 1361 1621 qui
1388 1553 1496 1610 monet

225 1650 415 1724 peccantem
447 1648 553 1708 iacere
589 1646 823 1708 Callimachum
860 1649 972 1708 contra
1006 1648 1096 1722 leges
1132 1649 1296 1725 metricas,
1332 1651 1388 1723 qui
1412 1650 1497 1728 τῆσδε

226 1752 266 1812 ad
291 1751 459 1825 sequentia
481 1749 629 1824 trahant;
650 1749 842 1810 observasse
862 1749 951 1810 enirn
971 1748 1142 1822 diligenter
1161 1749 1344 1812 imitatores
1365 1752 1497 1813 Homeri

227 1854 310 1928 quod
344 1853 506 1914 memorat
539 1850 638 1912 schol.
670 1851 704 1911 in
731 1850 788 1913 Od.
812 1851 840 1929 β
871 1853 911 1913 77
939 1847 1099 1926 ,οὐδέποτε
1123 1847 1139 1910 ὁ
1163 1848 1292 1923 εἰκοστὸς
1316 1850 1423 1931 χρόνος
1446 1862 1496 1914 τοῦ

225 1949 356 2033 ἡρωϊκοῦ
390 1950 513 2033 στιγμὴν
548 1948 739 2030 ίπιδέχεται”.
772 1953 809 2013 In
833 1953 902 2028 ipso
926 1954 1039 2013 autem
1067 1953 1221 2014 vocabulo
1245 1949 1496 2033 ἐλεημοσύνη

225 2057 360 2118 innovat
390 2055 616 2117 Callimachus.
646 2054 808 2115 Homerus
834 2056 932 2132 onim,
957 2056 1034 2117 licet
1057 2055 1160 2117 semel
1183 2056 1342 2117 adiectivo
1367 2054 1496 2135 ἐλεήμων

227 2161 347 2234 utatur,
382 2179 404 2217 ε.
430 2158 503 2233 191,
538 2157 745 2217 substantiva
778 2159 908 2218 tantum
942 2158 1034 2218 novit
1067 2155 1146 2229 ἕλεος
1176 2160 1210 2219 et
1237 2154 1354 2235 ίλεητύς
1379 2160 1422 2231 (Ω
1444 2162 1495 2221 44.

227 2259 251 2331 ξ.
264 2259 329 2329 82).
352 2259 455 2319 Nemo
477 2261 590 2319 tamen
613 2258 653 2318 ob
678 2258 759 2319 hanc
784 2259 914 2332 quidem
934 2257 1100 2320 licentiam
1122 2259 1357 2321 Callimachum
1379 2278 1495 2336 magno

226 2376 320 2435 opere
356 2360 560 2435 vituperabit,
605 2374 682 2419 narn
718 2361 869 2421 convenit
910 2360 1015 2421 forma
1048 2375 1124 2422 cum
1158 2361 1323 2423 homerica
1356 2364 1494 2425 dictione

226 2464 260 2523 et
292 2462 466 2523 admodum
501 2461 653 2535 frequens
686 2463 738 2522 est
770 2462 803 2522 in
838 2462 1011 2523 homericis
1044 2477 1125 2523 usus
1157 2463 1439 2527 substantivorum
1463 2468 1494 2527 in

225 2563 328 2641 -σύνη,
356 2566 425 2624 tam
461 2578 572 2624 eorum
603 2563 659 2637 qui
687 2562 857 2624 adiectivis
888 2563 921 2623 in
953 2585 995 2623 αν
1026 2564 1220 2638 respondent
1252 2565 1354 2627 veluti
1378 2565 1494 2646 ὑποθη-

226 2665 342 2742 μοσύνη
370 2663 546 2742 μνημοσύνη
570 2663 762 2742 σωφροσύνη,
789 2679 888 2737 quam
915 2664 1054 2725 aliorum
1081 2665 1189 2739 qualia
1212 2668 1290 2726 sunt
1312 2669 1493 2748 μαντοσύνη,

225 2765 401 2845 κερδοσύνη,
424 2766 639 2846 πλαγκτοσύνη.
664 2800 707 2808 -
730 2768 775 2827 At
798 2782 872 2827 cum
896 2766 1009 2827 eodem
1033 2782 1128 2827 versu
1153 2767 1232 2828 dicit
1260 2767 1442 2848 ,χάριτος
1464 2768 1495 2830 δέ

227 2890 272 2927 τοι
294 2865 373 2926 ἔσται
400 2864 567 2946 &perdar
592 2868 702 2929 minus
726 2869 887 2930 homerica
919 2868 1069 2944 loquitur,
1093 2884 1190 2942 quam
1215 2870 1347 2943 tragice.
1372 2872 1494 2946 Tragici

228 2970 335 3030 solent
368 2970 473 3030 dicere
508 2965 703 3047 ,ἀμείβεσθαι
737 2969 843 3050 χείρον’
878 2972 948 3032 sive
983 2968 1114 3048 ἀμείβειν
1148 2972 1275 3042 (Aesoh.
1316 2972 1376 3048 Ap.
1415 2975 1492 3048 711;

229 3071 323 3144 Soph.
347 3070 394 3131 at.
422 3072 505 3140 134).
540 3070 610 3132 Non
644 3075 755 3133 tamen
789 3087 931 3148 pugnare
965 3088 1041 3133 cum
1076 3073 1240 3135 homerica
1274 3073 1385 3149 lingua
1420 3092 1491 3137 eum

229 3187 325 3232 usum
360 3172 556 3233 substantivi
590 3171 697 3251 χάρις
732 3175 825 3235 docet
860 3171 979 3239 5235
1018 3170 1093 3253 ,tyb
1125 3171 1158 3233 δέ
1187 3171 1220 3234 κε’
1250 3197 1295 3234 τοι
1318 3173 1387 3236 ἰδέα
1411 3177 1492 3256 χάριν

226 3269 323 3351 ἤματα
352 3271 480 3334 πύντα”.
514 3274 712 3351 Quapropter
742 3276 853 3337 dubito
884 3292 925 3337 an
952 3277 999 3336 ita
1038 3291 1163 3349 quoque
1194 3278 1355 3351 acceperit
1386 3282 1493 3340 noster

227 3375 388 3435 Minervae
417 3391 528 3450 preces
560 3399 587 3456 μ.
622 3378 663 3438 58
698 3377 803 3454 ,δίδου
837 3377 1054 3455 χαρίεσσαν
1088 3373 1251 3455 ἀμοιβήν”,
1284 3380 1377 3452 quasi
1409 3381 1490 3441 idem

227 3476 306 3537 haec
330 3476 428 3537 verba
451 3478 596 3540 valerent
619 3495 657 3540 ac
684 3478 829 3559 ,χάριτος
842 3476 1002 3557 ἀμοιβήν”.

270 3680 325 3742 VS.
353 3683 425 3743 153.
450 3673 479 3759 ἦ,
501 3679 551 3741 καί
573 3681 667 3742 πολλὰ
690 3682 838 3764 πάροιθεν
861 3680 923 3743 ἐπεί
945 3681 1048 3759 κάμεν,
1071 3679 1160 3760 ἕστιχε
1183 3681 1294 3760 νήσους

447 3782 603 3855 είναλίδας·
627 3784 660 3843 αἲ
683 3778 711 3844 δ’
738 3781 775 3845 οὔ
799 3807 850 3862 μιν
873 3779 1070 3864 ἐπερχομένην
1094 3780 1237 3862 ἐδέχοντο,

341 3886 402 3945 155
438 3883 474 3945 οὐ
498 3883 624 3964 λιπαρὸν
648 3884 768 3963 νήεσσιν
787 3881 939 3965 Ἐχινάδες
967 3884 1060 3964 ὅρμον
1089 3882 1221 3963 έχονσαι,

447 3981 515 4047 οὐδ’
545 3985 605 4065 ἥτις
628 3985 768 4066 Κέρκυρα
792 3985 1020 4064 φιλοξεινωτάτη
1043 3983 1150 4063 ἄλλων,

441 4077 512 4168 Ἶρις
535 4085 598 4149 ίπεί
622 4088 753 4172 πάσησιν
777 4083 819 4164 ἐφ’
847 4087 977 4166 ὑψηλοῖο
1002 4088 1160 4165 Μίμαντος

447 4187 628 4268 σπερχομένη
652 4189 730 4267 μάλα
752 4189 863 4250 πολλὸν
885 4186 1060 4266 ἀπέτραπεν·
1084 4189 1117 4248 αἲ
1139 4184 1167 4249 δ’
1192 4182 1240 4248 iri
1267 4185 1397 4269 ὀμοκλῆς

446 4291 597 4374 πανσνὸίη
620 4289 767 4371 φοβέοντο
790 4289 865 4351 κατὰ
887 4289 959 4370 ῥόον
983 4290 1087 4369 ἥντινα
1110 4287 1215 4368 τέτμοι.

269 4390 471 4453 Gravitatem
506 4393 668 4467 quandam
703 4396 740 4454 ut
762 4395 860 4455 addat
882 4393 1059 4454 narrationi
1083 4408 1161 4453 suae
1185 4408 1267 4466 quae
1291 4393 1325 4454 in
1349 4394 1489 4456 iterando

224 4493 303 4553 deae
324 4494 473 4566 vagantis
492 4493 618 4555 labores
637 4494 731 4556 facile
751 4497 951 4570 languescat,
974 4496 1014 4556 ad
1033 4495 1154 4555 rariora
1174 4495 1319 4556 recurrit.
1333 4496 1491 4558 Haecfuit

224 4610 322 4656 causa
345 4597 383 4655 ut
405 4611 453 4656 vs.
481 4598 542 4656 153
566 4593 692 4674 ἔστιχε
716 4597 891 4674 adhiberet,
916 4597 1074 4657 aoristum
1104 4597 1186 4657 satis
1209 4611 1318 4656 rarum
1344 4598 1490 4673 (simplex
