3090 5294
825 448 865 507 38
1299 446 1325 505 Ι.
1353 447 1486 508 74-75

214 637 329 696 Aesch.
354 635 413 709 Ap.
440 637 525 711 943),
550 637 606 697 sed
632 640 739 697 etiam
761 638 942 714 sententiae
965 640 1127 698 structura
1153 639 1313 710 adquam
1337 637 1487 712 proxime

214 737 336 798 accedit
359 739 479 812 noster,
503 737 670 812 Euripides
693 737 815 807 (Pboca.
841 740 915 808 514)
940 739 1083 799 dixerat:

899 837 925 898 εί
947 838 1134 917 Μυκηναίου
1158 837 1246 918 δορὸς

479 937 565 1024 φόβῳ
589 939 714 1018 παρείην
738 948 871 1019 σκῆπτρα
895 937 973 1017 τάμὰ
995 934 1068 1023 τῷδ’
1094 938 1177 1019 ἔχειν.

256 1042 345 1102 Haec
368 1041 407 1101 ab
431 1041 520 1115 epica
543 1041 679 1104 dialecto
703 1043 880 1117 discedunt,
915 1058 1030 1103 verum
1052 1043 1131 1104 illud
1155 1059 1281 1118 quoque
1306 1059 1325 1103 a
1348 1045 1484 1117 tragico·

212 1158 285 1204 rum
301 1143 486 1231 morequod
499 1143 656 1216 agricolas
675 1142 902 1223 γεωμόρους
926 1145 1012 1220 dicit,
1034 1159 1205 1217 quoscum
1230 1143 1324 1220 ,ὑπὸ
1348 1145 1484 1222 χεῖρα”

211 1252 269 1303 τῶν
303 1243 485 1322 υτολιόρχων
516 1260 588 1305 esse
619 1246 748 1320 diceret,
774 1247 880 1319 magis
903 1261 1029 1319 quoque
1045 1239 1235 1307 *Atticorum
1260 1245 1339 1306 illud
1364 1247 1398 1306 et
1422 1246 1482 1306 He·

98 1358 100 1360 ·
211 1345 315 1406 rodoti
345 1337 420 1404 είυυι
448 1344 585 1423 τετάχθαι
615 1343 674 1407 ὑπὸ
705 1344 826 1425 βασιλέα
847 1350 1026 1424 spectabat,
1046 1364 1144 1422 quam
1165 1347 1366 1408 homericum
1388 1347 1485 1406 huius

211 1446 456 1522 praepositionis
479 1463 577 1507 usum
600 1448 650 1518 (cf.
675 1448 780 1525 λασίην
804 1446 864 1507 ὑπὸ
887 1444 996 1528 γαστέρ’
1024 1446 1159 1521 ἐλυσθεὶς
1184 1451 1218 1510 et
1240 1448 1382 1519 similia).

257 1548 338 1624 Quid
359 1563 433 1608 vero
455 1547 689 1609 Callimachum
713 1550 815 1610 movit
838 1551 875 1609 ut
895 1565 975 1623 quos
995 1552 1095 1611 ceteri
1115 1554 1227 1625 poetae
1246 1548 1393 1629 ἀροτῆρας
1406 1551 1485 1611 dice·

211 1652 289 1711 bant
306 1652 336 1710 is
360 1666 436 1712 voce
460 1651 499 1710 ab
522 1652 611 1710 omni
634 1652 757 1725 poetico
781 1666 929 1712 sermone
963 1653 1088 1713 remota
1112 1652 1281 1732 γεωμόρους
1302 1653 1485 1713 nominaret

212 1767 301 1813 more
324 1753 455 1826 insuper
477 1752 607 1813 insolito
627 1768 689 1812 non
714 1753 818 1813 divites
838 1754 924 1826 agris
945 1755 1096 1815 homines
1118 1770 1193 1814 cum
1214 1755 1346 1815 Platone
1363 1755 1484 1827 Thucy·

212 1855 284 1916 dide
304 1855 464 1915 Herodoto
485 1856 671 1915 eonomine
695 1855 870 1930 appellans,
890 1857 948 1915 aut
961 1870 1112 1930 agrorum
1122 1872 1309 1932 possessores
1320 1857 1391 1916 sive
1403 1856 1486 1916 locu.

212 1958 315 2032 pletes
328 1958 397 2018 sive
409 1957 530 2031 inopes,
551 1959 729 2018 secundum
743 1958 885 2031 priscum
900 1958 1150 2018 Atheniensium
1165 1959 1306 2018 morem?
1318 1959 1355 2018 ld
1367 1957 1485 2034 ipsum,

212 2060 295 2134 quod
319 2059 457 2132 negabat
479 2057 629 2137 γεωμόρου
653 2074 727 2119 cum
754 2059 849 2119 verbo
873 2057 1032 2135 μείρεσθυι
1053 2060 1231 2119 cohaerere.
1258 2059 1343 2134 Quos
1362 2060 1486 2132 antiqui

212 2161 260 2221 illi
282 2159 449 2239 γεωμόρους
474 2172 529 2219 eos
553 2162 663 2219 noster
682 2158 898 2237 γαιοδάτας
919 2160 1067 2219 nominat
1086 2160 1136 2230 (cf.
1160 2160 1197 2220 fr.
1222 2159 1282 2218 158
1304 2176 1323 2219 a
1342 2160 1486 2220 Bentleio

213 2262 442 2330 emendatum).
476 2262 519 2320 At
548 2257 716 2340 γεωμόρους
748 2261 837 2335 (sive,
867 2276 942 2320 cum
965 2261 1108 2335 postulat
1135 2264 1275 2320 metrum
1303 2260 1487 2341 γεωμόρους)

214 2378 374 2436 quosnam
393 2362 568 2437 intellegat,
590 2363 738 2422 videmus
760 2378 800 2422 ex
821 2363 935 2435 fragm.
949 2354 1040 2422 491¹).
1059 2363 1166 2436 Etym.
1182 2363 1284 2436 Magn.
1299 2380 1329 2437 p.
1344 2365 1420 2426 229.
1436 2367 1487 2425 43.

217 2462 387 2544 ,γειομόρος
422 2460 438 2523 ό
472 2462 599 2544 γεωργὸς
634 2466 769 2523 καλεῖται’
804 2460 946 2540 τέμνοντα
981 2463 1131 2542 σκορίμην
1163 2460 1278 2523 αὔλακα
1308 2465 1487 2545 γειομόρον”

214 2568 278 2638 (ubi
302 2567 418 2627 merito
441 2567 515 2641 post
538 2566 721 2627 Heckerum
744 2581 800 2639 pro
828 2569 955 2624 καλεῖται
979 2565 1098 2639 legitur
1122 2565 1326 2645 Καλλίμαχοςγ·
1355 2567 1488 2647 ,εἴρηται

215 2666 273 2727 ολττὸ
294 2676 346 2728 τοῦ
365 2666 419 2745 τὴν
439 2676 496 2746 γῆν
516 2672 666 2745 μορεῐν,
689 2666 706 2726 ὅ
728 2665 785 2726 ἐστι
808 2672 921 2742 πονεῖν,
940 2667 1092 2747 γειομόρος
1115 2660 1170 2728 οὖν
1188 2666 1396 2749 ὁγεωιτόνος.”
1419 2671 1489 2732 Hac

215 2772 422 2845 derivatione,
457 2770 566 2844 inepta
597 2785 686 2844 sane,
714 2770 753 2829 ab
778 2770 880 2843 ipsius
904 2769 1094 2831 Callimachi
1118 2773 1280 2832 sententia
1303 2786 1367 2831 non
1391 2772 1488 2846 longe

213 2874 358 2933 aberrat:
395 2873 593 2944 agnoverant
628 2872 715 2930 enim
748 2872 947 2944 antiquiores
978 2873 1078 2932 etiam
1110 2874 1316 2946 grammatici
1351 2875 1489 2935 verbum

213 2978 314 3052 μορεῑν
333 2998 365 3018 =
385 2976 496 3030 κυνεῖν.
521 2972 562 3030 llt
584 2973 842 3045 quandoquidem
866 2974 912 3033 ita
939 2975 1084 3034 adhibuit
1106 2976 1216 3035 noster
1240 2976 1488 3038 substantivum

213 3073 375 3155 γειομόρος,
409 3074 583 3135 admodum
615 3072 652 3133 fit
681 3075 844 3148 probabile
872 3076 958 3136 idem
981 3077 1142 3137 iudicasse
1166 3093 1241 3137 eum
1266 3078 1304 3137 de
1328 3078 1488 3150 siguifica-

212 3179 300 3238 tione
330 3176 527 3236 substantivi
559 3172 648 3252 μόρος
680 3179 713 3235 et
736 3176 886 3237 adiectivi
910 3176 1026 3255 μορόεις
1055 3180 1138 3251 quod
1162 3180 1349 3239 Aristarcho
1372 3187 1491 3255 postea

214 3280 382 3339 videbatur
413 3277 467 3351 qui
497 3278 577 3338 item
609 3273 640 3339 Ξ.
667 3278 728 3338 183
763 3277 921 3357 ,τρίγληνα
952 3277 1117 3357 μορόεντα”
1151 3296 1188 3340 eo
1221 3281 1315 3341 modo
1344 3285 1488 3357 accepit:

216 3376 425 3456 ,πεπονημένα
456 3387 491 3463 τῇ
510 3388 684 3462 κατασκευῇ·
704 3376 763 3438 ολιτὸ
787 3387 839 3439 τοῦ
864 3387 991 3458 μορῆσαι
1016 3379 1032 3440 ό
1055 3378 1114 3440 ἐστι
1138 3387 1350 3460 κακοπαθῆσαι
1370 3375 1401 3453 ¹).
1428 3385 1489 3446 Vo-

215 3496 286 3540 cem
321 3482 431 3541 autem
466 3478 629 3558 γειομόρος,
665 3479 899 3541 Callimachum
929 3482 1078 3541 imitatus
1113 3483 1258 3543 adhibuit
1297 3484 1490 3557 Apollonius

214 3582 358 3641 Rhodius
384 3583 441 3642 ΙΙΙ.
470 3582 564 3656 1387,
589 3583 622 3640 et
644 3581 697 3641 IV.
725 3584 809 3642 1453
834 3581 993 3660 (γειομόροι
1013 3583 1184 3659 μύρμηκες),
1210 3585 1292 3646 item
1315 3587 1354 3646 de
1378 3592 1490 3650 aratro

215 3685 346 3757 Dionys.
372 3685 440 3744 Per.
468 3683 540 3743 190.

258 3888 313 3949 VS.
340 3889 391 3949 76.
460 3885 565 3947 αὐτίκα
588 3891 716 3966 χαλκηας
740 3884 793 3964 μὲν
816 3885 954 3965 όδείομεν
973 3883 1160 3965 Ἡφαίστοιο,

457 3988 614 4068 τευχηστόις
638 3986 665 4049 δ’
693 3985 736 4069 ἄρ’
754 3988 872 4070 Ἄρηος,
895 3988 1059 4070 ἕκτακτῆρας
1083 3987 1115 4050 δὲ
1142 3992 1277 4070 Χιτώυης

459 4091 632 4173 Ἀρτέμιδος,
657 4093 772 4171 Φοίβου
797 4089 829 4153 δὲ
852 4094 943 4172 λύρης
966 4085 999 4154 εὖ
1024 4093 1138 4167 εἰδότας
1162 4095 1275 4173 οἴμους,

460 4192 491 4254 ίκ
515 4191 547 4255 δὲ
572 4192 643 4266 Διὸς
667 4195 820 4273 βασιλῆας,
844 4192 905 4254 ἐπεὶ
931 4193 1010 4267 Διὸς·
1035 4191 1125 4254 οὐδὲν
1150 4193 1286 4256 ἀνάκτων

249 4375 268 4443 ι)
286 4381 394 4440 Propter
419 4381 446 4427 id
472 4382 556 4441 ipsum
583 4394 672 4428 vereor
695 4396 726 4427 ne
753 4382 838 4428 minus
861 4384 930 4428 recte
955 4382 980 4427 in
1005 4381 1131 4428 Dosiadae
1155 4380 1207 4428 Ara
1224 4397 1261 4430 vs.
1281 4384 1295 4429 7
1313 4383 1408 4429 codicis
1426 4385 1490 4432 Am-

214 4458 326 4505 brosiani
344 4461 478 4507 lectionem
496 4457 648 4520 praetulerit
665 4462 852 4506 Hannnanmns
867 4459 958 4519 (Cam.
969 4459 1014 4523 γῐγ.
1032 4458 1115 4507 Graec.
1125 4475 1150 4520 p.
1161 4457 1203 4525 71)
1220 4460 1261 4518 ,ὃν
1275 4465 1373 4526 όκότωρ
1383 4464 1492 4519 diorum

214 4541 302 4597 μόγηυε
327 4541 506 4604 μυκρόρικτος,”
531 4541 588 4600 ipss
614 4541 681 4587 enim
708 4539 853 4586 obscuritas
880 4539 981 4585 erudita
1001 4541 1028 4586 in
1051 4541 1176 4587 eiusmodi
1195 4543 1305 4589 carmine
1324 4544 1491 4592 commendat

215 4617 283 4677 quod
301 4619 433 4665 Palatinus
454 4618 556 4666 exhibet
575 4619 730 4682 ,μόρηοε”.
