3104 5296
60 221 111 281 ΙΙΙ.
136 219 312 280 215-218
674 218 715 279 99

119 408 175 468 Vs.
201 408 275 467 215.
322 403 437 489 ᾔνησας
461 400 493 463 δ’
518 403 560 465 ἔτι
582 404 679 485 πάγχυ
704 402 901 483 ποδορρώρην
924 402 1100 482 Ἀταλάντην

322 507 437 585 κούρην
459 501 580 567 Ἰασίοιο
604 504 767 567 συοκτόνον
792 504 975 585 Ἀρκασίδαο,

321 608 374 669 καί
394 606 408 669 ἓ
430 606 616 686 κυνηλασίην
637 629 667 668 τε
689 604 741 667 καί
764 604 918 685 εὐστοχίην
942 603 1088 680 ἐδίδαξας.

325 708 362 771 οδ
385 732 436 788 μιν
459 708 501 770 ἔτι
522 706 623 787 κλητοί
647 707 848 769 Καλυδωνίου
862 705 1048 789 ςᾶμρεντῆρες

323 809 490 890 μέμφονται
513 811 640 891 κόπροιο
663 809 710 883 (τὰ
733 808 789 890 γὰρ
814 810 927 889 σημήια
949 809 1034 889 νίκης

325 912 481 993 Ἀρκαδίην
505 911 654 991 εἰσῆλθεν,
677 910 734 991 ἔχει
757 906 786 972 δ’
813 909 854 972 ἔτι
876 909 973 992 θηρὸς
998 908 1143 989 ὀδόντας),

323 1011 395 1076 οὐδὲ
418 1011 473 1092 μὲν
490 1008 609 1075 Ὑλαῖόν
632 1035 662 1074 τε
687 1011 738 1074 καί
761 1011 881 1092 όφρονα
899 1008 1019 1074 Ῥοῖκον
1043 1012 1144 1090 ἔολπα,

322 1113 394 1177 odii
416 1136 471 1192 περ
495 1112 688 1195 ἔχθαίροντας
712 1112 744 1175 ἐν
764 1112 842 1175 ’Ἀιδι
865 1114 1066 1193 μωμήσασθαι

323 1216 445 1291 τοξότιν·
470 1215 507 1278 οὐ
531 1216 587 1297 γάρ
611 1234 684 1294 σφιν
707 1216 828 1298 λαγόνες
852 1217 1133 1293 συνεκιψεύσονται,

323 1319 401 1379 τοίων
427 1319 585 1398 Μαιναλίη
609 1328 680 1379 νᾶεν
701 1318 785 1404 φόνφ
806 1316 962 1398 ἀκρώρεια.

100 1425 224 1485 Iterum
257 1437 396 1483 novasse
428 1423 549 1496 aliquid
586 1422 713 1483 videtur
743 1438 818 1483 cum
854 1419 1158 1500 ,notoppdpffl
1200 1422 1329 1483 Atalan-

59 1528 112 1586 ten
146 1525 231 1586 dixit
253 1517 284 1598 ¹),
315 1525 400 1597 quod
430 1525 524 1585 valde
548 1525 658 1586 dubito
682 1540 761 1585 num
785 1524 963 1585 formatum
987 1524 1031 1584 sit
1054 1541 1073 1584 a
1094 1523 1289 1585 Callimacho
1313 1540 1330 1585 e

60 1626 264 1687 substantivo
294 1624 371 1697 τοὺς
402 1628 436 1686 et
466 1626 625 1687 adiectivo
656 1623 760 1705 ρωηὸς,
787 1641 869 1699 quae
901 1626 962 1685 iuit
993 1626 1138 1686 Mauricii
1161 1626 1331 1687 Schmidtii

57 1728 162 1802 opinio
187 1743 207 1788 a
230 1727 424 1789 Schneidero
447 1729 684 1788 commendata.
709 1728 779 1788 Non
804 1728 892 1788 enim
925 1727 1016 1788 video
1041 1743 1103 1800 quo
1128 1729 1196 1789 iure
1220 1729 1329 1789 reicia-

58 1845 131 1891 mus
154 1830 456 1904 interpretationem
480 1844 580 1903 quam
603 1830 698 1890 affert
720 1829 827 1903 atym.
853 1829 957 1902 Magn.
981 1845 1008 1903 p.
1024 1831 1099 1890 678.
1120 1830 1180 1890 29;
1203 1829 1331 1908 ,podop-

58 1930 138 2010 (κόρη
160 1927 319 2008 ἐπώνυμον
340 1930 512 2008 Ἀταλάντης
536 1929 618 2010 παρὰ
637 1929 669 1990 τὸ
692 1928 768 2002 ποὺς
792 1928 842 1989 καί
864 1929 897 1990 τὸ
921 1926 1070 2009 ὀρούειν”.
1088 1931 1167 1992 Cum
1188 1931 1329 1992 callima-

58 2034 154 2094 cbeae
179 2035 261 2094 artis
283 2035 412 2108 ingenio
436 2048 534 2107 quam
558 2035 703 2094 maxime
728 2034 879 2094 convenit
903 2034 983 2094 haec
1003 2033 1214 2107 componendi
1237 2034 1329 2094 ratio.

58 2134 102 2196 Ut
125 2136 290 2196 Homerus
313 2136 557 2196 substantivum
580 2133 657 2207 τοὺς
680 2150 755 2196 cum
772 2135 879 2196 radice
900 2135 989 2195 verbi
1012 2131 1113 2212 ἀρκεῖν
1133 2150 1331 2210 componens
1415 2178 1417 2188 .

59 2236 256 2298 formaverat
279 2235 441 2315 ποδάρκης,
463 2237 510 2297 ita
529 2252 631 2309 aequo
650 2237 720 2297 iure
739 2239 850 2297 noster
872 2236 932 2296 sibi
953 2236 1122 2296 videbatur
1134 2236 1330 2314 ποδορρώρηο

59 2340 163 2401 dicere
183 2356 277 2415 posse
297 2341 334 2398 ut
355 2339 511 2399 indicaret
531 2354 605 2400 eam
623 2339 782 2412 virginem
801 2354 883 2412 quae
896 2339 936 2398 ab
952 2338 1093 2398 Hesiodo
1105 2338 1154 2408 (tr.
1168 2339 1211 2397 40
1224 2338 1330 2408 Ktnlc.)

1 2490 2 2494 ,
60 2444 174 2501 vocata
205 2444 276 2501 erat
310 2440 467 2517 „nodoimss
499 2434 540 2499 δῖ’
565 2439 752 2517 Ἀταλάντη”.
777 2440 865 2516 Quod
889 2442 1001 2499 autem
1026 2454 1046 2499 a
1068 2439 1209 2512 perfecto
1233 2436 1330 2518 ὅρωρα

59 2543 255 2604 adiectivum
290 2558 388 2602 suum
419 2542 583 2618 formavit,
614 2541 647 2601 id
670 2557 733 2602 non
759 2542 879 2601 mirum
903 2545 971 2616 est;
998 2556 1075 2601 nam
1098 2542 1331 2602 obversabatur

59 2645 85 2705 ui
118 2644 322 2705 homericum
356 2643 435 2704 illud
470 2642 540 2719 ,,καί
568 2664 619 2719 μοι
642 2642 714 2719 φίλα
746 2636 861 2720 γούνατ’
893 2638 1011 2725 ὀρώρη”
1037 2643 1074 2711 (1.
1099 2643 1181 2717 6103
1207 2644 1244 2702 ll.
1270 2644 1329 2717 90;

59 2762 81 2803 ο.
104 2747 191 2814 113).
215 2745 332 2819 Aptius
350 2745 492 2819 proiecto
516 2747 611 2819 poeta
635 2745 744 2805 nescio
767 2745 838 2817 quis
864 2743 997 2814 (Aatbol.
1017 2743 1086 2803 XV.
1101 2745 1152 2804 27.
1167 2745 1198 2814 8)
1211 2740 1329 2822 dodino-

63 2846 114 2918 δας
138 2846 223 2907 dixit
246 2842 386 2920 ἐλάφους.

101 2947 157 3007 Vs.
184 2948 248 3006 217
275 2946 529 3024 τονηλοσλην
560 2948 755 3020 exquisitius
782 2962 818 3007 se
843 2947 1005 3007 dicturum
1030 2948 1165 3021 putabat
1186 2963 1243 3023 pro
1266 2963 1331 3009 ma-

58 3051 106 3123 gis
125 3048 255 3122 cognito
277 3050 481 3109 substantivo
505 3047 676 3127 κονηγεσίη,
699 3051 733 3108 at
757 3045 873 3107 adoro
881 3047 918 3126 χί
925 3070 971 3124 ην
995 3048 1091 3109 debet
1112 3048 1253 3122 Euripidi
1277 3049 1332 3122 qui

57 3151 205 3211 eiusdem
226 3149 345 3210 Dianae
365 3148 585 3209 celebraverat
605 3146 757 3226 εὐστοχίαν
777 3149 811 3207 in
824 3147 986 3222 Ipbtpenio
1005 3146 1100 3209 Τουν.
1116 3164 1162 3208 vs.
1182 3150 1276 3210 1239.
1292 3181 1331 3191 -·

56 3252 178 3312 Deinde
203 3266 250 3310 vs.
264 3250 328 3310 218
349 3250 529 3310 Homerum
550 3250 649 3309 simul
669 3250 813 3324 respexit
834 3251 867 3309 et
887 3249 1045 3325 tragicos;
1064 3265 1141 3310 nam
1154 3266 1230 3310 cum
1244 3250 1331 3324 Caly·

55 3353 171 3414 doniae
204 3352 384 3412 venationis
407 3352 512 3412 socios
539 3349 683 3428 ,mprobe
715 3347 918 3429 ἀγηεοτῆρας”
953 3351 1045 3428 dixit,
1071 3353 1103 3411 ln
1128 3369 1204 3414 voce
1228 3352 1332 3430 κλητὸς

56 3454 220 3529 spectavit
242 3453 479 3513 homericorum
502 3449 669 3530 ἐπικούρων
692 3454 806 3512 notum
834 3452 1015 3526 epitheton:
1054 3451 1197 3530 ,κλητοὺς
1217 3451 1336 3512 ἐκακού-

56 3558 152 3635 ροος”
187 3555 287 3629 igitur
319 3554 448 3629 legisse,
483 3553 579 3626 idque
617 3554 848 3627 interpretatus
883 3568 955 3614 esse
994 3552 1081 3628 ,vobs
1116 3551 1334 3631 κετλημέοοος”

58 3658 198 3718 videtur.
234 3655 338 3716 Simul
374 3670 449 3715 vero
484 3654 518 3715 in
561 3657 671 3715 mente
710 3655 864 3715 haerebat
898 3655 928 3714 ei
970 3655 1128 3714 memoria
1166 3655 1335 3730 Euripidis.

57 3758 199 3820 Eosdem
233 3758 320 3818 enim
357 3756 442 3816 viros
478 3752 645 3827 ἐπιλέκτους
685 3772 767 3829 quos
805 3756 967 3817 Homerus
1001 3758 1026 3816 Ι.
1060 3758 1124 3816 544
1166 3757 1336 3836 θηρήτορας

57 3863 198 3936 dixerat,
228 3862 340 3921 noster
365 3855 547 3938 ἀγρεοτῆρος
580 3874 665 3919 nunc
693 3860 798 3935 vocat,
830 3859 907 3932 quia
931 3857 1124 3934 Calydoniae
1154 3861 1336 3920 venationis

58 3963 226 4023 mentione
249 3961 336 4021 facta
359 3959 521 4034 Euripidei
544 3960 696 4034 Meleagri
720 3960 906 4021 recordatur
929 3963 962 4021 et
983 3975 1098 4021 versus
1122 3962 1220 4039 illius,
1245 3963 1337 4023 cuius

59 4063 136 4124 lusu
159 4062 376 4137 etymologicc
399 4075 463 4121 non
486 4061 592 4136 potuit
616 4077 679 4123 non
704 4061 857 4123 delectari
882 4061 1032 4138 (Euripid.
1058 4063 1096 4124 fr.
1122 4065 1216 4134 salt:

91 4243 112 4311 ¹)
129 4247 168 4294 Hx
184 4247 271 4296 verbis
289 4244 390 4309 ,ᾔτησας
406 4247 439 4293 δτι
457 4246 555 4306 πάγχο”
575 4248 683 4306 apparet
700 4245 886 4293 Callimachum
903 4259 1008 4306 quoqne
1025 4260 1116 4295 vocem
1137 4248 1294 4295 homericam
1305 4211 1338 4295 ab

57 4325 186 4373 adieetivo
203 4333 249 4380 αις
265 4325 390 4386 derivare,
406 4328 486 4385 atque
504 4324 587 4371 solum
602 4339 664 4372 casu
682 4325 780 4372 iactum
798 4326 822 4372 ei
840 4325 929 4381 videri,
947 4325 1015 4384 quod
1032 4326 1187 4386 plerumque
1200 4327 1226 4373 in
1242 4327 1335 4373 malam

58 4408 160 4465 partem
179 4405 211 4452 ab
229 4406 341 4452 Homero
360 4406 515 4465 usurpatum
533 4404 576 4450 eit.
