3104 5286
852 434 894 495 96

233 623 488 686 dedicationibus
508 623 813 699 Apollinopolitenie
828 617 858 700 ¹),
879 639 1066 699 unquamne
1082 625 1114 686 id
1126 626 1257 687 induxit
1268 625 1493 690 Callimachum

232 728 270 787 ut
300 727 340 787 ad
370 727 436 786 tale
466 725 622 786 iudicium
653 740 690 785 se
720 724 920 799 applicaret?
950 725 1057 786 Immo
1079 741 1157 787 vero
1180 727 1340 789 Arcadiae
1363 730 1495 790 vindicat

232 843 354 889 numen
374 828 582 902 Arcadicum,
603 841 708 900 neque
731 827 838 900 magis
861 827 984 888 Panem
1009 842 1083 888 cum
1107 830 1166 889 deo
1186 828 1288 890 (ihem
1308 845 1408 904 quam
1428 831 1495 890 ller-

230 931 356 992 curium
380 931 437 990 aut
461 945 535 989 cum
559 928 618 988 deo
642 927 747 988 'lhoth
767 931 826 987 aut
844 943 918 988 cum
932 929 1079 990 Anubide
1099 925 1313 1006 compositi
1335 931 1418 1006 Quin
1437 934 1495 992 tau-

230 1034 301 1093 tum
337 1032 419 1092 afuit
453 1034 490 1090 ut
519 1031 696 1104 quidquam
725 1030 874 1104 Aegypto
906 1031 1096 1092 concederet
1125 1032 1159 1092 in
1189 1033 1286 1093 rebus
1309 1033 1445 1109 divinis,
1469 1036 1498 1093 ut

230 1135 331 1194 etiam
366 1148 479 1194 earum
513 1146 622 1193 rerum
657 1145 740 1204 quae
770 1131 881 1205 aperte
910 1130 1089 1192 debeantur
1117 1132 1193 1194 huic
1223 1136 1345 1211 terrae,
1374 1136 1497 1196 tantum

234 1251 299 1295 non
321 1236 351 1294 ei
367 1234 480 1295 laudes
503 1232 670 1293 detrectet.
694 1231 807 1306 Ipsum
829 1232 894 1292 Nili
917 1247 1037 1293 nomen
1060 1248 1135 1294 cum
1158 1235 1346 1297 Hecataeus
1365 1236 1497 1307 (Diodl.

236 1338 287 1406 19)
319 1335 359 1395 ab
389 1349 465 1409 rege
487 1333 686 1408 Aegyptiace
716 1331 828 1392 Neileo
858 1332 1040 1394 derivasset
1063 1368 1103 1377 —
1127 1336 1272 1410 primum
1294 1337 1385 1397 enim
1410 1334 1497 1395 Ἀετὸν

233 1438 357 1498 dictum
387 1437 488 1497 fuisse
518 1435 669 1509 fluvium,
702 1433 816 1493 deinde
847 1432 1016 1514 Αἴγυπτον,
1048 1437 1182 1497 tandem
1216 1437 1329 1498 Nilum
1360 1435 1421 1497 ἀπὸ
1451 1444 1497 1496 τοῦ

231 1538 461 1618 βασιλεύσαντος
485 1533 615 1607 Νειλέως
628 1568 668 1580 -
682 1535 793 1596 noster
811 1537 958 1597 concedit
976 1538 1108 1612 quidem
1126 1537 1165 1599 de
1184 1539 1318 1599 nomine
1338 1539 1496 1614 Aegypto,

232 1656 309 1701 nam
340 1641 377 1700 ir.
405 1640 467 1699 182
491 1638 582 1698 dicit:
616 1635 788 1716 ,Apamea
816 1635 1025 1716 προπάροιθεν
1048 1632 1089 1698 ένί
1120 1635 1207 1699 έννέα
1229 1638 1361 1716 ιιάρφετο
1383 1640 1498 1711 ποίας”,

231 1758 291 1803 nec
319 1745 432 1802 tamen
461 1738 643 1815 supersedit
673 1753 857 1799 memorare
880 1739 913 1798 in
937 1740 1182 1801 commentariis
1204 1743 1430 1803 narrationem
1452 1740 1496 1802 cui

231 1846 289 1905 vix
311 1845 380 1919 ipse
403 1841 498 1902 fidem
524 1841 650 1901 feccrit:
678 1837 846 1918 ,eloquium
868 1837 965 1918 τινὰς,
988 1841 1160 1920 Μιλησίους
1178 1841 1335 1915 κτίσαντας
1347 1841 1403 1921 τὴν
1416 1842 1495 1903 Ναί

230 1967 332 2026 κρατιν
355 1950 593 2023 προσαγορεῦσαι
614 1938 666 2000 τὸν
688 1923 749 2000 καί
772 1939 927 2020 Αἴγυπτον
944 1940 1079 2020 ποταμὸν
1098 1944 1211 2004 Νεῖλον
1228 1941 1289 2005 ἀπὸ
1308 1952 1363 2005 τοῦ
1383 1952 1494 2005 nemci

230 2047 343 2107 Νείλεω
371 2041 520 2122 θεμένους
548 2041 603 2120 τὴν
632 2042 857 2123 προσηγορίαν”
879 2036 912 2114 ⁸).
947 2043 1099 2107 cetorum
1122 2062 1198 2107 cum
1225 2062 1264 2107 ea
1286 2049 1396 2122 tangit
1419 2062 1494 2121 quae

229 2148 413 2210 arctissime
444 2162 519 2207 cum
550 2145 705 2219 religione
731 2144 918 2222 cohaerent,
943 2147 977 2206 in
999 2147 1209 2222 Aegyptiacis
1232 2149 1330 2209 rebus
1353 2150 1492 2209 divinam

229 2250 371 2312 indicare
400 2262 535 2309 causam
564 2246 720 2321 neglegit,
753 2245 837 2320 quod
871 2247 905 2306 in
939 2246 1071 2308 Graecis
1101 2249 1159 2309 vix
1181 2264 1340 2323 umquam
1364 2251 1491 2311 omittit.

228 2350 374 2412 Miraculi
396 2350 485 2411 enim
507 2349 597 2423 origo
620 2347 731 2408 divina
754 2363 855 2422 aeque
878 2350 1005 2409 tacetur
1028 2365 1104 2410 cum
1125 2351 1164 2411 ir.
1188 2344 1367 2411 100fn⁰2
1387 2352 1492 2412 narrat

228 2451 273 2513 ὅτι
302 2450 376 2512 κατὰ
401 2449 452 2522 τὰς
475 2448 642 2531 Αἰγυπτίας
667 2448 769 2528 Θήβας
792 2447 853 2510 έστί
875 2450 1036 2529 σπήλαιον,
1057 2449 1074 2512 ὃ
1097 2456 1160 2524 ταῖς
1178 2448 1233 2530 μὲν
1250 2450 1355 2524 iiim
1375 2447 1491 2531 ἡμέραις

227 2557 392 2632 πληροῦται
422 2549 549 2630 ἀνέμου,
577 2548 652 2611 κατὰ
683 2546 716 2610 δέ
749 2549 801 2623 τὰς
834 2550 995 2631 τριακάδας
1032 2550 1069 2613 οὐ
1103 2557 1176 2614 πνεῖ
1199 2557 1367 2629 παντελῶς,
1401 2557 1490 2629 atque

226 2656 264 2717 ir.
288 2646 431 2715 100in⁰
451 2655 492 2714 23
517 2668 592 2713 cum
615 2652 783 2713 Amometi
804 2655 1027 2715 narrationem
1050 2654 1149 2716 refert
1172 2655 1210 2716 de
1233 2656 1323 2717 fonte
1348 2655 1446 2716 Isidis
1464 2657 1490 2714 in

226 2757 304 2817 urbe
327 2754 519 2816 Leucothea.

268 2857 413 2931 Denique
435 2856 513 2916 deos
536 2856 714 2930 Aegyptios
736 2872 802 2917 non
823 2856 932 2917 solum
954 2857 1085 2918 silentio
1111 2859 1291 2935 praeteriit,
1312 2860 1372 2921 eed
1396 2861 1490 2921 etiam

225 2961 310 3020 inter
339 2960 416 3019 deos
450 2957 591 3018 Graecos
624 2972 737 3017 eorum
770 2958 920 3033 inprimis
954 2958 1103 3019 laudibus
1133 2974 1263 3035 operam
1296 2961 1387 3022 dedit
1417 2975 1489 3036 quos

225 3061 347 3136 optime
381 3059 499 3133 opponi
528 3074 624 3133 posse
652 3058 789 3134 putabat
818 3060 1007 3120 numinibus
1037 3062 1256 3136 Aegyptiacis.
1289 3062 1378 3123 Iovis
1403 3061 1488 3138 Apol·

223 3161 301 3221 linis
331 3160 454 3220 Dianae
488 3159 625 3220 numine
659 3159 758 3234 igitur
792 3162 939 3221 maximo
970 3161 1069 3222 habet
1102 3162 1135 3222 in
1170 3162 1304 3237 honore,
1339 3162 1488 3224 Ammoni

223 3264 349 3338 Iovem,
375 3260 593 3322 OsiridiHoro
621 3260 806 3335 Apollinem
830 3263 863 3322 et
886 3277 961 3322 cum
985 3261 1100 3323 Cerere
1122 3262 1260 3323 Dianam
1289 3263 1369 3324 Isidi
1401 3279 1487 3341 oppo-

222 3379 313 3425 nens.
349 3363 417 3438 Quo
451 3363 575 3423 factum
610 3364 662 3422 est
694 3362 834 3424 fortasse
866 3365 902 3424 ut
932 3365 966 3424 in
990 3365 1107 3426 ceteris
1130 3365 1181 3424 dis
1203 3364 1407 3426 celebrandis
1431 3380 1487 3427 nou

221 3468 316 3527 tauta
338 3467 522 3525 versaretur
545 3464 727 3540 diligentia,
750 3480 849 3538 quam
873 3466 907 3525 in
929 3465 981 3526 his
1004 3466 1145 3526 summis
1167 3465 1368 3528 numinibus.

255 3697 275 3764 ι)
294 3699 401 3747 Drexler
424 3698 441 3744 ι’.
459 3714 481 3746 α.
499 3698 605 3746 Mendes
623 3699 674 3760 apd
691 3700 783 3747 Rouch.
802 3699 967 3748 Wiodemouu
986 3697 1074 3749 Herod
1092 3714 1118 3762 p.
1136 3703 1192 3749 rie.
1210 3701 1303 3750 snebo
1323 3700 1402 3751 xvn.
1421 3703 1486 3753 l.ll

220 3778 314 3828 Herod.
332 3777 366 3825 H.
384 3779 424 3825 46.
441 3777 499 3824 ride
517 3790 595 3837 cupre
614 3792 672 3839 pag.
691 3780 705 3826 t
725 3793 749 3826 n.

253 3858 274 3916 ¹)
292 3858 453 3916 Quemquam
480 3860 580 3904 consui
605 3859 702 3905 seriore
727 3862 812 3907 soluto
837 3862 890 3907 tum
915 3860 1092 3909 Hermenuhiu
1115 3860 1180 3908 laica
1204 3862 1359 3922 etymologis
1383 3862 1484 3910 duorum

219 3938 352 3987 numinum
369 3936 473 3983 nomine
481 3936 628 3997 miscuisse,
644 3950 722 3997 qnam
736 3937 813 3985 doum
828 3938 914 3986 uhoth
927 3941 981 3988 eive
994 3940 1107 3988 Hermen
1119 3942 1316 4001 'lriemegictum
1331 3956 1391 3990 cum
1400 3953 1485 4003 graeco

219 4019 268 4067 deo
281 4017 427 4072 comisator
444 4014 578 4076 confundi,
596 4017 688 4064 merito
701 4016 804 4065 dnbltee
818 4018 930 4066 tueritne
944 4020 1008 4068 haee
1023 4019 1149 4068 Anubidis
1163 4033 1222 4068 oum
1239 4021 1337 4070 Hermo
1346 4021 1485 4070 coniunctio

219 4100 325 4157 accepte
342 4095 503 4155 temporibus
520 4094 678 4148 Callimachi.
696 4097 841 4145 Hecataeus
859 4099 927 4146 enirn
945 4099 1019 4146 Diod.
1034 4098 1055 4147 1.
1071 4101 1102 4149 io
1116 4100 1170 4148 colo
1183 4101 1311 4161 Aegyptio
1327 4114 1378 4149 non
1393 4103 1484 4151 eruco

218 4177 334 4237 nomine,
367 4176 470 4235 praeter
495 4187 605 4233 morem,
631 4175 733 4223 Anubin
759 4176 867 4234 indicem
897 4179 960 4227 item
991 4179 1065 4226 Diod.
1090 4179 1111 4228 I.
1137 4180 1168 4227 8¹1
1195 4179 1271 4228 colito
1299 4193 1387 4229 encre
1411 4181 1484 4238 ,dour

217 4254 340 4305 latrator”
357 4255 447 4302 canina
464 4257 570 4301 ornetur
587 4256 661 4302 fecie.
772 4252 774 4255 ’

251 4332 633 4396 ¹)cir.lhrgm.1⁰⁰h.n⁰b.
