3104 5296
66 120 127 180 111.
154 119 329 179 238-241
678 119 739 179 105

315 300 392 363 ἔνθα
415 307 474 387 θοῇ
497 299 592 363 ποτὲ
614 301 690 382 νηὸν
713 301 897 381 Ἀμαζονίδες
920 302 1076 363 τετύκοντο

314 401 435 489 πρέμνῳ
459 402 503 465 ἔνι
522 399 542 477 ¹)
566 401 686 482 πτελέης
710 403 869 482 περιώσιον
892 401 1019 483 ἀνδράσι
1041 408 1158 479 θαῦμα.

116 508 260 584 Frustra,
284 507 437 581 quidquid
461 506 500 567 de
525 522 621 567 versu
646 509 680 568 Z.
706 508 747 568 92
771 507 859 577 (303)
880 506 1051 582 iudicabat,
1075 502 1292 567 Callimachus
1304 505 1345 565 ab

71 609 214 670 Homero
247 624 366 669 nomen
397 608 558 684 petiturus
590 611 660 669 erat
690 623 753 682 quo
780 609 853 669 decc
875 611 1012 669 οιοιυονι
1036 607 1242 683 significaret.
1270 607 1345 668 ideo

71 711 259 772 Amazonas
298 706 459 788 ,βρέτας
494 708 698 788 ῖδρύσασθαι”
735 711 827 786 dixit,
859 725 879 770 a
906 711 1037 784 tragicis
1061 709 1254 771 vocabulum
1277 723 1344 768 mu·

72 814 195 883 tuatus,
224 812 320 886 idque
343 813 475 887 optime,
500 812 653 885 quoniam
678 828 715 873 eo
739 812 944 872 substantivo
968 827 1041 873 cum
1066 814 1192 873 ceterae
1216 811 1345 872 statuae

72 916 144 973 tum
179 914 372 989 praesertim
403 914 634 988 antiquissima
663 912 755 985 ξόανα
789 914 896 974 solent
924 914 1067 975 indicari.
1092 914 1206 974 Fuisse
1234 913 1344 973 autem

73 1013 182 1086 ξόανον
216 1015 387 1088 antiquum
422 1015 501 1076 illud
536 1016 667 1088 signum
694 1015 815 1075 Dianae
838 1015 1045 1090 Ephesiacae,
1069 1015 1100 1075 id
1124 1030 1188 1075 non
1211 1014 1344 1074 dubium

73 1119 142 1177 erat
164 1115 371 1191 Callimacho,
396 1116 471 1177 licet
494 1131 535 1177 na
559 1116 656 1177 verbo
680 1117 811 1190 quidem
831 1117 950 1177 indicet
968 1132 1048 1177 num
1069 1111 1199 1186 διοπετὲς
1219 1129 1345 1189 quoque

73 1218 172 1279 fuisse
196 1219 337 1278 censeat.
352 1251 392 1261 —-
407 1218 468 1278 Ubi
488 1234 565 1279 vero
584 1233 715 1279 sacrum
737 1218 816 1278 illud
828 1219 907 1279 deae
919 1218 1131 1278 simulacrum
1144 1217 1345 1292 posuerunt?

74 1319 105 1380 Si
128 1318 290 1380 codicibus
320 1320 432 1380 credas
465 1328 570 1403 ,pepp
602 1316 662 1379 ὑπὸ
693 1315 835 1403 πρέμνῳ”
868 1321 951 1393 quod
983 1320 1075 1380 nihili
1111 1323 1171 1397 est,
1206 1320 1257 1379 sin
1292 1334 1344 1379 au·

74 1421 142 1481 dias
162 1420 349 1481 anxnaou
369 1425 491 1491 (οουινι.
513 1421 579 1482 crit.
601 1422 638 1481 da
658 1421 752 1481 Antis.
773 1423 797 1481 Ι.
811 1436 840 1495 p.
857 1422 930 1491 129)
955 1430 1061 1504 ,poppa
1084 1416 1131 1481 od
1158 1416 1344 1504 εὐπρέμνῳ”.

75 1522 230 1596 Suspecta
263 1523 415 1595 quamvis
445 1523 612 1596 ingeniosa
646 1524 830 1583 emendatio
862 1539 900 1584 eo
931 1522 968 1584 fit
991 1524 1074 1598 quod
1098 1538 1160 1584 non
1185 1522 1344 1596 videmus,

74 1625 147 1698 quid
177 1625 310 1685 tandem
342 1626 481 1686 attineat
507 1641 661 1700 quercum
688 1626 789 1686 fuisse
817 1621 1023 1704 ,adspepvoffl
1047 1625 1107 1685 sub
1131 1640 1195 1698 qua
1214 1623 1343 1697 signum

74 1729 244 1788 erexerunt
266 1728 459 1789 Amazones.
482 1729 622 1789 Prorsus
648 1728 758 1801 itaque
782 1727 924 1788 abundat
946 1727 1025 1787 illud
1048 1726 1255 1788 adiectivum.

114 1828 247 1904 Verum,
280 1829 314 1888 ni
345 1829 448 1902 fallor,
481 1830 665 1889 Amazones
689 1830 722 1888 iu
748 1843 886 1902 quercus
910 1829 1026 1889 umbra
1051 1828 1112 1888 sub
1135 1826 1257 1887 frondis
1280 1826 1345 1898 teg·

76 1931 159 1990 mine
195 1931 340 1991 statuam
375 1930 551 1992 collocasse
582 1946 646 1992 non
678 1931 813 2005 putabat
840 1933 960 1991 noster.
985 1930 1055 1990 Non
1078 1929 1166 1988 euim
1190 1928 1348 2000 quaerat

78 2031 253 2092 eruditione
287 2032 465 2108 ignorabat,
497 2031 572 2104 quid
603 2032 671 2093 iam
694 2032 856 2092 Hesiodus
882 2033 1050 2091 narrasset
1076 2030 1115 2090 de
1137 2029 1225 2089 Iovis
1247 2027 1345 2087 simu·

78 2133 161 2194 lauro
192 2133 430 2208 antiquissimo,
459 2133 609 2193 Dodonae
635 2133 668 2192 iu
700 2149 794 2194 sacro
820 2133 932 2194 arbore
955 2132 1099 2194 condito:
1128 2123 1275 2207 1,ναίειδ
1303 2123 1347 2186 ἐνὶ

74 2230 205 2309 πυθμένι
234 2236 356 2313 φηγοῦ”
385 2236 526 2306 (Hesiod.
552 2237 672 2311 froom.
697 2239 759 2297 156
779 2236 920 2306 Basca).
949 2236 1025 2310 Ipsa
1048 2249 1124 2296 vero
1143 2233 1224 2294 haec
1244 2231 1346 2291 Diana

74 2337 193 2408 quanta
216 2334 369 2408 religione
394 2335 546 2398 Ocdreotis
569 2337 699 2397 nomine
719 2338 759 2398 ab
783 2337 1006 2398 Orchomeniis
1029 2336 1197 2411 coleretur,
1222 2333 1253 2393 id
1279 2332 1344 2393 (lal-

74 2437 251 2497 limacbum
270 2453 334 2498 non
353 2439 484 2498 novisse
504 2440 683 2514 putemus?
702 2439 819 2499 Narrat
838 2440 877 2500 de
897 2439 957 2500 bac
978 2439 1038 2500 dea
1057 2436 1236 2498 Pausanias
1248 2433 1345 2505 (Vlll.

77 2540 125 2615 13,
148 2540 180 2613 2)
209 2536 301 2617 ,πρὸς
326 2534 359 2597 δέ
381 2547 416 2622 τῇ
440 2537 522 2599 πόλει
547 2538 656 2612 ξόανόν
676 2537 754 2599 ἐστιν
774 2537 945 2619 Ἀρτέμιδος·
966 2538 1083 2619 ἵδρυται
1104 2532 1133 2598 δ’
1159 2535 1199 2597 έν
1223 2532 1346 2619 κέδρῳ

74 2638 183 2721 μεγάλῃ
214 2636 264 2697 καὶ
295 2638 349 2717 τὴν
380 2638 455 2701 θεὸν
492 2637 690 2718 ὀνομάζουσιν
721 2638 780 2702 άπὸ
815 2649 866 2718 τῆς
901 2637 1009 2720 κέδρου
1041 2639 1232 2719 Κεδρεᾶτιν.”
1257 2637 1346 2698 Anti·

73 2741 270 2815 cumsimum
291 2743 375 2805 hunc
396 2758 493 2803 usum
514 2745 718 2819 spectantem
739 2742 975 2805 Callimachum
995 2746 1105 2805 nostro
1121 2757 1247 2816 quoque
1266 2740 1345 2813 loco,

73 2859 129 2918 pro
152 2843 303 2904 hesiodeo
323 2840 367 2904 ένέ
390 2841 524 2920 πυθμένι
558 2852 659 2923 φηγοῦ
691 2845 818 2906 dedisse
852 2852 983 2924 φηγοῦ
1014 2842 1073 2904 ε’νέ
1095 2841 1253 2926 πρέμνῳ
1279 2844 1346 2902 tan·

74 2946 145 3005 turn
170 2960 234 3005 non
257 2947 383 3005 certum
411 2945 606 3021 putaverim,
641 2946 737 3018 idque
772 2960 810 3007 eo
844 2946 950 3018 magis
980 2947 1133 3019 quoniam
1164 2946 1196 3005 id
1223 2959 1349 3018 quoque

74 3047 210 3106 suadere
245 3046 396 3107 videntur
426 3047 570 3122 Dionysii
604 3063 718 3108 versus
750 3061 831 3121 quos
862 3048 958 3109 modo
987 3047 1126 3122 laudavi,
1149 3062 1347 3121 quamquam

74 3149 166 3209 docte
196 3162 216 3207 a
249 3146 446 3209 Callimacho
481 3149 642 3223 discrepat
678 3149 862 3222 Periegetcs
894 3151 927 3209 et
956 3149 989 3208 in
1021 3163 1138 3222 genere
1171 3148 1294 3209 arboris
1318 3150 1351 3208 et

73 3251 105 3309 in
129 3264 224 3309 sacro
247 3249 317 3310 sive
341 3250 434 3324 signo
459 3250 529 3310 sive
553 3250 672 3311 sacello
697 3251 782 3324 quod
810 3251 977 3311 vovissent
1003 3252 1196 3311 Amazones.

119 3350 271 3412 Ceterum
295 3352 357 3412 fert
379 3352 450 3426 ipsa
473 3367 535 3427 res,
561 3353 650 3413 utin
671 3353 731 3414 bac
752 3355 843 3427 parte
863 3353 994 3428 saepius
1013 3368 1089 3413 cum
1109 3352 1242 3424 antiqua
1262 3349 1352 3424 epica

73 3453 215 3514 dictione
236 3455 331 3526 poeta
350 3453 489 3514 misceat
510 3455 705 3515 recentiora:
726 3455 774 3515 ita
792 3450 897 3532 βρέτας
913 3455 1004 3529 dixit,
1025 3455 1072 3514 ita
1088 3452 1236 3526 sequenti
1253 3466 1349 3511 versu

73 3554 239 3628 stragicis
251 3553 394 3615 desumit
413 3557 542 3614 τελεῖν
562 3554 673 3633 ἱερὸν
696 3555 746 3626 (ci.
767 3557 841 3617 Eur.
855 3556 967 3617 Bacch.
982 3559 1140 3632 385)‚quo
1153 3554 1347 3615 sanctiorem

73 3671 174 3717 usum
207 3657 241 3716 ni
272 3657 367 3717 fallor
396 3657 499 3718 voluit
533 3657 675 3718 indicare
698 3673 797 3732 quam
821 3659 876 3731 qui
899 3659 1058 3719 indicetur
1080 3657 1242 3718 homerico
1269 3651 1351 3732 ,sept

73 3754 199 3837 ῥέζειν”,
229 3758 277 3817 ita
299 3772 426 3831 quoque
449 3761 558 3836 πρύλιν
586 3759 664 3820 dicit
694 3756 927 3834 ηένόπλιον”
952 3760 1028 3833 quia
1054 3756 1112 3834 ,dv
1143 3754 1349 3816 σακέεσσι”

73 3875 149 3921 eam
176 3860 362 3920 Amazones
395 3860 569 3920 saltabant.
603 3859 691 3936 Quae
722 3861 820 3921 verba
848 3863 970 3934 quanta
992 3861 1109 3921 iniuria
1132 3858 1349 3933 expunxerint

74 3962 189 4038 critici,
222 3962 292 4023 sive
327 3958 378 4037 ,iv
409 3960 587 4040 στοίχοιστν”
616 3977 691 4022 cum
721 3962 861 4037 Ungero,
888 3964 958 4023 sive
989 3959 1040 4038 ,iv
1070 3957 1248 4039 στιχέεσσιν”
1272 3975 1348 4020 cum

74 4063 270 4125 Schneidero
292 4062 356 4137 lagi
379 4063 538 4138 iubentes,
563 4063 667 4124 Nonni
692 4079 807 4124 versus
830 4064 955 4125 docebit
978 4063 1118 4141 (Dionys.
1143 4062 1228 4123 XIV.
1254 4062 1306 4134 28)

110 4291 130 4358 ¹)
147 4296 187 4342 Its
205 4295 273 4343 anim
291 4299 361 4343 rocta
379 4296 430 4342 ism
448 4295 571 4344 Matthiae
590 4309 621 4343 ax
639 4295 700 4344 cod.
