3104 5286
654 427 715 486 103

64 610 184 671 sanat:
209 608 265 686 ,ob
290 604 317 668 δ’
344 601 484 689 ότιορὸς
508 609 663 691 δέσποινα,
692 611 848 692 Δήμητρος
872 613 989 692 Κόρη”,
1015 630 1115 689 quam
1139 616 1258 675 iterum
1282 617 1315 675 in

61 711 119 771 Ιοιιο
137 713 223 772 1049
248 713 393 773 invocat:
421 712 569 789 1,Εἰνοδία
592 714 723 793 θύγατερ
747 714 935 793 Δάματρος”,
960 719 994 777 at
1017 717 1050 776 in
1074 717 1247 778 Phoenissis
1266 733 1315 778 vs.

59 815 110 874 108
143 818 222 889 ,ani
247 819 368 898 Λατοῦς
393 809 536 878 Ἑκάτα”.
565 818 674 891 Neque
698 817 805 878 solum
830 819 914 899 apud
936 821 1051 893 poetas
1074 820 1121 879 ita
1145 820 1316 880 coniuncta

54 918 137 975 erant
161 916 243 975 haec
264 917 413 993 numina,
437 919 493 978 sed
517 918 605 979 cultu
630 934 755 993 quoque
774 921 844 979 tam
864 934 960 994 saepe
981 920 1266 994 coniungebantur,
1280 924 1316 981 ut

51 1032 147 1091 neque
178 1017 323 1092 separari
352 1033 372 1077 a
402 1019 549 1081 Lucifera
578 1022 747 1082 Artemide
770 1021 892 1082 Hecate
916 1025 1040 1098 posset,
1066 1037 1169 1097 nequo
1192 1022 1316 1083 lunaris

49 1120 190 1192 potestas
213 1118 290 1179 huic
312 1119 391 1179 deae
409 1121 570 1196 denegari.
591 1122 734 1183 Eandem
755 1123 853 1197 igitur
871 1124 961 1184 viam
974 1125 1007 1183 in
1028 1124 1171 1184 Hecatae
1183 1125 1317 1184 numine

47 1221 236 1296 explicando
274 1223 370 1295 poeta
411 1223 590 1297 ingreditur
624 1239 723 1298 quam
756 1224 950 1299 probaverat
984 1227 1017 1285 in
1052 1226 1214 1307 Dictynna
1247 1227 1317 1286 siva

46 1322 285 1383 Britomartide.
328 1322 516 1386 Cretensem
561 1327 656 1387 deam
705 1327 815 1387 docuit
862 1329 1043 1402 nympham
1089 1317 1317 1388 tautummodo

45 1424 158 1500 luisse,
195 1439 278 1499 quae
308 1429 402 1485 tanta
424 1428 530 1501 gratia
557 1428 641 1502 apud
661 1428 799 1488 Dianam
823 1427 999 1503 floruisset,
1024 1431 1062 1488 ut
1085 1428 1317 1488 dilectissimae

45 1525 180 1600 virginis
204 1526 275 1600 ipsa
296 1527 359 1587 sibi
383 1529 443 1588 dea
465 1544 584 1590 nomen
608 1530 781 1603 induisset;
807 1530 856 1599 (de
880 1545 1001 1603 quare
1025 1530 1148 1590 dictum
1174 1532 1225 1590 est
1244 1545 1315 1613 pag.

46 1628 110 1701 27);
148 1627 292 1688 Hecatae
327 1645 404 1689 vero
439 1630 597 1704 originem
632 1632 665 1690 in
696 1631 775 1690 Asia
806 1631 1003 1705 querendam
1038 1646 1110 1692 esse
1137 1632 1317 1694 secundum

45 1728 257 1803 Ephesiacam
284 1729 428 1790 fabulam
455 1747 493 1792 eo
519 1732 673 1792 libentius
698 1732 828 1807 accipit,
852 1733 935 1806 quod
956 1733 1025 1807 ipse
1048 1733 1197 1793 lunarem
1217 1732 1316 1806 digni·

46 1833 147 1890 tatem
168 1831 329 1890 Artemidi
348 1833 518 1908 praecipue
538 1834 607 1893 dari
630 1837 741 1894 censet
761 1835 794 1893 in
807 1834 895 1894 Asia.
917 1834 1054 1894 Enarrat
1066 1834 1175 1907 itaque
1188 1834 1221 1893 in
1233 1848 1316 1893 com·

49 1933 220 1992 montariis
245 1933 293 2003 (fr.
309 1930 434 2004 100114)
463 1932 536 2011 ,μὴν
553 1932 691 2013 ’Ἀρτεμιν
707 1933 926 2011 ἐπιξενωθῆναι
941 1929 1058 2019 Ἐφόσφ
1071 1934 1126 2018 υἱῷ
1147 1936 1321 2011 Καΰστρου,

48 2029 265 2111 ἒκβαλλομένην
296 2029 328 2092 ci
359 2031 418 2094 όιιὸ
450 2043 500 2113 τῆς
523 2034 665 2114 γυναικὸς
689 2035 721 2096 τὸ
744 2031 798 2112 μὲν
820 2045 937 2114 πρῶτον
961 2038 1135 2116 μεταβαλεῖν
1158 2034 1253 2113 αὐτὴν
1276 2035 1317 2108 εἰς

48 2135 137 2211 κύνα,
168 2127 214 2194 εἶτ’
248 2125 340 2207 αὖθις
371 2132 533 2213 ἔλεήσασαν
557 2135 797 2214 ἀποκαταστῆσαι
821 2137 861 2209 εἰς
885 2135 1050 2216 όνθρωιτον
1073 2136 1123 2198 καλ
1146 2137 1241 2217 αὐτὴν
1265 2134 1319 2215 μὲν

48 2237 261 2316 αλσχυνθεῖσαν
292 2235 340 2298 ἐπὶ
371 2248 409 2322 τῷ
441 2238 641 2318 συμβεβηκότι
671 2237 878 2319 ἀπάγξασθαι,
908 2238 961 2316 τὴν
991 2236 1023 2299 ti
1047 2239 1121 2300 θεὸν
1144 2245 1318 2318 περιθεῖσαν

49 2338 121 2423 αὐτῇ
156 2336 208 2398 τὸν
244 2338 354 2400 οἰκεῖον
388 2338 501 2417 κόσμον
530 2334 660 2418 Ἑκάτην
697 2337 873 2417 όνομόσαι”.
910 2342 1099 2417 Explicatur
1129 2343 1228 2416 igitur
1258 2343 1319 2402 hac

49 2441 245 2518 narratione,
278 2457 360 2516 quae
390 2446 521 2518 propter
550 2444 750 2518 singularem
782 2445 947 2504 variarum
978 2443 1160 2503 fabularum
1189 2445 1318 2504 coniun-

49 2545 188 2604 ctionem
222 2559 287 2604 non
320 2546 426 2619 potuit
456 2545 534 2619 quin
565 2546 712 2620 impense
742 2546 885 2620 placeret
912 2547 1040 2620 poetae,
1073 2545 1151 2604 olim
1179 2544 1317 2604 Dianam

49 2659 120 2707 curn
144 2648 262 2706 ornatu
281 2648 457 2707 venatricis
476 2662 514 2707 ac
536 2647 661 2707 facibus
681 2654 731 2724 τῆς
751 2645 916 2725 φωσφόρου
937 2661 1056 2706 nomen
1077 2661 1203 2720 quoque
1220 2661 1316 2705 suurn

49 2746 175 2808 mulieri
205 2747 336 2808 mortali
367 2748 553 2823 donavisse,
580 2750 613 2808 et
636 2748 706 2808 ideo
731 2748 818 2808 facili
843 2748 938 2808 modo
963 2763 1038 2807 curn
1061 2748 1121 2807 dea
1146 2746 1316 2807 confusam

49 2863 116 2910 esse
140 2848 287 2909 Hecaten
310 2849 401 2910 illam
424 2849 576 2923 alteram,
601 2849 754 2922 quamvis
774 2848 852 2908 illud
875 2863 994 2908 nornen
1018 2848 1145 2922 proprie
1169 2862 1314 2907 sororem

48 2959 96 3012 τοῦ
115 2945 280 3030 Ἑκαέργου
304 2950 409 3011 solam
430 2951 567 3011 deceret.
588 2950 628 3010 Et
648 2951 755 3025 ipsam
775 2949 937 3010 mehercle
950 2949 1122 3009 historiam
1136 2949 1230 3008 itaut
1242 2963 1315 3008 earn
1438 2974 1440 2979 ·

48 3054 146 3115 tradit
169 3054 201 3113 in
225 3054 469 3114 commentariis
493 3052 688 3113 adverbum
709 3053 929 3128 accipiendam
950 3067 1036 3127 esse,
1059 3052 1195 3111 minime
1215 3050 1318 3111 voluit

48 3156 183 3216 suadere
205 3158 314 3232 poeta,
336 3156 390 3230 qui
410 3158 564 3230 congesta
582 3155 722 3215 habebat
745 3152 777 3213 ἐν
797 3158 857 3226 τοῖς
876 3151 1088 3232 ὑπομνήμασιν
1108 3167 1317 3227 quaecunque

48 3256 211 3320 mirabilia
241 3258 419 3318 eruditione
450 3259 483 3318 et
511 3256 762 3331 investigatione
793 3256 956 3317 indefessa
986 3257 1127 3329 undique
1151 3254 1317 3314 corradere

48 3361 166 3436 potuit,
196 3360 298 3419 immo
321 3359 464 3419 multum
487 3359 522 3418 ni
543 3357 637 3418 fallor
657 3357 762 3431 abest,
788 3360 825 3417 ut
848 3358 917 3432 ipse
936 3358 1071 3433 probata
1094 3356 1213 3426 habeat
1235 3371 1318 3430 quae

48 3463 98 3523 hic
121 3464 234 3522 narrat
242 3479 250 3535 ;
282 3461 338 3521 sed
362 3461 394 3520 id
417 3475 496 3520 sane
519 3460 551 3519 in
578 3458 689 3519 fabula
712 3458 890 3533 Ephesiaca
913 3459 942 3518 ei
965 3459 1100 3534 placuit,
1125 3458 1209 3532 quod
1233 3473 1316 3518 corn·

47 3565 142 3626 mode
177 3563 319 3639 explicat
348 3579 405 3623 cur
434 3563 567 3623 tandem
599 3563 631 3621 et
662 3560 810 3634 mythica
839 3560 1029 3636 genealogia
1064 3562 1097 3619 et
1127 3560 1259 3619 nomine
1286 3563 1319 3620 et

46 3667 190 3741 imagine
212 3667 259 3725 ita
282 3667 469 3726 constanter
491 3664 595 3725 Diana
618 3666 715 3738 atque
739 3662 861 3723 Hecate
885 3662 1035 3736 coniungi
1058 3662 1194 3721 soleant.

90 3767 180 3843 Quae
199 3782 275 3827 cum
294 3768 341 3827 ita
359 3767 439 3843 sint,
461 3766 562 3826 nolim
585 3765 755 3826 obtrudere
775 3764 973 3826 Callimacho
992 3778 1075 3838 quaa
1091 3764 1277 3824 tribuuntur
1289 3765 1318 3824 ei

45 3871 164 3945 fragm.
196 3870 271 3930 556.
302 3869 434 3943 Legitur
466 3869 554 3929 enim
582 3869 615 3928 in
639 3866 914 3928 emendatioribus
937 3865 1070 3925 scholiis
1093 3865 1319 3926 ambrosianis

46 3973 87 4033 ad
118 3971 328 4032 Theocritum
358 3970 399 4030 Π.
435 3971 492 4031 12:
530 3969 717 4047 Καλλίμαχος
752 3964 898 4039 καταλέξω
930 3963 963 4025 δέ
1001 3983 1075 4043 φησι
1183 3967 1319 4045 Δήμητρι

43 4069 164 4152 μιχθεὶς
194 4068 211 4132 ὁ
243 4071 318 4143 Ζεύς
349 4076 450 4132 τεκνοῖ
470 4065 601 4149 Ἑκάτην
631 4066 834 4148 διαφέρουσαν
868 4067 945 4146 ἰσχύι
972 4065 1023 4128 καὶ
1045 4064 1172 4146 μεγέθει.
1195 4065 1234 4146 ἣν
1258 4066 1318 4128 ὑπὸ

43 4183 103 4255 γῆν
145 4178 325 4251 πεμφθῆναι
359 4171 419 4233 ότιὸ
454 4181 507 4233 τοῦ
541 4171 667 4256 πατρὸς
686 4170 761 4250 ττρὸς
793 4168 987 4249 Περσεφόνης
1019 4168 1148 4248 ζήτησιν.
1179 4167 1229 4228 καλ
1260 4177 1318 4229 νῦν

35 4275 175 4356 Ἄρτεμις
196 4278 326 4335 καλεῖται
348 4273 398 4335 καλ
424 4274 525 4347 Φύλαξ
549 4271 599 4333 καλ
620 4272 775 4356 Δμόοῦχος
795 4269 846 4331 καλ
868 4268 1034 4349 Φωσφόρος
1056 4267 1106 4329 καὶ
1129 4270 1281 4331 Χθονία.”
1297 4265 1318 4341 ¹)

42 4379 146 4443 cuius
184 4376 313 4454 scholii,
357 4380 395 4437 ut
431 4377 598 4453 superiora
636 4391 762 4450 quoque
797 4390 839 4435 ex
870 4373 977 4434 omnis
1010 4371 1139 4448 generis
1173 4373 1319 4434 doctrina

81 4610 103 4675 ¹)
124 4610 266 4661 Schneider
282 4611 316 4665 ΙΙ,
334 4623 393 4671 pag.
411 4612 468 4658 691.
