3068 5288
644 457 715 522 ,61

44 649 106 709 Ita
144 648 245 723 igitur
269 646 465 723 Aeschylus,
499 661 554 707 eos
589 649 722 707 secutus
752 647 806 721 qui
837 663 879 707 ex
910 650 1135 712 coniunctione
1165 651 1235 711 Deli
1259 668 1334 713 oum

46 750 194 825 Delphis
232 749 401 822 utriusque
431 747 493 808 looi
524 748 736 809 sanctitatem
766 763 884 822 augere
914 750 1089 812 studebant
1112 747 1149 829 ¹),
1183 754 1336 814 docuerat

49 851 241 926 Phoebum,
265 851 381 910 statim
404 851 578 925 postquam
601 850 699 909 natus
722 851 824 925 esset,
849 864 891 909 ex
914 849 992 912 Delo
1015 852 1157 928 Delphos
1180 854 1221 914 ad
1244 870 1334 916 occu·

51 953 205 1029 pandum
228 951 396 1013 oraculum
419 950 642 1024 contendisse;
662 950 770 1026 ipsam
789 953 900 1012 autem
920 952 1131 1015 divinationis
1150 955 1219 1016 vim
1235 957 1333 1017 Phoe·

52 1054 156 1114 beam
187 1053 370 1127 Aeschylus
401 1067 477 1112 curn
508 1050 697 1124 aequalibus
725 1067 818 1113 sacro
840 1052 995 1128 Delphico
1018 1056 1183 1132 propriam
1206 1073 1279 1118 esse
1302 1061 1336 1119 et

55 1171 101 1215 ex
122 1155 240 1215 tellure
258 1154 470 1215 sanctissima
488 1167 624 1213 manare
642 1155 824 1228 putaverat.
841 1155 916 1215 Fuit
927 1158 1053 1233 autom,
1067 1160 1219 1232 quamvis
1230 1161 1337 1221 multa

55 1257 180 1331 ubique
208 1259 368 1318 terrarum
398 1256 464 1316 alia
486 1256 597 1315 essent
619 1254 763 1330 oracula,
789 1255 934 1318 illatore
958 1259 1065 1333 opinio
1088 1262 1172 1337 apud
1196 1262 1336 1323 Graecos

56 1359 160 1434 vulgo
179 1360 314 1433 accepta
332 1359 365 1418 et
381 1356 546 1431 aDelphis
557 1355 639 1431 ipsis
658 1370 791 1416 summa
810 1357 843 1417 vi
862 1357 1008 1435 deiensa;
1021 1363 1162 1435 nequeii
1179 1378 1335 1438 umquam

56 1460 278 1535 neglexerunt
293 1460 475 1520 ceterorum
494 1472 621 1531 quoque
633 1457 837 1518 oraculorum
850 1459 1072 1522 Phoebeorum
1085 1463 1226 1539 origines
1238 1480 1335 1538 quan·

56 1566 134 1622 tum
146 1576 203 1636 per
214 1562 379 1622 sacratam
391 1558 629 1634 mythologiam
641 1558 768 1636 licebat,
782 1560 901 1621 reterre
909 1561 950 1621 ad
959 1563 1127 1625 oraculum
1136 1565 1292 1641 Pythium
1303 1559 1335 1636 ²).

57 1662 276 1738 Improbavit,
296 1661 416 1722 saltem
436 1660 581 1735 neglexit
598 1661 684 1722 hanc
702 1662 888 1736 opinionem
908 1662 1143 1740 Callimachum
1164 1682 1229 1727 non
1252 1667 1336 1742 quod

58 1765 213 1840 gravima
243 1764 283 1823 de
313 1763 416 1839 ipsius
445 1762 655 1823 divinationis
685 1765 816 1840 natura,
842 1779 862 1825 a
885 1765 1087 1841 philosophis
1110 1767 1244 1829 edoctus
1266 1784 1335 1844 pro·

57 1865 184 1927 fitenda
217 1864 366 1940 haberet,
401 1878 550 1937 novaque
585 1864 624 1924 de
654 1865 778 1924 summi
808 1865 902 1926 Vatis
931 1867 1067 1927 numine
1086 1883 1196 1929 coram
1219 1871 1337 1945 populo

57 1967 229 2043 proterret.
254 1966 301 2027 De
323 1965 534 2026 divinationis
553 1965 677 2039 origine
700 1966 864 2027 consentit
885 1982 960 2029 cum
985 1970 1236 2045 antiquioribus:

286 2064 372 2150 τέχνῃ
396 2061 423 2126 δ’
451 2062 628 2144 ἀμφιλαφὴς
651 2063 688 2127 οὔ
710 2088 753 2139 τις
775 2066 865 2128 τόσον
887 2066 978 2130 ὅσσον
1001 2070 1157 2133 Ἁπόλλων·

286 2173 385 2242 κεῖνος
407 2163 561 2246 ὀιστεντὴν
584 2161 657 2247 {ini
683 2164 789 2248 ἀνέρα,
811 2172 909 2243 κεῖνος
931 2168 1052 2251 ἀοιδόν,

289 2270 405 2355 (Φοίβῳ
428 2266 485 2349 γὰρ
508 2266 557 2330 aui
581 2268 668 2344 τόξον
692 2267 875 2350 ἐπιτρέπεται
896 2271 947 2334 καὶ
970 2271 1084 2354 ἀοιδὴ),

288 2372 390 2434 κείνου
414 2367 892 2450 οὲορια1καιμάντιες....’)

60 2475 156 2536 Unde
179 2475 247 2536 tale
270 2475 416 2536 donum?
439 2474 547 2535 Facile
570 2477 779 2550 responsum!
807 2471 879 2551 ,Ari
901 2474 996 2549 δεξιὸς
1018 2467 1138 2555 ἥττον’.
1151 2474 1175 2552 ⁴)
1195 2482 1258 2543 Sed
1276 2485 1338 2546 hoc

60 2580 230 2653 oppugnat
260 2575 494 2652 Callimachus,
525 2577 587 2637 hoc
616 2577 778 2654 prohibet,
811 2577 986 2651 quominus
1016 2578 1149 2656 Delphis
1171 2583 1268 2644 huius
1291 2587 1337 2646 rei

60 2694 198 2740 summa
227 2679 391 2740 tribuatur
420 2678 531 2754 gloria.
563 2678 708 2739 Fuerunt
731 2677 922 2740 callimachi
945 2682 1053 2742 aetate
1077 2684 1261 2760 complures
1283 2689 1339 2761 qui

61 2797 273 2858 summopere
305 2782 551 2857 contenderent,
583 2783 620 2841 ut
650 2781 785 2855 antiqua
814 2781 951 2856 Pythice
989 2783 1119 2844 oraculo
1150 2786 1339 2849 redderetur

61 2885 235 2945 maiestas.
266 2883 386 2944 Eorum
418 2881 562 2943 consiliis
597 2880 705 2942 deberi
738 2896 804 2942 non
834 2881 967 2943 dubium
999 2886 1063 2960 est,
1096 2900 1228 2948 carmen
1259 2889 1339 2951 illud

60 2986 309 3047 remotissimae
331 2984 457 3047 scilicet
479 2983 699 3059 antiquitatis,
731 2983 816 3057 quod
839 2984 917 3045 olim
942 2985 974 3046 in
998 2985 1159 3060 Apollinis
1181 2989 1337 3053 honorem

62 3089 219 3149 cantasse
257 3086 390 3163 Delphis
428 3085 621 3146 narrabatur
651 3085 737 3146 Boeo
767 3085 837 3162 illa,
870 3087 992 3147 oraculi
1022 3089 1164 3163 origines
1193 3095 1339 3155 carmine

62 3188 235 3250 celebrans
257 3190 292 3249 in
314 3188 401 3249 hunc
423 3188 573 3248 modum:

289 3287 367 3350 ἔνθα
389 3310 435 3349 τοι
457 3285 624 3365 εὔμνηστον
646 3285 824 3367 χρηστήριον
847 3284 1031 3352 ἒντελὲοαντο

288 3390 393 3464 παῖδες
409 3385 613 3470 Ὑπερβορέων
635 3387 778 3469 Παγασὸς
801 3387 853 3450 καὶ
876 3388 940 3463 δῖος
963 3391 1094 3471 Ἀγυιεύς
1115 3388 1148 3466 ⁵).

100 3673 121 3742 ¹)
138 3677 269 3736 Hymnum
294 3675 453 3723 homericum
479 3675 506 3721 in
533 3673 678 3734 Apollinem
705 3686 756 3720 non
779 3686 836 3722 esee
860 3673 1040 3724 dineaandum
1062 3681 1133 3726 recte
1155 3680 1342 3731 demonstravit

64 3756 177 3805 Gemoll.
196 3757 222 3802 iu
240 3755 352 3803 edilium
370 3768 417 3802 sua
433 3767 459 3814 p.
479 3755 525 3801 111
543 3767 592 3817 sqq.
646 3747 647 3750 ’

99 3830 121 3891 ¹)
138 3834 265 3895 Exempla
289 3835 381 3882 afferre
406 3834 447 3880 rix
472 3844 540 3893 opus
566 3836 613 3881 eat.
638 3832 724 3880 Unum
750 3831 862 3881 laudabo
886 3834 1019 3881 oraculum
1044 3835 1248 3889 Branchidarum
1270 3844 1340 3903 quod

64 3914 195 3975 Delphico
211 3914 370 3972 coniungunt
386 3911 568 3972 mythographi
585 3924 632 3972 per
649 3910 789 3958 conditoris
809 3912 994 3972 genealogiam.
1013 3913 1052 3962 01.
1064 3915 1157 3966 Strabo
1165 3920 1208 3967 1x.
1218 3935 1241 3984 p.
1251 3924 1337 3972 talc:

67 4000 131 4051 ,τοῦ
151 3993 177 4040 δῦ
195 3994 343 4058 Manapin:
361 3996 446 4040 τούτου
465 3987 521 4055 (qui
540 3991 738 4052 Neoptolemum
754 3990 867 4053 necavit)
885 3993 1003 4052 ἀπόγονόν
1019 4010 1077 4055 φατι
1097 4000 1209 4063 Βράγχον
1226 4003 1267 4049 τὸν
1284 4019 1340 4069 προ-

66 4077 217 4132 eeeeieureoe
234 4079 277 4119 eoo
294 4072 439 4131 ivAaivpole
454 4068 541 4134 lepod'.
558 4070 625 4127 Quid
635 4070 668 4118 de
677 4069 726 4118 heo
735 4069 840 4117 oraculo
854 4072 964 4119 senserit
978 4072 1152 4124 Oelllmachus
1166 4091 1198 4126 ex
1212 4081 1340 4142 fragmen·

66 4153 101 4200 tie
124 4153 157 4200 'lo
180 4154 207 4199 et
229 4153 261 4199 111
278 4152 321 4199 vix
346 4164 394 4211 pro
411 4152 482 4198 certo
500 4151 652 4198 efficiamus.
670 4151 779 4208 Pythion
797 4152 883 4197 tamen
904 4150 1018 4210 Apollini
1041 4166 1092 4201 non
1114 4156 1163 4203 soli
1181 4158 1258 4208 huius
1275 4165 1342 4211 sacri

66 4232 176 4291 gloriam
202 4230 306 4279 tribuit:
335 4230 405 4291 quod
424 4231 517 4278 unicus
540 4243 572 4277 ex
595 4227 713 4276 Brauobo
731 4229 844 4276 carmine
861 4229 1034 4279 ehoriembioo
1052 4246 1141 4282 versus
1158 4238 1189 4285 tr.
1207 4241 1238 4287 86
1257 4240 1341 4290 lucide

67 4310 190 4371 ostendit,
207 4312 252 4370 qul
269 4311 340 4358 iuxta
357 4311 501 4370 Apollinem
518 4309 605 4358 Iovem
623 4309 739 4369 agnoscit
755 4307 833 4356 huius
849 4308 899 4355 1οοί
916 4311 1061 4370 praesidem
1080 4317 1106 4361 et
1119 4314 1196 4364 deum
1205 4321 1340 4378 gentilem:

67 4394 185 4449 Asinum
201 4390 365 4448 τὸνμιότοτοι,
383 4390 459 4453 spoliti
476 4406 501 4437 ae
518 4391 556 4437 aui
575 4395 636 4446 Ζιῦ,
653 4389 764 4447 Διδύμων
780 4389 898 4452 γονάρχοι.

100 4464 123 4533 ³)
140 4469 234 4529 Eymn.
251 4469 277 4516 a'e
296 4467 377 4530 Apoll.
395 4481 432 4517 ve.
450 4471 482 4517 42
498 4482 548 4532 sqq.

99 4545 122 4612 ⁴)
139 4546 203 4596 Iia'd.
221 4560 258 4596 vs.
276 4549 316 4596 Ab.

101 4626 123 4692 ι)
141 4630 251 4678 Pausan.
269 4628 299 4675 X.
318 4628 375 4675 ns.
