3104 5286
796 444 860 504 150

196 626 281 688 haud
312 629 484 707 minimus,
515 631 701 692 Demetrius
728 647 861 693 summa
884 633 967 707 apud
998 632 1100 692 Musei
1130 636 1244 707 poetas
1274 629 1472 691 auctoritate

194 727 325 806 florens,
346 733 543 806 peculiarem
566 730 632 812 περὶ
651 733 740 812 vitoe
761 733 905 794 ediderat
923 733 1057 809 librum,
1079 735 1170 794 cuius
1189 732 1351 793 rationem
1371 735 1471 806 atque

194 830 336 892 indolem
355 834 417 893 duo
438 850 520 908 quae
537 837 652 896 extant
663 835 849 910 fragmenta
867 835 989 911 optime
1009 835 1185 895 illustrant.
1206 834 1360 909 Polybius
1381 834 1470 894 enim

192 930 273 992 libro
304 933 424 995 XXIX.
457 938 498 996 6⁰⁴
527 936 644 1008 (Diod.)
683 937 753 997 eius
787 937 986 998 sententiam
1021 937 1120 996 refert
1154 951 1229 996 cum
1267 934 1471 1014 ,βουλόμενος

193 1028 324 1112 ἐναργῶς
355 1032 570 1097 ὑποδεικνύναι
600 1042 661 1110 τοῖς
692 1035 867 1117 ἀνθρώποις
891 1036 923 1098 τὸ
954 1045 1006 1115 τῆς
1029 1038 1117 1117 τύχης
1141 1038 1362 1119 εύμετάβολον”
1389 1038 1471 1098 haec

195 1133 293 1194 dixit:
329 1136 374 1212 ,εἰ
405 1135 460 1216 γὰρ
491 1137 607 1217 λάβοιτε
638 1138 679 1218 μὴ
710 1139 819 1219 χρόνον
850 1137 984 1220 ι’ύττειρον,
1014 1137 1090 1218 μηδὲ
1120 1139 1223 1222 γενεὰς
1246 1138 1373 1216 πολλὰς,
1395 1137 1471 1199 ἀλλὰ

193 1235 376 1314 πεντήκοντα
395 1238 490 1316 μόνον
510 1238 559 1320 ἔτη
580 1240 662 1303 ταυτὶ
681 1241 717 1302 τύι
734 1241 792 1322 πρὸ
811 1237 911 1319 ἡμῶν,
929 1236 1037 1323 γνοίητ’
1062 1239 1101 1301 bv
1120 1241 1152 1302 τὸ
1173 1250 1224 1319 τῆς
1240 1241 1329 1321 τύχης
1341 1238 1471 1320 χαλεπὸν

195 1332 360 1400 ἐνταῦθα’.
395 1342 577 1419 ,Ε11111111”,
618 1345 665 1404 111
699 1344 766 1405 1111
797 1345 916 1420 pergit,
962 1345 1011 1421 ,ei
1043 1345 1116 1419 quis
1147 1346 1282 1406 deorum
1312 1346 1369 1404 aut
1401 1343 1470 1418 regi

194 1439 406 1502 Macedonum
430 1445 487 1504 aut
510 1445 683 1506 Persarum
707 1462 746 1506 ea
765 1445 874 1507 sutura
893 1446 1123 1523 praedixisset,
1145 1461 1227 1521 quae
1248 1460 1362 1507 revera
1382 1460 1471 1505 nuno

194 1539 282 1600 facta
311 1544 403 1618 sunt,
434 1559 514 1606 num
546 1546 618 1620 quis
651 1562 764 1608 eorum
795 1548 855 1607 deo
886 1545 983 1608 fldem
1008 1548 1200 1608 habuisset?
1234 1548 1358 1608 Tamen
1388 1547 1471 1607 haec

192 1641 327 1716 perfecit
356 1638 375 1720 ἡ
406 1644 481 1724 πρὸς
511 1644 563 1706 τὸν
593 1638 661 1727 βίον
692 1643 777 1725 ἡμῶν
809 1645 975 1720 ἀσύνθετος
1005 1648 1078 1728 τύχη
1108 1646 1159 1708 καλ
1189 1648 1287 1708 πάντα
1310 1645 1392 1724 παρὰ
1416 1646 1470 1707 τὸν

193 1743 334 1822 λογισμὸν
368 1745 420 1806 τὸν
454 1741 594 1827 ἡμέτερον
628 1757 848 1827 καινοτομοῦοα
882 1748 933 1810 καλ
966 1748 1021 1828 τὴν
1056 1748 1148 1828 αὑτῆς
1181 1750 1312 1827 δύναμιν
1344 1745 1376 1808 ἓν
1408 1754 1471 1821 τοῖς

192 1845 372 1925 παραδόξοις
403 1847 645 1929 ἐνδεικνυμένη.”
677 1852 750 1912 Huc
780 1852 912 1927 saepius
939 1853 1116 1914 recurrisse
1138 1851 1352 1927 Demetrium,
1379 1851 1471 1910 varie

193 1947 408 2025 Theophrasti
431 1952 510 2013 illud
536 1948 725 2030 ,11111111ςὴ
749 1953 843 2030 τύχη”
861 1947 881 2024 ¹)
903 1953 1124 2015 illustrantem
1144 1961 1259 2015 notum
1280 1955 1344 2026 eet;
1366 1974 1470 2012 καινο-

80 2054 84 2060 ·
193 2049 293 2122 αοιίας
325 2053 412 2114 enirn
443 2054 517 2114 illas
547 2055 666 2115 iterum
691 2053 797 2129 tangit
821 2054 854 2114 in
877 2053 1062 2128 fragmento
1086 2056 1170 2129 quod
1193 2070 1213 2114 1
1235 2054 1411 2114 Plutarcho
1436 2053 1470 2113 in

194 2149 421 2215 Consolatione
445 2155 485 2216 ad
504 2155 712 2231 Apollonium
735 2155 878 2231 affertur,
903 2156 959 2216 ubi
983 2157 1199 2232 corrigentem
1219 2151 1369 2217 videmus
1388 2156 1469 2216 Pha·

194 2253 317 2315 lereum
353 2255 514 2332 Euripidis
549 2258 708 2332 quaedam
743 2259 782 2318 de
817 2258 884 2318 iato
920 2258 1024 2318 dicta:
1061 2254 1077 2318 ὁ
1112 2257 1267 2337 Φαληρεὺς
1299 2256 1471 2335 Δημήτριος

194 2353 329 2428 εἰπόντος
365 2356 545 2436 Εὐριπίδου·
583 2354 619 2434 ,ὃ
651 2354 679 2418 δ’
715 2355 802 2438 ὄλβος
837 2357 874 2418 ού
905 2355 1026 2438 βέβαιος
1057 2355 1113 2419 ἀλλ’
1142 2356 1323 2437 ἰφήμερος”,
1351 2356 1403 2417 καὶ
1427 2356 1471 2417 ὅτι

196 2457 374 2535 ,μικρότατα
398 2460 576 2537 σφάλλοντα,
598 2458 648 2520 καλ
668 2455 711 2537 μί’
737 2456 831 2540 ἡμέρα
855 2458 890 2520 τὰ
913 2457 967 2538 μὲν
990 2465 1130 2521 καθεῖλεν
1153 2458 1289 2537 ὑψόθεν,
1312 2457 1348 2520 τὰ
1372 2454 1399 2519 δ’
1423 2450 1467 2538 ἦρ’

194 2555 290 2636 ύνω”,
319 2558 353 2619 τὰ
377 2558 431 2638 μὲν
455 2559 528 2622 ύλλα
560 2567 656 2635 καλῶς
681 2560 740 2640 ἔφη
763 2559 858 2640 λέγειν
881 2560 987 2639 αὐτὸν,
1010 2560 1125 2639 βέλτιον
1150 2557 1178 2622 δ’
1204 2558 1243 2621 ύν
1266 2554 1341 2640 εἶχεν
1365 2553 1421 2621 οὖν
1446 2561 1473 2620 εἰ

194 2657 234 2737 μὴ
258 2661 330 2738 μίαν
352 2658 476 2741 ἡμέραν,
498 2660 572 2722 ἀλλὰ
595 2661 719 2743 στιγμὴν
743 2656 806 2723 εἶπε
828 2662 947 2742 χρόνου.

237 2763 327 2825 Η111
357 2764 515 2826 Demetrii
545 2766 645 2827 uerba
675 2781 740 2826 non
769 2768 900 2826 tanturn
932 2767 1035 2841 ipsius
1062 2766 1244 2841 philosophi
1268 2765 1469 2825 sententiam

193 2866 356 2942 aperiunt,
381 2866 439 2928 sed
463 2868 508 2944 id,
534 2868 618 2942 quod
640 2868 803 2943 plerisque
827 2868 924 2927 huius
947 2866 1069 2927 saeculi
1090 2866 1277 2928 hominibus
1297 2868 1468 2941 acceptum

192 2962 299 3039 111111.
332 2970 377 3028 At
407 2968 627 3030 Callimachus
654 2968 867 3043 quantumvis
891 2970 1065 3030 Parcarum
1089 2969 1283 3043 dignitatem
1307 2968 1470 3028 reveritus

193 3071 310 3130 acriter
333 3071 589 3146 impugnandam
613 3070 776 3132 iudicabat
799 3071 998 3146 opinionem,
1027 3085 1109 3145 quae
1133 3072 1263 3130 tanturn
1286 3068 1470 3144 periculum

190 3171 343 3245 antiquae
363 3171 512 3246 religioni
531 3173 727 3246 minaretur;
749 3173 869 3234 saltem
888 3172 1053 3233 Demetrio
1071 3172 1267 3232 contrariam
1280 3171 1470 3245 opinionem

191 3273 343 3347 exposuit
371 3272 404 3332 in
428 3272 551 3347 hymno
574 3276 617 3335 od
639 3274 824 3335 Minervam.
850 3275 951 3333 Extat
974 3274 1061 3333 enim
1086 3274 1118 3332 in
1143 3272 1328 3333 narratione
1352 3271 1471 3332 iliade

189 3374 332 3434 Tiresiae
355 3375 512 3436 caecitate
536 3375 639 3451 ipsius
659 3376 822 3437 Minervae
840 3375 1080 3450 argumentatio
1093 3373 1253 3448 quaedam
1273 3373 1312 3432 de
1332 3373 1470 3433 deorum

188 3474 311 3548 latique
334 3476 493 3552 potentia,
519 3477 553 3536 in
576 3492 640 3552 qua
663 3477 783 3538 diserte
804 3481 901 3553 poeta
921 3477 971 3537 dis
990 3476 1188 3552 principibus
1200 3489 1367 3535 summam
1381 3476 1469 3549 pote·

187 3579 309 3640 statem
339 3578 497 3655 vindicat,
530 3596 634 3655 neque
664 3581 732 3640 fato
764 3585 821 3642 aut
852 3580 969 3659 μοίραις
1003 3581 1060 3641 sed
1089 3578 1216 3652 legibus
1246 3576 1366 3637 divinis
1390 3577 1470 3638 deos

185 3680 365 3759 subiungit,
391 3682 450 3743 1111
474 3685 588 3744 autem
610 3682 813 3758 provinciam
843 3683 941 3743 certis
968 3679 1206 3742 circumscribit
1225 3676 1354 3739 finibus.
1386 3677 1470 3739 Cum

187 3782 274 3842 enim
314 3783 442 3844 infestis
483 3784 624 3858 querelis
659 3783 806 3845 Chariclo
849 3785 957 3844 mater
1002 3782 1145 3843 Tiresiae
1185 3781 1281 3841 deam
1315 3779 1468 3857 adiisset,

187 3884 323 3945 comiter
347 3888 380 3945 11
403 3886 519 3947 blande
539 3886 633 3961 baec,
659 3885 759 3946 simul
783 3887 897 3945 tamen
918 3887 1068 3945 accurate
1088 3885 1121 3944 et
1140 3882 1294 3943 distincte
1315 3885 1375 3951 (vs.
1398 3882 1469 3950 9711

369 3986 438 4062 ,δῖα
461 3987 567 4066 γύναι,
589 3984 660 4064 μετὰ
683 3984 781 4046 πάντα
807 3984 898 4062 βάλευ
922 3986 1012 4045 πάλιν
1036 3984 1109 4056 ὄσσα
1133 3979 1168 4043 δι’
1195 3979 1289 4062 ὀργὰν

411 4080 504 4160 εἶπας·
530 4086 585 4170 ἐγὼ
609 4083 637 4149 δ’
665 4084 702 4149 ού
726 4109 770 4148 τοι
793 4084 897 4147 τέκνον
921 4081 1004 4165 ἔθηκ’
1030 4084 1132 4147 ἀλαύν.

222 4382 239 4443 ¹)
256 4385 324 4433 Plut.
344 4382 436 4433 θοιιεολ.
456 4383 490 4433 ad
504 4383 587 4448 Apoll.
606 4398 628 4432 o.
648 4387 662 4433 6
680 4399 706 4446 p.
725 4385 813 4433 1041).

220 4458 242 4527 ²)
260 4466 385 4512 Adcurate
410 4464 442 4512 de
466 4467 595 4525 potestate
613 4471 652 4526 της
669 4467 754 4526 τύχης,
771 4470 813 4512 τοῦ
827 4461 993 4528 πεπρωμύνου,
1010 4468 1052 4510 τοῦ
1069 4463 1204 4520 αὐτομάτου
1222 4461 1380 4522 scriptorum
1399 4461 1470 4510 dieta

188 4544 294 4607 collegit
321 4546 347 4592 11
373 4544 502 4604 disposuit
526 4544 556 4594 1..
583 4542 700 4591 Schmidt
725 4541 804 4590 etue
827 4541 870 4592 der
893 4541 960 4589 aliea
984 4538 1100 4590 θτὸοολαιι
1122 4541 1143 4588 Ι.
1165 4555 1190 4602 p.
1209 4542 1308 4591 bo-ee
1334 4541 1370 4588 ed
1387 4554 1467 4602 quem

181 4624 276 4673 librum
294 4624 336 4672 bio
355 4625 456 4671 referre
474 4624 571 4672 licebit
