3104 5296
40 471 101 534 III.
131 473 304 533 111-114
662 469 702 531 77

41 661 157 731 (Lehrs
180 678 210 737 p.
237 662 320 737 145),
345 663 378 722 et
401 661 506 734 magis
529 661 611 721 alios
633 660 746 735 poetas
773 658 875 720 audiit
900 659 1001 719 veluti
1023 658 1178 720 homerici
1201 657 1317 732 hymni

40 765 77 824 ia
108 764 209 840 Apoll.
236 766 402 826 auctorem
434 763 489 837 qui
520 779 567 823 vs.
592 761 656 822 489
691 758 792 838 ,ἔντεα
815 758 887 838 νηὸς
912 757 1012 838 ἐίσης”
1037 760 1129 836 dixit,
1153 759 1223 819 sive
1246 759 1315 819 Pin·

41 867 160 927 darum
195 866 249 939 qui
279 879 343 926 non
374 864 482 925 solum
512 861 595 923 ἔντεα
629 860 731 921 ἵππεια
762 860 846 942 βόεια
881 863 1016 924 noverat
1047 863 1104 922 sed
1135 860 1234 921 etiam
1258 858 1315 930 (Ol.

42 968 114 1029 vn.
148 969 201 1040 23)
228 965 311 1028 ἔντεα
334 963 443 1026 αὐλῶν.
468 998 508 1009 -
533 965 582 1024 Ab
607 979 669 1025 usu
695 965 857 1026 homerico
881 979 944 1025 non
972 964 1082 1024 miuus
1104 978 1164 1024 nos
1187 962 1317 1023 abducit

41 1069 169 1149 χρύσεον
192 1062 223 1128 δ’
250 1065 410 1141 irriguo
431 1065 610 1145 δίφραν”.
634 1065 797 1127 Homerus
820 1066 908 1128 enim
931 1082 995 1127 non
1018 1063 1108 1145 ἅρμα,
1130 1065 1186 1126 sed
1206 1062 1317 1135 ἵππους

43 1171 143 1244 ζεῦξαι
177 1172 270 1232 solet.
305 1170 349 1230 At
379 1170 508 1244 praesto
540 1169 670 1229 fuerunt
702 1182 839 1241 quorum
878 1168 1064 1229 libertatem
1098 1165 1318 1228 aemularetur

42 1273 265 1335 Alexandrina
292 1271 438 1348 eruditio,
463 1270 621 1332 Pindarus
644 1270 741 1343 atque
765 1270 949 1346 Euripides3
974 1285 1111 1344 quorum
1135 1284 1210 1330 cum
1236 1268 1318 1329 alter

42 1375 134 1452 Pyih.
159 1374 200 1436 X.
232 1375 274 1434 65
305 1365 389 1450 ,τόδ’
415 1369 528 1444 ἔζευξεν
559 1369 639 1451 ἅρμα
663 1370 813 1449 Πιερίδων
836 1370 1085 1451 τετράορον”,
1109 1370 1192 1431 alter
1214 1369 1317 1430 Andr.

45 1477 133 1537 1019
161 1473 376 1552 ,εὐίππους
408 1471 495 1553 ὄχους
519 1470 670 1548 ἐζεύξατι”
695 1475 843 1552 dixisset,
868 1475 1007 1536 habebat
1030 1476 1199 1549 utriusque
1222 1473 1318 1534 dictio

42 1578 175 1640 facilem
209 1577 357 1652 veniam;
393 1577 548 1638 audacius
581 1592 641 1638 nec
675 1576 856 1650 elegantius
887 1578 1007 1653 noster,
1040 1576 1128 1637 nullo
1160 1575 1318 1637 adiectivo

42 1681 192 1752 indicans
237 1678 391 1739 animalia
433 1693 515 1751 quae
550 1694 681 1739 currum
716 1679 898 1754 trahebant,
933 1678 1141 1753 simpliciter:
1182 1673 1317 1753 ,ἔζεύξαο

43 1781 186 1861 δίφραν”.
201 1779 408 1854 -sequenti
440 1795 536 1841 versu
568 1795 645 1842 vocs
676 1778 889 1858 κεμάδεσσι
912 1780 1067 1841 illustrari
1094 1780 1130 1840 K.
1156 1780 1218 1839 361
1251 1779 1317 1838 iam

43 1884 172 1945 monuit
210 1883 249 1944 de
283 1883 341 1944 Ian
372 1898 402 1957 p.
428 1884 480 1959 25,
511 1880 676 1961 χρύσειοι
708 1884 818 1943 autem
853 1879 958 1961 χαλινὰ
987 1883 1136 1957 speciant
1158 1878 1319 1959 χρυσηνιον

36 1981 174 2063 Ἄρτεμιν
206 1988 240 2046 Ζ.
266 1986 340 2046 205.
372 1984 464 2045 Unde
497 1999 571 2046 vero
602 1986 663 2046 hoc
694 1985 756 2045 sibi
785 1984 927 2060 sumpsit
957 1986 1052 2060 poeta
1078 1985 1116 2043 ut
1145 1995 1318 2042 curruma

44 2088 149 2148 cervis
168 2087 312 2149 cornutis
337 2088 467 2147 vectum
491 2087 598 2162 ipsum
623 2087 744 2149 diceret
767 2085 983 2165 νερόεντα2
1008 2085 1091 2146 Fieri
1114 2098 1192 2144 sane
1211 2084 1319 2158 potest

45 2191 80 2249 ut
111 2188 272 2250 eiusmodi
306 2187 448 2249 libertati
483 2187 664 2249 Homerum
694 2190 866 2264 patronum
899 2187 1037 2264 sperarit
1059 2187 1114 2260 qui
1141 2184 1319 2247 sescenties

44 2288 155 2361 ἵππους
175 2289 368 2351 dixissetubi
385 2290 526 2351 indicare
547 2289 646 2351 vellet
665 2306 806 2351 currum.
831 2291 876 2350 At
893 2289 1030 2351 ulterius
1041 2287 1203 2364 progressi
1214 2288 1317 2363 erant,

45 2393 84 2453 ad
115 2408 196 2466 quos
228 2392 359 2467 propius
393 2392 446 2453 hic
476 2393 600 2453 accedit
630 2394 751 2470 noster,
775 2392 899 2467 tragici.
924 2393 975 2453 Ita
998 2390 1180 2465 Aeschylus
1211 2388 1317 2449 Prone.

48 2496 127 2555 135:
163 2493 265 2571 σύθην
297 2487 326 2553 δ’
359 2489 497 2565 ἀπέδιλος
525 2489 582 2578 ὄχῳ
605 2502 750 2578 πτερωτῷ,
775 2494 943 2568 Euripides
970 2492 1063 2554 Orchi.
1091 2493 1186 2568 1001,
1211 2486 1321 2570 πτερω-

44 2594 94 2656 τὸν
126 2591 213 2656 ἁλίου
247 2593 338 2675 ἅρμα,
373 2596 497 2657 Phaetb.
530 2596 567 2657 fr.
595 2597 657 2658 779
691 2593 885 2675 πτεροφόρων
909 2591 1074 2674 ὀχημάτων,
1109 2609 1186 2655 cum
1208 2595 1320 2654 tamen

46 2696 91 2760 ht.
106 2699 171 2759 466
191 2698 230 2759 de
249 2699 329 2759 solis
349 2699 441 2772 equis
464 2696 585 2774 ,ἵπποις
605 2695 667 2775 ἅμα
685 2694 896 2776 nerpoicum&
920 2697 1067 2757 dixisset.
1087 2695 1158 2756 Non
1178 2696 1320 2756 muitum

45 2800 183 2862 tortasse
203 2804 413 2874 (quamquam
426 2800 562 2860 interest
574 2799 694 2872 aliquid
706 2801 791 2860 inter
810 2801 982 2872 utramque
1003 2798 1189 2868 dictionem)
1213 2812 1234 2859 a
1257 2798 1320 2859 tra·

44 2904 189 2976 gicorum
212 2902 361 2977 exemplo
385 2901 505 2975 digredi
529 2917 565 2962 se
587 2901 722 2976 putabat
747 2901 975 2976 Callimachus,
1001 2915 1077 2961 cum
1102 2915 1234 2961 currum
1254 2915 1319 2961 cor·

44 3004 134 3065 nutis
163 3004 313 3065 cervibus
346 3005 477 3065 vectum
500 3003 610 3079 ipsum
632 3001 770 3082 ιιιρόεντα
793 3002 923 3080 diceret,
948 3018 1048 3077 quam
1072 3018 1186 3063 vocem
1207 3017 1319 3077 suppe-

44 3108 183 3168 ditatam
213 3106 243 3167 ei
272 3104 394 3179 tragico
425 3102 555 3184 πτερόεις
579 3105 630 3166 vel
654 3105 726 3164 soni
753 3104 933 3166 similitudo
958 3104 1075 3180 arguit.
1100 3104 1184 3167 Fieri
1208 3106 1320 3166 tamen

43 3210 151 3283 potest
173 3210 220 3284 ut,
244 3223 320 3268 cum
343 3207 403 3268 hoo
422 3206 580 3268 adiectivo
601 3222 681 3267 usus
701 3221 832 3267 currum
854 3207 975 3268 Dianae
997 3210 1168 3268 cornutum
1190 3207 1320 3283 diceret,

44 3311 83 3371 de
111 3311 183 3384 ipsa
213 3324 339 3383 quoque
379 3310 438 3370 dea
470 3324 552 3384 quae
585 3309 618 3370 iu
649 3325 744 3370 curru
775 3309 957 3370 consideret
986 3309 1086 3370 simul
1118 3309 1321 3385 cogitaverit,

43 3412 223 3485 siquidem
246 3412 313 3471 iarn
337 3413 467 3471 tumui
489 3410 612 3472 Hecate
631 3407 836 3490 τριπρόσωπος
861 3411 907 3471 ita
931 3411 1076 3471 Artemis
1097 3426 1195 3472 comu
1216 3410 1322 3472 lunari

43 3513 196 3573 ornatum
220 3513 317 3587 caput
340 3513 373 3572 in
397 3512 595 3587 imaginibus
617 3513 766 3573 habebat.

88 3614 162 3676 Vss.
197 3614 259 3674 114
291 3615 323 3675 et
356 3616 419 3674 115
442 3630 483 3675 ex
508 3628 620 3675 eorum
648 3628 804 3675 versuum
827 3629 962 3675 numero
984 3615 1061 3673 sunt
1084 3614 1200 3687 quibus
1225 3614 1321 3674 inter-

42 3715 236 3792 pretationis
270 3714 508 3777 Alexandrinae
540 3716 681 3777 indolem
714 3716 835 3791 optime
863 3717 1098 3790 cognoscimus.
1125 3715 1321 3779 Obversaba-

41 3822 98 3879 tur
120 3819 235 3893 poetae
259 3817 411 3878 scribenti
435 3833 551 3879 versus
574 3817 758 3878 homericus
782 3818 933 3879 omnibus
956 3819 1053 3878 notus
1076 3816 1103 3879 Ι.
1129 3821 1148 3878 b

291 3915 402 3999 Βορέης
426 3915 476 3978 καὶ
500 3916 646 3998 Ζέφυρος,
669 3918 708 3980 τώ
732 3941 762 3980 τε
789 3918 962 4000 Θρηίκηθεν
985 3916 1088 3998 ἄητον,

41 4022 100 4097 qui
123 4037 239 4084 versus
262 4023 459 4097 quantopere
483 4022 661 4083 multorum
681 4023 849 4085 doctorum
868 4023 999 4098 ingenia
1020 4024 1189 4084 vexaverit
1208 4023 1323 4084 docent

40 4123 176 4185 scholia.
201 4122 348 4195 Plerique
372 4125 471 4200 enim,
495 4124 557 4185 loci
586 4127 626 4186 Ψ.
648 4126 712 4185 229
735 4126 901 4186 nonsatis
921 4140 1093 4201 memores,
1115 4125 1149 4186 in
1169 4141 1207 4187 eo
1227 4126 1322 4187 offen·

41 4225 164 4287 debant
190 4226 273 4299 quod
294 4224 460 4301 Zephyrus
484 4241 522 4287 ac
550 4226 680 4304 Boreas,
707 4229 795 4289 venti
818 4229 904 4290 inter
927 4244 963 4289 se
987 4229 1148 4305 contrarii,
1173 4244 1258 4289 nunc
1281 4243 1322 4289 ex

41 4343 109 4389 uno
131 4327 310 4401 eodemque
329 4327 399 4389 ioco
421 4328 499 4390 itare
523 4327 722 4390 dicebantur.
747 4329 915 4405 Porphyrii
940 4331 1052 4391 autem
1080 4331 1322 4392 adnotationem

40 4431 84 4492 ad
107 4431 193 4492 hunc
216 4426 345 4510 ἀπορίαν
369 4431 586 4505 pertinentem
609 4431 683 4501 (vid.
708 4430 851 4502 scholia.)
872 4447 935 4493 non
960 4434 1091 4494 tantum
1107 4433 1323 4493 recentiorum

41 4531 193 4612 ζητήματα
229 4534 386 4608 spectare,
422 4547 536 4593 verum
566 4533 764 4607 antiquiores
796 4549 923 4608 quoque
947 4534 1182 4608 grammaticos
1205 4535 1239 4595 in
1262 4535 1322 4596 hac

41 4652 77 4698 re
113 4636 262 4698 haesisse
298 4636 390 4696 docet
425 4634 549 4713 Strabo,
590 4637 643 4709 qui
675 4652 705 4711 p.
740 4636 781 4696 28
817 4637 1042 4698 Eratosthenis
1073 4636 1321 4712 explicationem
