3090 5294
833 452 874 511 30
1302 449 1326 509 Ι.
1352 449 1483 510 60-63

214 645 296 704 tiam
315 644 469 716 captaret.
492 639 627 700 Versum
649 638 769 714 11407,
789 654 851 711 quo
871 639 940 699 solo
952 638 1201 698 Homeruseam
1217 652 1331 698 vocem
1344 639 1485 714 adhibet,

461 739 519 801 όττι
542 734 620 817 μόλ’
646 738 690 800 οὐ
714 739 836 818 δηναιὸς
863 735 896 811 ὃς
919 737 1097 798 ἀθανάτοισι
1120 737 1254 817 μάχηται,

214 847 423 907 obversatum
458 858 530 904 esse
561 843 672 902 nostro
702 842 753 902 vel
776 842 917 902 imitatio
941 842 1061 902 ordinis
1084 840 1255 901 verbomm
1278 841 1396 915 arguit,
1423 855 1486 913 qua

214 948 344 1023 scripsit
379 961 427 1006 vs.
464 947 505 1005 63
544 938 595 1020 „lig
626 942 726 1020 μάλα
757 941 805 1021 μη
828 943 996 1021 νενίηλος”,
1024 941 1177 1003 censebat
1199 944 1310 1002 sutem
1334 942 1486 1001 latiorem

214 1065 349 1111 sensum
372 1062 444 1108 esse
467 1045 619 1106 adiectivi
642 1042 765 1121 δηναιός
789 1049 876 1114 (nam
900 1046 933 1105 in
956 1044 1220 1119 interpretatione
1240 1042 1300 1103 loci
1327 1043 1496 1130 homerici

214 1166 321 1212 errare
354 1150 411 1209 vix
444 1147 559 1222 potuit)
594 1161 670 1206 cum
703 1147 844 1220 tragicos
874 1147 1056 1222 inspiceret.
1088 1144 1269 1218 Aeschylus
1296 1145 1485 1205 enimcum

214 1253 321 1313 Ριοινι.
359 1252 421 1312 794
456 1249 593 1309 dixisset
627 1247 800 1308 Phorcidas
823 1245 949 1326 δηναιὰς
979 1247 1079 1328 κόρας,
1109 1261 1173 1307 non
1194 1249 1264 1306 tam
1287 1247 1488 1321 prandentes

214 1355 316 1417 voluit
350 1367 448 1426 quem
482 1347 615 1428 ἀρχαίας,
647 1350 733 1410 idem
760 1350 890 1425 propius
924 1350 1024 1411 etiam
1056 1349 1096 1409 sd
1127 1338 1229 1409 nostri
1255 1347 1315 1409 loci
1348 1364 1485 1409 sensum

214 1455 353 1518 accessit
374 1453 481 1514 Prmn.
506 1453 572 1513 910

968 1548 1077 1632 πατρὸς
1101 1544 1131 1610 δ’
1158 1547 1216 1630 ἀρὰ

503 1652 624 1733 Κρόνου
647 1648 700 1714 τόί
726 1650 785 1732 ἤδη
808 1657 957 1725 παντελῶς
980 1651 1191 1732 κρανθήσεται,

501 1751 540 1832 ἣν
563 1752 707 1815 ἐκπίτνων
729 1752 820 1834 ἠρᾶτο
844 1755 977 1832 δηναιῶν
999 1753 1122 1834 θρόνων

217 1876 253 1937 „e
276 1860 407 1921 sedibus
423 1857 598 1934 antiquis’,
618 1873 700 1932 quas
719 1858 786 1918 iam
805 1872 868 1918 non
888 1857 1041 1932 possidet.
1063 1857 1145 1917 Addi
1165 1856 1273 1932 potest
1294 1854 1486 1918 Callimachi

213 1963 315 2037 ipsius
334 1961 372 2021 ir.
393 1960 566 2044 105τεθμῷ
590 1957 711 2042 δηναιῷ.
734 1959 756 2020 1.
769 1975 796 2020 e.
821 1955 942 2043 ἀρχαίην,
953 1962 989 2020 at
999 1958 1232 2034 repudiandum
1251 1973 1326 2017 cum
1350 1958 1486 2020 Polalrio

212 2061 338 2141 δηναιὸν
369 2063 403 2122 in
432 2061 570 2122 Hecales
593 2061 629 2121 ir.
653 2076 754 2137 nuper
777 2062 903 2136 reperto
927 2060 992 2121 col.
1016 2061 1057 2122 II.
1083 2063 1114 2122 4.
1139 2060 1190 2132 (cf.
1222 2059 1388 2134 Verstdpen
1413 2076 1484 2123 enz.

213 2181 243 2240 p.
270 2165 354 2234 149).

256 2265 312 2326 Vs.
344 2266 385 2325 61
417 2262 549 2344 διάτριχα
579 2265 776 2326 coniunctim
807 2265 902 2325 scribi
930 2265 1019 2324 iubet
1043 2263 1266 2339 Schneiderus,
1291 2264 1424 2342 frustra,
1450 2266 1485 2325 ni

212 2368 315 2443 fallor,
348 2366 504 2427 Loheckio
528 2366 710 2428 obsecutus.
743 2367 826 2427 Nam
849 2382 913 2427 non
937 2366 1043 2427 solum
1068 2361 1217 2442 διανέμειν
1241 2366 1359 2426 melius
1383 2382 1485 2440 quam

213 2466 311 2547 νέμειν
342 2469 493 2529 convenit
521 2472 631 2530 nostro
655 2469 735 2545 loco,
760 2470 793 2529 et
816 2484 853 2528 eo
874 2483 971 2528 versu
1001 2463 1036 2527 Ο.
1064 2467 1136 2544 187,
1161 2468 1252 2529 cuius
1283 2470 1484 2529 sententiam

213 2571 303 2632 docte
339 2570 510 2645 impugnat
539 2571 659 2647 noster,
691 2570 853 2631 Homerus
884 2584 963 2630 usus
987 2571 1037 2630 est
1061 2568 1166 2647 τρίχδα
1190 2568 1306 2648 (τρίχθα
1329 2565 1361 2628 δὲ
1384 2570 1484 2630 πάντα

212 2670 360 2749 δέδασται,
378 2671 462 2732 unde
482 2673 597 2732 natum
613 2687 739 2745 quoque
752 2672 879 2733 videtur
894 2668 1075 2748 „landuinus
1088 2664 1211 2747 olnog’t,
1224 2673 1291 2747 sed,
1305 2673 1333 2732 si
1345 2672 1482 2734 dubium

212 2774 319 2835 locum
331 2774 445 2847 hymni
453 2773 488 2833 in
503 2771 567 2834 der.
579 2773 632 2850 86,
645 2775 683 2833 ut
695 2775 830 2850 oportet,
844 2774 1038 2849 omittimus,
1052 2776 1180 2835 constat
1194 2774 1229 2836 in
1236 2774 1378 2834 Homero
1387 2775 1484 2836 Alex·

212 2878 364 2938 andrinos
382 2876 438 2936 ubi
459 2872 509 2934 διὰ
525 2874 591 2954 δίχα
610 2877 792 2936 occurreret
811 2872 860 2934 διά
880 2875 1067 2935 adverbum
1080 2876 1231 2952 traxisse,
1244 2875 1346 2935 veluti
1360 2877 1384 2934 B
1397 2879 1480 2957 665¹:

457 2977 487 3035 οἳ
503 2970 604 3036 Ῥόδον
627 2973 832 3055 ἀμφενέμοντο
855 2973 905 3036 διὰ
926 2975 1008 3055 τρίχα
1030 2973 1230 3053 κοσμηθέντες

256 3079 362 3140 Minus
392 3081 478 3139 recte
509 3078 621 3138 autem
652 3076 787 3156 διάνδιχα
818 3079 998 3153 comparari
1029 3079 1136 3152 quivis
1163 3079 1324 3140 concedet.
1348 3080 1483 3140 Accedit

211 3182 296 3256 quod
337 3195 441 3254 neque
482 3178 684 3239 Herodianus
729 3195 804 3240 cum
853 3180 1075 3240 huiuscemodi
1118 3180 1270 3240 adverbia
1311 3185 1483 3241 enumerat

213 3283 340 3355 (Herod.
376 3283 424 3343 ed.
457 3281 557 3342 Lentz
588 3282 620 3342 Π
644 3282 719 3341 287.
744 3282 785 3351 9.)
811 3283 899 3342 vocis
923 3280 1055 3360 διάτριχα
1079 3283 1277 3343 mentionem
1301 3282 1389 3343 iacit.
1415 3283 1483 3359 Quo

213 3386 388 3447 admodum
422 3384 555 3457 dubium
587 3384 714 3444 videtur
737 3399 778 3445 an
801 3384 904 3459 Apoll.
929 3384 1030 3445 Rhod.
1055 3385 1096 3445 ΙΙ.
1121 3385 1184 3445 997
1210 3383 1361 3458 quamvis
1384 3384 1482 3445 recla-

212 3489 323 3547 mante
347 3486 454 3547 codice
477 3486 617 3546 Mediceo
640 3487 749 3561 reponi
773 3488 918 3561 oporteat

434 3583 601 3665 κεκριμέναι
623 3584 697 3645 κατὰ
720 3590 802 3664 φῦλα
825 3585 874 3646 διὰ
897 3585 978 3666 τρίχα
1001 3585 1194 3646 ναιετάασκον
1213 3579 1245 3664 ¹).

256 3690 302 3750 De
337 3689 491 3751 vocabulo
525 3688 659 3766 νενίηλος
693 3690 773 3750 nihil
808 3692 945 3751 constat.
981 3690 1091 3763 Neque
1117 3704 1174 3763 pro
1205 3690 1292 3748 certo
1326 3687 1484 3750 affirmari

211 3792 287 3852 licet
306 3792 446 3852 formam
463 3789 545 3850 ι’σαί
551 3813 570 3868 η
594 3792 661 3851 iam
684 3791 718 3851 in
741 3792 932 3865 antiquioris
952 3790 1117 3865 scriptoris
1140 3790 1220 3850 libro
1244 3806 1263 3850 a
1288 3789 1485 3852 Callimacho

211 3894 331 3955 lectam
352 3909 434 3968 esse,
448 3908 567 3954 nomen
581 3896 669 3954 enim
681 3894 845 3968 proprium
854 3887 961 3964 Ἰσαῖος
972 3894 1005 3953 in
1018 3894 1078 3952 hac
1090 3908 1124 3952 re
1136 3891 1216 3951 nihil
1231 3892 1354 3966 probat.
1368 3891 1402 3951 Si
1414 3891 1485 3967 ipse

211 3996 336 4056 invenit
360 3996 473 4056 adduci
494 3996 599 4071 potuit
618 3996 830 4070 comparativi
854 3993 1119 4072 ΐοτιαοὶοαίτεροι,
1135 4008 1209 4054 cum
1235 3993 1358 4053 videret
1370 3997 1485 4055 extare

211 4095 320 4175 ἥσυχος
344 4098 377 4159 et
394 4092 547 4176 ἡονχαῖος,
567 4099 604 4158 ut
621 4098 799 4158 secundum
814 4097 950 4157 eandem
962 4111 1112 4157 normam
1124 4097 1217 4155 iuxta
1229 4094 1411 4155 breviorem
1424 4096 1484 4156 ior·

211 4213 302 4260 mam
332 4197 469 4274 tingeret
491 4198 594 4271 ἰσαῐος.
617 4200 655 4260 In
687 4214 750 4273 qua
781 4199 885 4260 iorma
907 4213 918 4258 ῑ
942 4200 1030 4274 spice
1060 4199 1252 4273 productum
1282 4197 1428 4258 servavit
1452 4199 1486 4258 et

246 4389 265 4455 ¹)
283 4393 373 4441 Obiter
389 4406 481 4441 moneo
499 4394 533 4440 od
551 4406 652 4441 versum
672 4394 712 4454 61,
730 4393 916 4441 Callimachum
934 4406 1074 4452 numquam
1097 4393 1228 4441 dubitasse
1249 4393 1310 4453 quin
1327 4404 1411 4452 aequo
1429 4393 1486 4441 inre

211 4474 237 4519 et
255 4471 308 4527 ”An
330 4475 356 4520 et
382 4473 458 4532 Ἀίδης
480 4474 532 4518 tom
554 4471 586 4518 de
608 4472 718 4519 Plutone
738 4484 816 4532 quam
839 4473 871 4519 de
887 4473 953 4520 Orco
971 4473 1022 4520 dici
1040 4475 1135 4533 posset
1153 4473 1188 4521 Ut
1204 4473 1246 4520 hic
1264 4473 1300 4519 its
1318 4472 1365 4518 III.
1384 4473 1433 4519 111
1453 4473 1487 4521 do

210 4551 275 4598 loco.
303 4551 345 4598 lv.
369 4552 416 4600 177
440 4550 517 4610 Ἀίδης
539 4550 603 4597 dous
621 4547 789 4614 est(ita1dp.
808 4552 830 4598 1.
849 4554 876 4599 st
893 4550 953 4613 41).
970 4553 1058 4612 Epigr.
1076 4553 1099 4614 ὅ,
1120 4554 1146 4598 et
1165 4550 1195 4599 15
1213 4554 1246 4600 ιῑν
1262 4551 1334 4612 Ἅιδη.
1351 4552 1434 4616 epigr.
1454 4553 1486 4600 15

212 4634 281 4694 ἥλατο
297 4633 328 4685 olo
344 4630 427 4690 Ἀίδην.
445 4629 525 4689 epigr.
545 4630 576 4676 11
594 4633 618 4676 ιν
630 4628 717 4684 Ἅιδας.
737 4630 811 4686 Quod
829 4631 958 4679 notatione
974 4631 1079 4689 dignum
1098 4634 1138 4678 est
1153 4635 1259 4691 proptor
1278 4635 1307 4678 Ψ.
1325 4632 1382 4679 alt.
