3090 5294
9 439 12 482 1
56 449 115 509 ΙΙΙ.
142 449 275 508 41-48
637 512 638 515 ,
681 455 722 514 59

59 637 88 698 ei
111 639 149 695 A.
174 636 239 696 524
263 652 336 698 cum
361 637 488 699 Philota
514 634 705 717 ἐπινεύσομαι
727 640 812 714 quod
843 639 955 700 reiecit
977 637 1186 698 Aristarchus
1209 635 1330 706 (Ludw.

58 739 83 800 1.
112 739 197 808 199.)
219 731 250 808 1).

103 840 208 901 Versu
229 841 378 915 sequenti
398 839 540 901 λεννὸν
563 838 651 921 ὅρος
671 858 734 904 non
754 845 900 918 spectare
921 838 957 901 τὰ
976 838 1080 901 Aeon&
1097 837 1152 919 ὅρη
1171 838 1332 915 probabile

58 943 136 1005 iecit
171 943 401 1018 Schneiderus3
438 943 559 1004 indicat
589 945 684 1018 poeta
715 960 752 1005 eo
785 943 945 1005 adiectivo
977 942 1180 1004 Cretensium
1205 942 1333 1002 montes

58 1046 92 1105 in
115 1044 305 1105 universum
330 1060 410 1118 quos
434 1045 561 1106 dixerat
584 1045 747 1106 Homerus
768 1050 801 1116 (τ.
815 1047 890 1115 338)
913 1043 1052 1123 „licimo
1072 1040 1141 1122 ύρεα
1160 1040 1333 1119 νιφόεντα”.

60 1145 141 1207 Cum
167 1161 243 1206 vero
267 1145 299 1205 in
323 1148 471 1208 extremo
495 1163 591 1209 versu
616 1148 796 1222 elegantiae
822 1149 958 1209 studens
985 1148 1108 1208 dictum
1131 1145 1332 1206 homericum

58 1245 253 1325 καταειμένον
275 1246 333 1331 bip
357 1253 389 1319 (τ.
411 1249 485 1310 431.
507 1272 533 1309 ν.
558 1251 633 1311 351.
647 1252 759 1325 hymn.
774 1251 867 1312 hiere.
882 1251 957 1319 228)
978 1248 1093 1309 leviter
1113 1247 1279 1323 immutat,
1296 1247 1334 1305 ut

59 1364 159 1423 quam
193 1349 341 1424 proxime
374 1365 410 1411 se
445 1351 583 1427 applicet
617 1351 657 1412 ad
693 1352 881 1427 exemplum
917 1366 1015 1411 suum
1044 1350 1185 1410 formam
1211 1347 1333 1424 passivi

58 1451 163 1511 sumit
193 1451 345 1523 quamvis
375 1452 541 1513 insolitam
562 1449 844 1531 κεκορημένον
868 1451 942 1536 bip:
968 1453 1100 1528 passiva
1123 1451 1210 1512 enim
1233 1464 1332 1510 sensu

58 1552 268 1614 intransitive
294 1552 379 1614 haud
403 1554 505 1615 semel
526 1569 691 1615 occurrere
708 1570 773 1615 non
785 1555 913 1628 ignorat
932 1556 1043 1616 noster
1061 1554 1117 1629 qui
1137 1552 1284 1614 consulto
1300 1552 1333 1612 in

59 1655 118 1716 tali
136 1670 172 1716 re
191 1654 322 1715 insolita
341 1657 486 1717 sectatur
507 1650 528 1726 Ζ)
552 1659 589 1717 ut
611 1659 644 1716 in
667 1657 818 1730 sequenti
845 1652 1008 1732 „uotiua
1031 1655 1174 1732 νύμφας”
1193 1669 1332 1729 quocum

59 1756 197 1818 conferri
218 1758 327 1831 potest
349 1759 465 1818 notum
487 1757 567 1819 illud
590 1756 707 1819 πουλὺν
730 1751 774 1834 ἐφ’
801 1755 897 1837 ύμρήν
925 1759 963 1816 K.
989 1758 1048 1833 273
1074 1756 1099 1817 ύ.
1126 1758 1198 1819 709.

103 1859 150 1919 De
179 1873 257 1919 voce
285 1855 470 1938 ἀμορβός,
496 1874 590 1936 quae,
606 1861 781 1935 postquam
801 1859 1018 1920 Antimachus
1038 1859 1184 1920 adhibuit
1202 1859 1236 1919 in
1255 1858 1333 1919 The·

57 1960 152 2021 balde
173 1959 295 2034 (Steph.
319 1959 397 2034 Byz.
422 1976 449 2022 s.
463 1977 494 2022 v.
519 1961 619 2039 Δύμη)
640 1960 872 2022 Alexandrinis
893 1964 1044 2036 pergrata
1066 1960 1137 2037 fuit,
1162 1959 1241 2020 nihil
1260 1959 1335 2020 novi

59 2063 208 2139 afferam,
229 2077 333 2136 neque
354 2063 441 2124 enim
462 2065 520 2124 aut
539 2064 591 2125 hic
610 2064 701 2125 locus
720 2065 778 2124 aut
790 2063 827 2123 ir.
842 2065 884 2124 46
906 2063 998 2142 (βοῶν
1018 2059 1155 2141 ἀμορβοὶ,
1174 2061 1228 2122 ubi
1248 2076 1334 2137 aper·

60 2168 127 2227 tius
161 2165 405 2226 antimaeheum
429 2163 586 2245 ἐπίκουρος
606 2163 748 2245 ἀμορβοον
768 2166 927 2236 imitatur)
954 2167 1147 2227 documento
1171 2179 1243 2225 esse
1266 2178 1334 2239 pos·

57 2269 137 2328 suut
160 2282 274 2328 vocem
300 2270 409 2340 (quam
428 2268 462 2329 in
485 2269 621 2330 iliadem
645 2268 755 2329 intulit
778 2268 914 2330 Naucirii
937 2269 1121 2331 coniectura
1140 2267 1180 2328 ad
1205 2268 1244 2328 N.
1261 2267 1336 2335 793)

59 2368 258 2430 Callimacho
282 2368 388 2429 visam
412 2384 485 2431 esse
512 2370 722 2432 homericam.

101 2572 207 2632 Diana
229 2573 400 2646 postquam
426 2573 606 2635 Oceaninas
624 2572 760 2650 (Τηθύος
780 2570 897 2652 ἔκγονα)
919 2573 1043 2648 accepit
1061 2569 1212 2651 ύμορβοὺς
1233 2568 1334 2649 (ἄμορ-

54 2672 153 2752 βύύας
179 2673 324 2734 dicturus
347 2674 410 2736 fuit
432 2675 632 2751 Apollonius,
657 2675 696 2736 ci.
721 2676 779 2736 ΙΙΙ.
805 2676 880 2745 881)

102 2775 159 2836 VS.
181 2776 235 2836 46.
325 2766 402 2834 αὖθι
427 2772 458 2835 δὲ
483 2775 650 2847 Κύκλωπος
674 2775 837 2853 μετεκίαθε·
862 2774 931 2847 τοὺς
953 2771 1007 2852 μὲν
1030 2772 1124 2853 ἔτετμε

328 2876 410 2962 νήσῳ
434 2874 478 2937 lvi
501 2876 635 2962 Λεπάρῃ,

55 2981 105 3040 ita
136 2994 208 3041 rem
232 2980 365 3056 exponit
386 2981 506 3054 noster,
531 2994 634 3053 neque
657 2978 792 3039 Homeri
814 2979 976 3039 inmemor
998 2978 1053 3052 qui
1076 2978 1222 3039 narravit
1241 3001 1268 3036 α.
1294 2979 1334 3037 22

59 3074 141 3157 „iii
169 3076 185 3140 i
209 3078 264 3159 μὲν
289 3079 442 3151 Αἰθίοπας
465 3078 653 3157 persalutet
675 3082 709 3140 et
732 3080 910 3141 sescenties
937 3078 970 3139 in
992 3080 1098 3154 prima
1121 3080 1197 3141 sede
1221 3095 1336 3140 versus

54 3181 142 3265 νήσῳ
178 3179 210 3242 ἐν
241 3179 392 3265 ἀμφιρύτῃ
422 3181 564 3255 taliaque
597 3196 715 3256 ponere
741 3183 941 3256 assueverat,
973 3196 1077 3255 neque
1105 3181 1260 3242 Philotae.
1285 3180 1338 3240 Et·

55 3285 150 3346 enim
178 3285 336 3346 eruditius
359 3299 457 3357 quam
483 3284 663 3358 elegantius
690 3283 789 3344 adicit
811 3297 860 3344 vs.
885 3284 938 3344 47.

619 3382 754 3464 (Λιπάρη
777 3380 846 3444 νέον
871 3381 944 3443 ἀλλὰ
970 3376 1023 3443 τότ’
1049 3381 1133 3443 ἔσκεν

329 3483 446 3563 οὔνομά
467 3485 499 3546 οἱ
520 3484 715 3565 Μελιγοονίς)

58 3605 162 3665 quam
191 3589 343 3650 notitiam
366 3589 566 3663 praeceptori
589 3587 808 3649 Callimachus
830 3587 925 3649 debet
949 3587 1000 3658 (ci.
1025 3587 1219 3648 Parthenius
1241 3607 1273 3647 π.
1298 3582 1338 3665 ἕρ.

58 3696 136 3750 ποθ.
161 3691 214 3761 il.)
247 3689 398 3751 ceterum
423 3704 499 3751 cum
523 3689 675 3752 describit
698 3687 854 3764 Cyclopas
877 3691 914 3749 ut
937 3689 1070 3763 mythos
1093 3690 1339 3763 antiquissimos

59 3809 139 3855 cum
157 3792 390 3854 recentioribus
412 3792 528 3852 miscet
551 3792 597 3852 ita
619 3791 717 3852 verba
738 3805 864 3865 quoque
882 3806 942 3851 sua
961 3806 1024 3851 uon
1045 3807 1086 3852 ex
1106 3791 1247 3851 Homero
1270 3792 1337 3850 tan·

60 3899 136 3956 tum
158 3895 280 3968 sumit;
304 3894 410 3969 pergit
432 3893 520 3954 enim
542 3908 590 3954 vs.
616 3893 657 3954 48
682 3891 763 3964 (τούς
786 3886 840 3969 μὲν
867 3890 974 3970 ἔτετμε)

657 3987 698 4053 ε’σῖ
725 3991 851 4071 ἅκμοσιν
869 3987 1046 4070 Ἡφαίστοιο

332 4091 470 4167 ἑσταότας
493 4092 559 4173 περὶ
582 4094 706 4174 μύδρον·
731 4092 859 4174 ἐπείρετο
882 4091 937 4174 γὰρ
963 4090 1037 4174 μέγα
1060 4091 1154 4173 ἔργον·

333 4193 455 4274 ἱππείην
478 4195 631 4257 τετύκοντο
656 4194 846 4257 Ποσειδάωνι
868 4193 1037 4273 ποτίστρην.

65 4347 288 4360 -----

98 4468 117 4530 1)
140 4469 301 4519 substantivi
327 4472 387 4536 κάρη
411 4470 508 4519 iormas
534 4472 622 4532 spicas
648 4472 674 4518 in
699 4470 802 4530 hymnis
818 4470 930 4518 fideliter
949 4473 1061 4521 semovit
1078 4473 1120 4533 (ci.
1138 4475 1181 4522 lv.
1204 4475 1260 4535 184,
1278 4475 1338 4528 286;

62 4552 252 4689 nimbum
269 4629 378 4679 formam
398 4630 431 4678 od
447 4630 593 4692 exemplum
611 4629 700 4691 hymni
718 4630 744 4678 iu
763 4629 819 4678 Oet.
838 4630 885 4678 ibi
904 4630 1010 4678 adhibet
1028 4631 1068 4679 iv.
1087 4632 1143 4678 262.
