3068 5288
818 447 857 506 14

199 633 402 694 habitantem
432 635 652 708 depingerent.
685 635 795 706 Neque
830 635 928 709 igitur
961 652 1035 696 curn
1067 639 1237 713 Apollonio
1271 641 1476 714 pugnaturus

198 739 268 796 erat
288 739 408 810 noster,
430 736 514 809 quod
530 735 584 794 ille
604 735 671 804 (ΙΙΙ.
686 737 740 805 41)
758 736 891 796 domum
903 737 1038 798 Volcani
1050 739 1084 798 in
1097 740 1235 815 Olympo
1248 740 1476 800 collocavisset

197 839 232 896 at
256 838 302 898 ita
325 839 486 898 narrando
509 838 726 912 perrexisset:

421 932 479 997 ἀλλ’
506 936 522 996 ὅ
546 933 599 1014 μὲν
623 935 652 1009 ἐς
675 942 827 1016 χαλκεῶνα
850 937 900 999 καλ
923 936 1057 1018 ἄκμονας
1080 934 1130 1020 ἦρι
1154 944 1275 1022 βεβήκει

421 1039 526 1116 νήσοιο
550 1043 699 1118 πλαγκτῆς
722 1038 815 1117 εὐρὺν
837 1040 946 1119 μυχὸν,
970 1036 992 1124 ᾧ
1017 1041 1061 1101 ἔνι
1084 1043 1181 1103 πάντα

422 1141 548 1200 δαίδαλα
573 1139 713 1217 χάλκευεν
737 1139 810 1224 ῥιπῇ
833 1141 937 1219 πυρός·
954 1137 974 1213 ¹)

198 1244 254 1303 sed
289 1244 397 1318 ipsum
432 1244 541 1302 locum
572 1243 625 1301 ubi
656 1243 780 1302 versari
811 1245 974 1317 putandus
1005 1248 1076 1305 erat
1106 1248 1186 1307 deus
1217 1249 1405 1323 ignipotens
1437 1248 1476 1306 ad

198 1347 320 1404 terram
344 1345 510 1405 revocavit
524 1338 556 1414 ²).
582 1343 670 1418 Quod
693 1346 845 1418 quamvis
869 1347 1108 1420 antiquissimis
1132 1353 1303 1425 poetarum
1329 1351 1475 1410 testimo·

198 1447 262 1505 niis
293 1447 530 1520 adversaretur,
562 1446 656 1505 facile
687 1449 799 1505 tamen
826 1447 888 1506 sibi
911 1450 1075 1522 persuasit
1098 1466 1117 1509 a
1140 1453 1288 1511 terrestri
1312 1453 1388 1526 igne
1412 1466 1476 1511 non

198 1564 271 1608 esse
302 1550 520 1623 separandum
551 1548 745 1621 Volcanum,
778 1550 933 1621 quoniam
964 1566 1006 1609 ex
1035 1552 1076 1610 iis
1107 1552 1293 1626 regionibus
1320 1553 1477 1613 Graeciae

199 1667 280 1724 quae
308 1652 437 1726 ignibus
461 1652 612 1710 arderent
635 1649 856 1709 subterraneis
880 1652 1004 1710 nullam
1028 1669 1091 1712 non
1115 1654 1176 1712 sibi
1200 1657 1372 1727 tamquam
1397 1654 1473 1713 indi-

199 1768 317 1826 genam
349 1753 433 1813 hunc
460 1754 556 1812 deum
588 1767 739 1824 arrogare
770 1752 909 1811 videbat.
942 1753 991 1811 Ex
1022 1754 1138 1826 quibus
1169 1756 1259 1815 nulla
1283 1758 1352 1815 tam
1380 1756 1477 1830 digna

200 1855 369 1914 videbatur
392 1854 435 1929 ei,
461 1869 559 1929 quam
583 1852 747 1912 Volcanus
770 1852 933 1912 habitaret
956 1869 1054 1928 quarn
1079 1871 1168 1915 mare
1192 1856 1353 1931 Siculum,
1379 1860 1478 1930 atque

198 1956 334 2030 parvula
357 1957 464 2016 insula
487 1957 617 2030 Lipara,
646 1953 788 2028 „siraripq
813 1951 891 2021 νέον,
916 1952 988 2012 ἀλλὰ
1012 1949 1064 2013 τότ’
1091 1954 1174 2015 ἔσκεν
1195 1954 1312 2033 οὔνομά
1333 1959 1365 2016 οἱ
1387 1961 1476 2016 Μελι·

198 2058 323 2134 possid
356 2058 423 2128 (ΙΙΙ.
454 2058 516 2125 47).
545 2057 670 2116 Nomen
700 2058 807 2130 ipsum
836 2057 1030 2130 Meligunida
1061 2059 1261 2134 praeceptori
1285 2059 1382 2120 debet
1405 2061 1477 2119 Phi·

199 2159 293 2218 letae.
323 2159 411 2233 Quod
436 2161 547 2218 autem
572 2174 645 2217 eam
669 2159 809 2217 insulam
839 2160 1008 2233 praecipue
1032 2159 1161 2235 selegit,
1187 2161 1220 2219 ni
1244 2160 1339 2220 fallor
1363 2162 1395 2221 id
1420 2162 1478 2220 vix

199 2259 282 2319 aliae
313 2276 430 2321 causae
454 2259 552 2320 tribui
571 2259 680 2318 licebit
704 2275 802 2331 quam
827 2260 1008 2319 eruditioni.
1034 2261 1172 2335 Legerat
1195 2262 1264 2337 ipse
1288 2263 1478 2336 lectumque

201 2363 312 2437 refert,
345 2364 524 2423 secundum
556 2362 817 2436 Theophrastum
841 2360 894 2437 τὴν
917 2359 985 2438 περὶ
1008 2359 1058 2432 τὰς
1083 2362 1195 2422 Αἰόλου
1219 2363 1331 2440 νήσους
1356 2361 1479 2435 ἀναζεῑν

200 2463 293 2535 οὕτως
324 2461 372 2523 ἐπὶ
404 2463 459 2523 δύο
490 2459 631 2538 πλέθρων
653 2460 686 2521 τὸ
710 2471 818 2538 μῆκος,
842 2460 913 2521 ὥστε
937 2461 977 2538 μὴ
1002 2462 1132 2522 δυνατὸν
1156 2458 1231 2522 εἶναι
1256 2463 1305 2522 διὰ
1328 2462 1384 2539 τὴν
1408 2471 1477 2538 dsp-

200 2564 309 2642 μανίαν
332 2562 483 2643 ἐμβαίνειν
507 2563 547 2635 εἰς
570 2565 680 2638 ταύτην
701 2565 748 2633 (fr.
773 2561 850 2624 10ολ
865 2566 911 2639 4),
933 2581 993 2625 nec
1012 2566 1135 2641 minus,
1158 2567 1279 2641 opinor,
1302 2571 1480 2627 moverunt

201 2684 276 2728 eum
306 2668 465 2727 miracula
495 2682 578 2740 quae
610 2666 742 2741 callias,
774 2667 965 2740 Agathoclis
992 2668 1138 2740 aequalis
1165 2669 1204 2728 de
1228 2669 1337 2728 insula
1361 2670 1481 2744 Lipara

199 2774 402 2845 narraverat,
427 2771 571 2842 itemque
595 2767 738 2841 Pytheas
762 2768 984 2828 Massiliensis.
1009 2769 1071 2829 Hic
1091 2771 1179 2829 enim
1202 2771 1357 2831 docuerat
1376 2771 1480 2831 fuisse

201 2873 284 2947 apud
315 2872 507 2947 Liparenses
531 2870 700 2942 antiquam
724 2870 908 2945 opinionem
935 2869 1005 2945 ,rba
1029 2871 1212 2947 βουλόμενον
1236 2870 1329 2950 ἀργὸν
1353 2874 1480 2948 σίδηρον

200 2970 350 3049 ἐπιφέρειν
381 2970 430 3030 καὶ
462 2981 496 3054 τῇ
528 2969 593 3045 ἑξῆς
629 2967 718 3054 ἡμέρα
750 2969 769 3049 ἢ
800 2971 886 3045 ξίφος
917 2971 1079 3047 λαμβάνειν
1110 2968 1129 3049 ἢ
1161 2971 1189 3029 εἴ
1215 2996 1240 3030 τι
1269 2970 1340 3031 ἄλλο
1370 2971 1480 3050 ἢθελεν

200 3072 430 3142 κατασκευάσαι,
450 3071 499 3130 καὶ
520 3071 571 3131 τὸν
591 3072 702 3147 μισθὸν
723 3071 900 3134 ἀπόλλυμ’.
923 3075 1021 3134 Grato
1042 3076 1152 3136 animo
1169 3075 1252 3134 hanc
1265 3076 1479 3136 traditionem

201 3175 325 3249 accepit
352 3177 462 3249 poeta,
488 3178 520 3232 et
543 3174 576 3232 in
601 3176 718 3250 Lipara
742 3176 849 3235 insula
872 3176 1008 3235 Volcani
1032 3173 1180 3235 officinas
1204 3176 1383 3236 collocavit
1404 3178 1481 3251 quia

200 3276 300 3336 simul
335 3275 515 3350 Hephaesti
550 3275 697 3349 religioni
736 3277 904 3350 Liparensi
938 3292 1071 3336 summa
1104 3276 1283 3349 antiquitas
1319 3277 1480 3337 vindicari

201 3378 369 3437 videbatur
399 3375 509 3435 sabula
539 3377 698 3452 populari,
729 3377 828 3436 simul
860 3379 989 3452 egregia
1020 3377 1214 3437 offerebatur
1246 3379 1375 3440 occasio
1399 3380 1479 3439 deri-

202 3478 298 3538 vandi
318 3477 460 3536 nominis
480 3477 669 3536 recentioris
689 3494 750 3551 quo
767 3478 874 3537 insula
887 3479 1097 3554 indicabatur,
1112 3479 1292 3551 antiquitus
1305 3480 1480 3554 Meligunis

201 3595 330 3654 semper
349 3579 445 3638 dicta.
467 3579 579 3638 Nonne
601 3580 687 3638 enirn
709 3579 853 3653 Pytheas
873 3581 1016 3639 narratio
1029 3581 1197 3656 perspicue
1209 3581 1346 3641 docebat
1358 3598 1481 3642 nornen

201 3682 338 3756 Liparen
361 3677 393 3738 ἐκ
416 3687 467 3737 τοῦ
492 3677 618 3755 λιπαρὸν
641 3685 811 3756 ποιηθῆναι
833 3678 884 3737 τὸν
909 3680 1032 3756 σίδηρον
1057 3696 1129 3741 esse
1154 3682 1396 3742 derivandum?
1412 3676 1444 3753 ³).

235 3887 253 3946 ¹]
269 3890 330 3950 Ipsa
345 3889 473 3950 Apollonii
491 3889 568 3935 verba
586 3889 702 3935 exscribo
719 3889 787 3947 qued
805 3893 913 3949 apparet
931 3904 959 3936 er
976 3891 1130 3947 imitatione,
1147 3891 1274 3937 Rhodium
1289 3895 1395 3950 poetam
1411 3892 1482 3951 apud

200 3973 339 4018 Homerum
354 3975 380 4016 Σ.
395 3970 444 4015 400
459 3981 509 4014 non
524 3971 610 4021 πολλά,
626 3967 672 4014 sed
687 3981 745 4013 enm
761 3969 890 4015 Zenodoto
905 3972 981 4016 πάντα
997 3970 1127 4029 probasse.
1144 3970 1217 4027 Quod
1231 3974 1318 4017 antem
1327 3971 1482 4029 Apollonius

200 4051 301 4098 dnobus
323 4049 388 4096 locis
410 4045 441 4110 (Ι.
467 4049 515 4095 050
539 4051 565 4095 at
587 4047 634 4093 III.
657 4042 701 4110 40)
723 4050 777 4093 tam
800 4061 892 4106 parum
914 4049 964 4095 sibi
987 4054 1099 4109 censam,
1117 4049 1143 4094 id
1160 4062 1265 4110 prorsus
1282 4051 1405 4097 convenit
1421 4064 1482 4098 oum

201 4131 276 4176 solita
293 4127 436 4175 eruditione
454 4129 547 4186 poetae
565 4139 690 4186 persaepe
708 4125 816 4174 dirersis
833 4127 898 4174 iocis
914 4127 1015 4175 diversa
1033 4129 1156 4176 docentis.

233 4205 253 4268 ²)
282 4208 396 4256 Platonis
425 4207 578 4264 Protagoras
607 4205 719 4252 nondum
747 4220 762 4252 e
792 4208 864 4253 casio
889 4208 995 4255 Volcani
1024 4210 1153 4255 officinam
1180 4211 1325 4254 removerat
1349 4205 1420 4269 (321.
1447 4211 1481 4257 ef.

200 4286 276 4334 Pelii.
300 4285 371 4351 airh
395 4288 508 4333 attamen
531 4286 581 4331 iam
605 4285 746 4345 Aeschylus
769 4285 801 4332 de
825 4288 906 4333 Aetna
922 4286 1002 4335 Prona.
1021 4290 1069 4336 866
1087 4296 1198 4351 κορυφαῖς
1213 4288 1236 4333 δ’
1257 4291 1281 4333 lv
1297 4289 1381 4351 ἄκραις
1400 4291 1484 4348 ἥμενος

198 4368 357 4429 μυδροκτυπεῖ
373 4365 505 4426 Ἥφαιστος
527 4360 600 4426 (oali.
625 4364 672 4410 ΙΙΙ,
691 4366 722 4410 49
741 4368 868 4419 „latebrae
885 4368 937 4429 πιρλ
954 4367 1070 4429 μύδρον”)
1090 4393 1119 4402 -
1140 4367 1172 4412 oi.
1190 4379 1294 4425 quoque
1311 4366 1387 4414 Pind.
1405 4367 1481 4430 Pyre.

198 4445 219 4491 1.
239 4445 270 4492 25
288 4448 315 4491 et
331 4444 363 4491 de
381 4442 475 4490 ceteris
492 4442 573 4501 Rapp.
592 4442 660 4502 apud
679 4443 771 4489 Rosoh.
789 4443 809 4490 I.
830 4446 902 4492 0072.

233 4520 254 4581 ³)
272 4524 310 4570 of.
329 4523 413 4570 Schol.
432 4520 464 4566 ad
482 4521 565 4580 Apoll.
583 4521 663 4567 Rhod.
682 4523 724 4569 IV.
744 4523 790 4568 761
810 4527 836 4570 at
855 4524 935 4571 sohel.
954 4524 986 4571 ad
1004 4525 1066 4572 Oall.
1089 4525 1136 4571 111.
1153 4526 1193 4571 si.

232 4602 369 4661 Oyolopes,
395 4600 459 4660 ipsis
486 4600 634 4647 nominibus
661 4602 910 4660 consanguinitatem
937 4615 995 4649 eum
1025 4603 1140 4649 fulminis
1167 4602 1216 4649 deo
1240 4602 1392 4664 prodentes,
1419 4616 1479 4650 eum
