<?xml version="1.0" encoding="UTF-8"?>
<!DOCTYPE html PUBLIC "-//W3C//DTD XHTML 1.0 Transitional//EN"
    "http://www.w3.org/TR/xhtml1/DTD/xhtml1-transitional.dtd">
<html xmlns="http://www.w3.org/1999/xhtml" xml:lang="en" lang="en">
 <head>
  <title>
</title>
<meta http-equiv="Content-Type" content="text/html;charset=utf-8" />
  <meta name='ocr-system' content='tesseract 3.04.00' />
  <meta name='ocr-capabilities' content='ocr_page ocr_carea ocr_par ocr_line ocrx_word'/>
</head>
<body>
  <div class='ocr_page' id='page_1' title='image "./studiacallimach01kuipgoog_0032.png"; bbox 0 0 3090 5294; ppageno 0'>
   <div class='ocr_carea' id='block_1_1' title="bbox 58 483 711 546">
    <p class='ocr_par' dir='ltr' id='par_1_1' title="bbox 58 483 711 546">
     <span class='ocr_line' id='line_1_1' title="bbox 58 483 711 546; baseline -0.005 -1"><span class='ocrx_word' id='word_1_1' title='bbox 58 485 82 546; x_wconf 90' lang='lat'><strong>1.</strong></span> <span class='ocrx_word' id='word_1_2' title='bbox 108 484 241 545; x_wconf 80' lang='lat'>35—39</span> <span class='ocrx_word' id='word_1_3' title='bbox 672 483 711 543; x_wconf 85' lang='lat'><strong>19</strong></span> 
     </span>
    </p>
   </div>
   <div class='ocr_carea' id='block_1_2' title="bbox 57 670 1331 1767">
    <p class='ocr_par' dir='ltr' id='par_1_2' title="bbox 57 670 1331 1767">
     <span class='ocr_line' id='line_1_2' title="bbox 57 670 1328 744; baseline 0 -12"><span class='ocrx_word' id='word_1_4' title='bbox 57 674 168 732; x_wconf 89' lang='lat' dir='ltr'><strong>minus</strong></span> <span class='ocrx_word' id='word_1_5' title='bbox 188 671 322 732; x_wconf 91' lang='lat' dir='ltr'><strong>solitum</strong></span> <span class='ocrx_word' id='word_1_6' title='bbox 342 671 485 730; x_wconf 85' lang='lat' dir='ltr'><strong>obtineat</strong></span> <span class='ocrx_word' id='word_1_7' title='bbox 501 670 617 731; x_wconf 87' lang='lat' dir='ltr'><strong>locum.</strong></span> <span class='ocrx_word' id='word_1_8' title='bbox 632 670 783 731; x_wconf 73' lang='lat' dir='ltr'><strong>(letarum</strong></span> <span class='ocrx_word' id='word_1_9' title='bbox 795 671 842 730; x_wconf 89' lang='lat' dir='ltr'><strong>ita</strong></span> <span class='ocrx_word' id='word_1_10' title='bbox 854 685 978 744; x_wconf 87' lang='lat' dir='ltr'><strong>quoque</strong></span> <span class='ocrx_word' id='word_1_11' title='bbox 991 675 1101 733; x_wconf 90' lang='lat' dir='ltr'><strong>nostro</strong></span> <span class='ocrx_word' id='word_1_12' title='bbox 1114 672 1183 733; x_wconf 89' lang='lat' dir='ltr'><strong>loco</strong></span> <span class='ocrx_word' id='word_1_13' title='bbox 1196 672 1328 733; x_wconf 84' lang='lat' dir='ltr'>Hesiodi</span> 
     </span>
     <span class='ocr_line' id='line_1_3' title="bbox 57 771 1328 848; baseline 0 -13"><span class='ocrx_word' id='word_1_14' title='bbox 57 775 97 834; x_wconf 90' lang='lat' dir='ltr'><strong>de</strong></span> <span class='ocrx_word' id='word_1_15' title='bbox 109 773 281 835; x_wconf 89' lang='lat' dir='ltr'><strong>Oceanlnis</strong></span> <span class='ocrx_word' id='word_1_16' title='bbox 293 771 582 846; x_wconf 84' lang='lat' dir='ltr'><strong>mythologumena</strong></span> <span class='ocrx_word' id='word_1_17' title='bbox 593 772 756 832; x_wconf 85' lang='lat' dir='ltr'><strong>observari</strong></span> <span class='ocrx_word' id='word_1_18' title='bbox 773 771 893 848; x_wconf 78' lang='grc' dir='ltr'><strong>(Τλοοφ.</strong></span> <span class='ocrx_word' id='word_1_19' title='bbox 905 775 979 844; x_wconf 85' lang='grc'>346)</span> <span class='ocrx_word' id='word_1_20' title='bbox 992 775 1062 835; x_wconf 88' lang='lat' dir='ltr'><strong>ideo</strong></span> <span class='ocrx_word' id='word_1_21' title='bbox 1074 775 1205 834; x_wconf 87' lang='lat' dir='ltr'><strong>tantum</strong></span> <span class='ocrx_word' id='word_1_22' title='bbox 1214 789 1328 835; x_wconf 90' lang='lat' dir='ltr'><strong>moneo</strong></span> 
     </span>
     <span class='ocr_line' id='line_1_4' title="bbox 58 873 1329 954; baseline -0.001 -17"><span class='ocrx_word' id='word_1_23' title='bbox 58 892 98 937; x_wconf 92' lang='lat' dir='ltr'><strong>ne</strong></span> <span class='ocrx_word' id='word_1_24' title='bbox 119 876 193 950; x_wconf 91' lang='lat' dir='ltr'><strong>quis</strong></span> <span class='ocrx_word' id='word_1_25' title='bbox 215 876 414 937; x_wconf 79' lang='lat' dir='ltr'><strong>assentiatur</strong></span> <span class='ocrx_word' id='word_1_26' title='bbox 434 874 636 950; x_wconf 85' lang='lat' dir='ltr'><strong>Schneidero,</strong></span> <span class='ocrx_word' id='word_1_27' title='bbox 656 875 712 947; x_wconf 87' lang='lat' dir='ltr'><strong>qui</strong></span> <span class='ocrx_word' id='word_1_28' title='bbox 726 873 872 952; x_wconf 76' lang='grc' dir='ltr'><strong><em>πρωτίστη</em></strong></span> <span class='ocrx_word' id='word_1_29' title='bbox 885 873 970 954; x_wconf 80' lang='grc' dir='ltr'><strong><em>ηενεὴ</em></strong></span> <span class='ocrx_word' id='word_1_30' title='bbox 991 876 1152 937; x_wconf 87' lang='lat' dir='ltr'><strong>coniciens</strong></span> <span class='ocrx_word' id='word_1_31' title='bbox 1167 877 1329 938; x_wconf 89' lang='lat' dir='ltr'><strong>temerita-</strong></span> 
     </span>
     <span class='ocr_line' id='line_1_5' title="bbox 57 975 1330 1053; baseline -0.001 -14"><span class='ocrx_word' id='word_1_32' title='bbox 57 981 127 1039; x_wconf 90' lang='lat' dir='ltr'><strong>tem</strong></span> <span class='ocrx_word' id='word_1_33' title='bbox 154 980 188 1039; x_wconf 92' lang='lat' dir='ltr'><strong>in</strong></span> <span class='ocrx_word' id='word_1_34' title='bbox 211 977 360 1039; x_wconf 86' lang='lat' dir='ltr'><strong>novanda</strong></span> <span class='ocrx_word' id='word_1_35' title='bbox 378 975 578 1050; x_wconf 81' lang='lat' dir='ltr'><strong>mythologia</strong></span> <span class='ocrx_word' id='word_1_36' title='bbox 597 977 738 1051; x_wconf 80' lang='lat' dir='ltr'><strong>imputat</strong></span> <span class='ocrx_word' id='word_1_37' title='bbox 755 978 869 1051; x_wconf 91' lang='lat' dir='ltr'><strong>poetae</strong></span> <span class='ocrx_word' id='word_1_38' title='bbox 887 978 1008 1053; x_wconf 88' lang='lat' dir='ltr'><strong>nostro,</strong></span> <span class='ocrx_word' id='word_1_39' title='bbox 1025 979 1076 1038; x_wconf 93' lang='lat' dir='ltr'><strong>cui</strong></span> <span class='ocrx_word' id='word_1_40' title='bbox 1089 994 1160 1039; x_wconf 91' lang='lat' dir='ltr'><strong>raro</strong></span> <span class='ocrx_word' id='word_1_41' title='bbox 1172 979 1330 1039; x_wconf 83' lang='lat' dir='ltr'><strong>obnoxius</strong></span> 
     </span>
     <span class='ocr_line' id='line_1_6' title="bbox 58 1077 1331 1156; baseline -0.002 -16"><span class='ocrx_word' id='word_1_42' title='bbox 58 1083 120 1156; x_wconf 84' lang='lat' dir='ltr'><strong>est,</strong></span> <span class='ocrx_word' id='word_1_43' title='bbox 143 1095 256 1153; x_wconf 56' lang='lat' dir='ltr'><strong>’neque</strong></span> <span class='ocrx_word' id='word_1_44' title='bbox 285 1080 318 1138; x_wconf 92' lang='lat' dir='ltr'><strong>in</strong></span> <span class='ocrx_word' id='word_1_45' title='bbox 347 1079 407 1138; x_wconf 92' lang='lat' dir='ltr'><strong>hoc</strong></span> <span class='ocrx_word' id='word_1_46' title='bbox 439 1078 561 1150; x_wconf 89' lang='lat' dir='ltr'>hymno</span> <span class='ocrx_word' id='word_1_47' title='bbox 591 1077 765 1138; x_wconf 85' lang='lat' dir='ltr'><strong>indulsisse</strong></span> <span class='ocrx_word' id='word_1_48' title='bbox 793 1078 928 1138; x_wconf 90' lang='lat' dir='ltr'><strong>videtur.</strong></span> <span class='ocrx_word' id='word_1_49' title='bbox 954 1079 986 1139; x_wconf 85' lang='lat' dir='ltr'><strong>Si</strong></span> <span class='ocrx_word' id='word_1_50' title='bbox 1010 1079 1085 1152; x_wconf 89' lang='lat' dir='ltr'><strong>quid</strong></span> <span class='ocrx_word' id='word_1_51' title='bbox 1109 1079 1211 1155; x_wconf 84' lang='lat' dir='ltr'><strong>video,</strong></span> <span class='ocrx_word' id='word_1_52' title='bbox 1237 1078 1331 1140; x_wconf 82' lang='lat' dir='ltr'><strong>Galli-</strong></span> 
     </span>
     <span class='ocr_line' id='line_1_7' title="bbox 59 1177 1331 1253; baseline 0 -12"><span class='ocrx_word' id='word_1_53' title='bbox 59 1181 197 1241; x_wconf 88' lang='lat' dir='ltr'><strong>machus</strong></span> <span class='ocrx_word' id='word_1_54' title='bbox 216 1194 291 1240; x_wconf 91' lang='lat' dir='ltr'><strong>cum</strong></span> <span class='ocrx_word' id='word_1_55' title='bbox 310 1178 427 1240; x_wconf 91' lang='lat' dir='ltr'><strong>ceteris</strong></span> <span class='ocrx_word' id='word_1_56' title='bbox 443 1177 614 1239; x_wconf 89' lang='lat' dir='ltr'><strong>Oceaninis</strong></span> <span class='ocrx_word' id='word_1_57' title='bbox 625 1182 790 1253; x_wconf 87' lang='lat' dir='ltr'><strong>praestare</strong></span> <span class='ocrx_word' id='word_1_58' title='bbox 800 1181 871 1240; x_wconf 91' lang='lat' dir='ltr'><strong>tum</strong></span> <span class='ocrx_word' id='word_1_59' title='bbox 881 1181 1000 1240; x_wconf 93' lang='lat' dir='ltr'><strong>honore</strong></span> <span class='ocrx_word' id='word_1_60' title='bbox 1012 1195 1088 1241; x_wconf 92' lang='lat' dir='ltr'><strong>cum</strong></span> <span class='ocrx_word' id='word_1_61' title='bbox 1101 1181 1195 1241; x_wconf 92' lang='lat' dir='ltr'><strong>annis</strong></span> <span class='ocrx_word' id='word_1_62' title='bbox 1206 1181 1331 1242; x_wconf 88' lang='lat' dir='ltr'><strong>Nedam</strong></span> 
     </span>
     <span class='ocr_line' id='line_1_8' title="bbox 58 1266 1330 1356; baseline 0 -13"><span class='ocrx_word' id='word_1_63' title='bbox 58 1266 404 1356; x_wconf 65' lang='lat' dir='ltr'><strong>diceret&#39;meminerat,</strong></span> <span class='ocrx_word' id='word_1_64' title='bbox 425 1281 464 1341; x_wconf 92' lang='lat' dir='ltr'><strong>ab</strong></span> <span class='ocrx_word' id='word_1_65' title='bbox 484 1281 624 1341; x_wconf 85' lang='lat' dir='ltr'><strong>Hesiodo</strong></span> <span class='ocrx_word' id='word_1_66' title='bbox 644 1281 779 1355; x_wconf 81' lang='lat' dir='ltr'>Stygem</span> <span class='ocrx_word' id='word_1_67' title='bbox 799 1297 881 1355; x_wconf 88' lang='lat' dir='ltr'><strong>quae</strong></span> <span class='ocrx_word' id='word_1_68' title='bbox 898 1282 1092 1342; x_wconf 89' lang='lat' dir='ltr'><strong>maiornatu</strong></span> <span class='ocrx_word' id='word_1_69' title='bbox 1112 1284 1201 1343; x_wconf 88' lang='lat' dir='ltr'><strong>esset</strong></span> <span class='ocrx_word' id='word_1_70' title='bbox 1214 1283 1330 1344; x_wconf 85' lang='lat' dir='ltr'><strong>ceteris</strong></span> 
     </span>
     <span class='ocr_line' id='line_1_9' title="bbox 58 1377 1328 1461; baseline 0.001 -18"><span class='ocrx_word' id='word_1_71' title='bbox 58 1384 214 1459; x_wconf 90' lang='lat' dir='ltr'><strong>nymphis</strong></span> <span class='ocrx_word' id='word_1_72' title='bbox 232 1383 400 1458; x_wconf 81' lang='lat' dir='ltr'><strong>praeponi:</strong></span> <span class='ocrx_word' id='word_1_73' title='bbox 430 1377 467 1458; x_wconf 76' lang='lat' dir='ltr'><strong>„ll</strong></span> <span class='ocrx_word' id='word_1_74' title='bbox 484 1380 523 1459; x_wconf 80' lang='grc' dir='ltr'><strong>δή</strong></span> <span class='ocrx_word' id='word_1_75' title='bbox 538 1397 638 1457; x_wconf 84' lang='grc' dir='ltr'><strong><em>σφεων</em></strong></span> <span class='ocrx_word' id='word_1_76' title='bbox 658 1382 878 1461; x_wconf 77' lang='grc' dir='ltr'><strong><em>προφερεστάτη</em></strong></span> <span class='ocrx_word' id='word_1_77' title='bbox 899 1379 975 1442; x_wconf 77' lang='grc' dir='ltr'><strong><em>ἐστὶν</em></strong></span> <span class='ocrx_word' id='word_1_78' title='bbox 996 1377 1155 1442; x_wconf 78' lang='grc' dir='ltr'><strong><em>ἁπασέον”</em></strong></span> <span class='ocrx_word' id='word_1_79' title='bbox 1169 1388 1228 1454; x_wconf 86' lang='lat' dir='ltr'><strong>(vs.</strong></span> <span class='ocrx_word' id='word_1_80' title='bbox 1242 1386 1328 1461; x_wconf 85' lang='grc'>361),</span> 
     </span>
     <span class='ocr_line' id='line_1_10' title="bbox 58 1481 1329 1563; baseline 0.001 -18"><span class='ocrx_word' id='word_1_81' title='bbox 58 1499 161 1558; x_wconf 88' lang='lat' dir='ltr'><strong>eaque</strong></span> <span class='ocrx_word' id='word_1_82' title='bbox 173 1484 236 1544; x_wconf 86' lang='lat' dir='ltr'><strong>luit</strong></span> <span class='ocrx_word' id='word_1_83' title='bbox 248 1499 346 1545; x_wconf 87' lang='lat' dir='ltr'><strong>cauea</strong></span> <span class='ocrx_word' id='word_1_84' title='bbox 358 1483 388 1543; x_wconf 93' lang='lat' dir='ltr'><strong>ei</strong></span> <span class='ocrx_word' id='word_1_85' title='bbox 407 1484 445 1543; x_wconf 92' lang='lat' dir='ltr'><strong>ut</strong></span> <span class='ocrx_word' id='word_1_86' title='bbox 456 1482 597 1544; x_wconf 89' lang='lat' dir='ltr'><strong>adiceret</strong></span> <span class='ocrx_word' id='word_1_87' title='bbox 619 1481 709 1560; x_wconf 80' lang='grc' dir='ltr'><strong><em>,μετὰ</em></strong></span> <span class='ocrx_word' id='word_1_88' title='bbox 721 1483 823 1563; x_wconf 80' lang='grc' dir='ltr'><strong><em>Στύγα</em></strong></span> <span class='ocrx_word' id='word_1_89' title='bbox 835 1505 864 1543; x_wconf 88' lang='grc' dir='ltr'><strong>τε</strong></span> <span class='ocrx_word' id='word_1_90' title='bbox 879 1483 1013 1562; x_wconf 82' lang='grc' dir='ltr'><strong><em>Φιλύρην</em></strong></span> <span class='ocrx_word' id='word_1_91' title='bbox 1025 1485 1085 1543; x_wconf 86' lang='grc' dir='ltr'><strong><em>τε”.</em></strong></span> <span class='ocrx_word' id='word_1_92' title='bbox 1100 1518 1140 1528; x_wconf 96' lang='grc'>-</span> <span class='ocrx_word' id='word_1_93' title='bbox 1154 1484 1264 1546; x_wconf 89' lang='lat' dir='ltr'><strong>Obiter</strong></span> <span class='ocrx_word' id='word_1_94' title='bbox 1277 1501 1329 1546; x_wconf 92' lang='lat' dir='ltr'><strong>no·</strong></span> 
     </span>
     <span class='ocr_line' id='line_1_11' title="bbox 57 1583 1331 1665; baseline 0.002 -17"><span class='ocrx_word' id='word_1_95' title='bbox 57 1587 197 1648; x_wconf 91' lang='lat' dir='ltr'><strong>tandum</strong></span> <span class='ocrx_word' id='word_1_96' title='bbox 209 1588 260 1646; x_wconf 89' lang='lat' dir='ltr'><strong>est</strong></span> <span class='ocrx_word' id='word_1_97' title='bbox 279 1583 580 1644; x_wconf 81' lang='grc' dir='ltr'><strong><em>ποιδεύσασθαι</em></strong></span> <span class='ocrx_word' id='word_1_98' title='bbox 599 1586 683 1659; x_wconf 88' lang='lat' dir='ltr'><strong>quod</strong></span> <span class='ocrx_word' id='word_1_99' title='bbox 695 1585 964 1660; x_wconf 80' lang='lat' dir='ltr'><strong>significationem</strong></span> <span class='ocrx_word' id='word_1_100' title='bbox 976 1593 1029 1646; x_wconf 77' lang='grc' dir='ltr'><strong><em>τοῦ</em></strong></span> <span class='ocrx_word' id='word_1_101' title='bbox 1042 1583 1218 1665; x_wconf 78' lang='grc' dir='ltr'><strong><em>θρέψασθαι</em></strong></span> <span class='ocrx_word' id='word_1_102' title='bbox 1232 1589 1331 1649; x_wconf 88' lang='lat' dir='ltr'><strong>habet</strong></span> 
     </span>
     <span class='ocr_line' id='line_1_12' title="bbox 57 1686 1329 1767; baseline 0 -17"><span class='ocrx_word' id='word_1_103' title='bbox 57 1704 162 1762; x_wconf 89' lang='lat' dir='ltr'><strong>aeque</strong></span> <span class='ocrx_word' id='word_1_104' title='bbox 174 1688 269 1762; x_wconf 82' lang='lat' dir='ltr'><strong>longe</strong></span> <span class='ocrx_word' id='word_1_105' title='bbox 281 1686 321 1746; x_wconf 90' lang='lat' dir='ltr'><strong>ab</strong></span> <span class='ocrx_word' id='word_1_106' title='bbox 333 1687 467 1759; x_wconf 87' lang='lat' dir='ltr'><strong>antiqua</strong></span> <span class='ocrx_word' id='word_1_107' title='bbox 480 1686 570 1761; x_wconf 86' lang='lat' dir='ltr'><strong>spica</strong></span> <span class='ocrx_word' id='word_1_108' title='bbox 581 1687 718 1749; x_wconf 84' lang='lat' dir='ltr'><strong>dictione</strong></span> <span class='ocrx_word' id='word_1_109' title='bbox 730 1689 844 1749; x_wconf 87' lang='lat' dir='ltr'><strong>abesse</strong></span> <span class='ocrx_word' id='word_1_110' title='bbox 856 1703 895 1749; x_wconf 88' lang='lat' dir='ltr'><strong>ac</strong></span> <span class='ocrx_word' id='word_1_111' title='bbox 906 1702 1044 1762; x_wconf 88' lang='lat' dir='ltr'><strong>sequens</strong></span> <span class='ocrx_word' id='word_1_112' title='bbox 1055 1690 1084 1767; x_wconf 79' lang='lat' dir='ltr'><strong>&#39;p</strong></span> <span class='ocrx_word' id='word_1_113' title='bbox 1092 1713 1111 1748; x_wconf 92' lang='grc' dir='ltr'><strong><em>α</em></strong></span> <span class='ocrx_word' id='word_1_114' title='bbox 1120 1711 1130 1747; x_wconf 89' lang='grc' dir='ltr'><strong><em>ι</em></strong></span> <span class='ocrx_word' id='word_1_115' title='bbox 1138 1688 1161 1749; x_wconf 83' lang='grc' dir='ltr'><strong><em>ά</em></strong></span> <span class='ocrx_word' id='word_1_116' title='bbox 1170 1705 1214 1748; x_wconf 90' lang='grc' dir='ltr'><strong>σα</strong></span> <span class='ocrx_word' id='word_1_117' title='bbox 1223 1705 1241 1748; x_wconf 90' lang='grc' dir='ltr'><strong><em>σ</em></strong></span> <span class='ocrx_word' id='word_1_118' title='bbox 1249 1693 1273 1749; x_wconf 84' lang='grc' dir='ltr'><strong><em>θ</em></strong></span> <span class='ocrx_word' id='word_1_119' title='bbox 1281 1713 1300 1748; x_wconf 91' lang='grc' dir='ltr'><strong><em>α</em></strong></span> <span class='ocrx_word' id='word_1_120' title='bbox 1309 1712 1329 1751; x_wconf 92' lang='grc' dir='ltr'><strong>ι.</strong></span> 
     </span>
    </p>
   </div>
   <div class='ocr_carea' id='block_1_3' title="bbox 56 1858 1335 4364">
    <p class='ocr_par' dir='ltr' id='par_1_3' title="bbox 111 1858 1186 2350">
     <span class='ocr_line' id='line_1_13' title="bbox 111 1858 1077 1946; baseline 0 -21"><span class='ocrx_word' id='word_1_121' title='bbox 111 1866 168 1927; x_wconf 79' lang='lat' dir='ltr'><strong>VS.</strong></span> <span class='ocrx_word' id='word_1_122' title='bbox 193 1867 246 1927; x_wconf 82' lang='lat'><strong>87.</strong></span> <span class='ocrx_word' id='word_1_123' title='bbox 292 1858 358 1926; x_wconf 76' lang='grc' dir='ltr'><strong>οὐδ’</strong></span> <span class='ocrx_word' id='word_1_124' title='bbox 386 1860 473 1942; x_wconf 83' lang='grc' dir='ltr'><strong><em>άλίην</em></strong></span> <span class='ocrx_word' id='word_1_125' title='bbox 496 1860 612 1924; x_wconf 76' lang='grc' dir='ltr'><strong><em>ἀπέτισε</em></strong></span> <span class='ocrx_word' id='word_1_126' title='bbox 634 1862 692 1942; x_wconf 76' lang='grc' dir='ltr'><strong><em>θεὴ</em></strong></span> <span class='ocrx_word' id='word_1_127' title='bbox 715 1864 811 1944; x_wconf 73' lang='grc' dir='ltr'><strong><em>χάριν,</em></strong></span> <span class='ocrx_word' id='word_1_128' title='bbox 833 1862 907 1925; x_wconf 75' lang='lat' dir='ltr'><strong>alid</strong></span> <span class='ocrx_word' id='word_1_129' title='bbox 929 1863 962 1926; x_wconf 84' lang='grc' dir='ltr'><strong><em>τὸ</em></strong></span> <span class='ocrx_word' id='word_1_130' title='bbox 985 1874 1077 1946; x_wconf 79' lang='grc' dir='ltr'><strong><em>χεῦμα</em></strong></span> 
     </span>
     <span class='ocr_line' id='line_1_14' title="bbox 293 1960 1186 2044; baseline 0.003 -19"><span class='ocrx_word' id='word_1_131' title='bbox 293 1970 373 2026; x_wconf 80' lang='grc' dir='ltr'><strong><em>κεῖνο</em></strong></span> <span class='ocrx_word' id='word_1_132' title='bbox 396 1962 501 2043; x_wconf 76' lang='grc' dir='ltr'><strong><em>Νλάην</em></strong></span> <span class='ocrx_word' id='word_1_133' title='bbox 524 1960 661 2044; x_wconf 83' lang='grc' dir='ltr'><strong><em>ὀνόμηνε.</em></strong></span> <span class='ocrx_word' id='word_1_134' title='bbox 683 1963 716 2026; x_wconf 85' lang='grc' dir='ltr'><strong><em>τὸ</em></strong></span> <span class='ocrx_word' id='word_1_135' title='bbox 739 1962 793 2044; x_wconf 76' lang='grc' dir='ltr'><strong><em>μὲν</em></strong></span> <span class='ocrx_word' id='word_1_136' title='bbox 815 1965 884 2027; x_wconf 82' lang='grc' dir='ltr'><em>τόθι</em></span> <span class='ocrx_word' id='word_1_137' title='bbox 906 1966 1004 2028; x_wconf 84' lang='grc' dir='ltr'><strong><em>πουλὺ</em></strong></span> <span class='ocrx_word' id='word_1_138' title='bbox 1027 1961 1086 2027; x_wconf 79' lang='grc' dir='ltr'><strong><em>κατ’</em></strong></span> <span class='ocrx_word' id='word_1_139' title='bbox 1112 1965 1186 2028; x_wconf 80' lang='grc' dir='ltr'><strong><em>αὐτὸ</em></strong></span> 
     </span>
     <span class='ocr_line' id='line_1_15' title="bbox 294 2062 1094 2148; baseline 0.003 -22"><span class='ocrx_word' id='word_1_140' title='bbox 294 2065 469 2127; x_wconf 82' lang='grc' dir='ltr'><strong><em>Καυκάνων</em></strong></span> <span class='ocrx_word' id='word_1_141' title='bbox 491 2066 678 2146; x_wconf 78' lang='grc' dir='ltr'><strong><em>πτολίεθρον,</em></strong></span> <span class='ocrx_word' id='word_1_142' title='bbox 700 2062 716 2127; x_wconf 83' lang='grc' dir='ltr'><strong><em>ό</em></strong></span> <span class='ocrx_word' id='word_1_143' title='bbox 740 2065 888 2148; x_wconf 80' lang='grc' dir='ltr'><strong><em>Λέπρειον</em></strong></span> <span class='ocrx_word' id='word_1_144' title='bbox 910 2068 1094 2147; x_wconf 78' lang='grc' dir='ltr'><strong><em>πεφάτισται,</em></strong></span> 
     </span>
     <span class='ocr_line' id='line_1_16' title="bbox 196 2165 1061 2250; baseline 0.003 -22"><span class='ocrx_word' id='word_1_145' title='bbox 196 2169 239 2228; x_wconf 84' lang='grc'><strong>40</strong></span> <span class='ocrx_word' id='word_1_146' title='bbox 296 2165 475 2247; x_wconf 76' lang='grc' dir='ltr'><strong><em>συμφέρεται</em></strong></span> <span class='ocrx_word' id='word_1_147' title='bbox 497 2169 609 2247; x_wconf 81' lang='grc' dir='ltr'><strong><em>Νηρῆι,</em></strong></span> <span class='ocrx_word' id='word_1_148' title='bbox 630 2168 827 2230; x_wconf 80' lang='grc' dir='ltr'><strong><em>παλαιότατον</em></strong></span> <span class='ocrx_word' id='word_1_149' title='bbox 849 2167 883 2230; x_wconf 81' lang='grc' dir='ltr'><strong>δέ</strong></span> <span class='ocrx_word' id='word_1_150' title='bbox 904 2192 956 2248; x_wconf 90' lang='grc' dir='ltr'><strong>μιν</strong></span> <span class='ocrx_word' id='word_1_151' title='bbox 978 2169 1061 2250; x_wconf 75' lang='grc' dir='ltr'><strong><em>ὕδωρ</em></strong></span> 
     </span>
     <span class='ocr_line' id='line_1_17' title="bbox 205 2267 887 2350; baseline 0 -20"><span class='ocrx_word' id='word_1_152' title='bbox 205 2300 208 2305; x_wconf 52' lang='grc'>’</span> <span class='ocrx_word' id='word_1_153' title='bbox 291 2268 397 2330; x_wconf 72' lang='grc' dir='ltr'><strong><em>υἱωνοὶ</em></strong></span> <span class='ocrx_word' id='word_1_154' title='bbox 419 2269 540 2332; x_wconf 83' lang='grc' dir='ltr'><strong><em>πίνουσι</em></strong></span> <span class='ocrx_word' id='word_1_155' title='bbox 563 2269 738 2349; x_wconf 81' lang='grc' dir='ltr'><strong><em>Λνκσιονίης</em></strong></span> <span class='ocrx_word' id='word_1_156' title='bbox 761 2267 887 2350; x_wconf 84' lang='grc' dir='ltr'><strong><em>άρκτοιο.</em></strong></span> 
     </span>
    </p>

    <p class='ocr_par' dir='ltr' id='par_1_4' title="bbox 56 2368 1335 4364">
     <span class='ocr_line' id='line_1_18' title="bbox 106 2368 1329 2448; baseline 0.003 -15"><span class='ocrx_word' id='word_1_157' title='bbox 106 2373 141 2433; x_wconf 85' lang='lat' dir='ltr'><strong>Si</strong></span> <span class='ocrx_word' id='word_1_158' title='bbox 160 2371 256 2432; x_wconf 90' lang='lat' dir='ltr'><strong>modo</strong></span> <span class='ocrx_word' id='word_1_159' title='bbox 276 2368 385 2443; x_wconf 84' lang='grc' dir='ltr'><strong><em>άλιος</em></strong></span> <span class='ocrx_word' id='word_1_160' title='bbox 405 2372 528 2441; x_wconf 83' lang='lat' dir='ltr'><strong>(eodem</strong></span> <span class='ocrx_word' id='word_1_161' title='bbox 542 2387 656 2432; x_wconf 88' lang='lat' dir='ltr'><strong>versus</strong></span> <span class='ocrx_word' id='word_1_162' title='bbox 669 2372 738 2434; x_wconf 93' lang='lat' dir='ltr'><strong>loco</strong></span> <span class='ocrx_word' id='word_1_163' title='bbox 749 2374 892 2448; x_wconf 91' lang='lat' dir='ltr'><strong>positum</strong></span> <span class='ocrx_word' id='word_1_164' title='bbox 913 2376 1017 2447; x_wconf 76' lang='lat' dir='ltr'><strong>quod.</strong></span> <span class='ocrx_word' id='word_1_165' title='bbox 1033 2376 1106 2446; x_wconf 81' lang='grc'>715)</span> <span class='ocrx_word' id='word_1_166' title='bbox 1126 2379 1159 2436; x_wconf 90' lang='lat' dir='ltr'><strong>et</strong></span> <span class='ocrx_word' id='word_1_167' title='bbox 1171 2377 1329 2437; x_wconf 86' lang='lat' dir='ltr'><strong>acrisium</strong></span> 
     </span>
     <span class='ocr_line' id='line_1_19' title="bbox 58 2472 1331 2549; baseline 0.004 -15"><span class='ocrx_word' id='word_1_168' title='bbox 58 2472 224 2535; x_wconf 79' lang='grc' dir='ltr'><strong><em>ἀπέτισε</em></strong></span> <span class='ocrx_word' id='word_1_169' title='bbox 256 2474 431 2549; x_wconf 82' lang='lat' dir='ltr'><strong>exceperis,</strong></span> <span class='ocrx_word' id='word_1_170' title='bbox 465 2473 557 2548; x_wconf 88' lang='lat' dir='ltr'><strong>plura</strong></span> <span class='ocrx_word' id='word_1_171' title='bbox 588 2475 621 2534; x_wconf 92' lang='lat' dir='ltr'><strong>in</strong></span> <span class='ocrx_word' id='word_1_172' title='bbox 651 2475 703 2535; x_wconf 92' lang='lat' dir='ltr'><strong>his</strong></span> <span class='ocrx_word' id='word_1_173' title='bbox 727 2476 873 2535; x_wconf 90' lang='lat' dir='ltr'><strong>versibus</strong></span> <span class='ocrx_word' id='word_1_174' title='bbox 896 2476 1007 2535; x_wconf 90' lang='lat' dir='ltr'><strong>insunt</strong></span> <span class='ocrx_word' id='word_1_175' title='bbox 1028 2490 1111 2548; x_wconf 89' lang='lat' dir='ltr'><strong>quae</strong></span> <span class='ocrx_word' id='word_1_176' title='bbox 1134 2478 1174 2537; x_wconf 93' lang='lat' dir='ltr'><strong>ab</strong></span> <span class='ocrx_word' id='word_1_177' title='bbox 1198 2478 1331 2539; x_wconf 89' lang='lat' dir='ltr'><strong>Homeri</strong></span> 
     </span>
     <span class='ocr_line' id='line_1_20' title="bbox 57 2574 1331 2655; baseline 0.002 -17"><span class='ocrx_word' id='word_1_178' title='bbox 57 2576 186 2638; x_wconf 90' lang='lat' dir='ltr'><strong>dicendi</strong></span> <span class='ocrx_word' id='word_1_179' title='bbox 206 2575 330 2636; x_wconf 89' lang='lat' dir='ltr'><strong>ratione</strong></span> <span class='ocrx_word' id='word_1_180' title='bbox 349 2574 504 2635; x_wconf 85' lang='lat' dir='ltr'><strong>recedunt</strong></span> <span class='ocrx_word' id='word_1_181' title='bbox 525 2589 623 2647; x_wconf 88' lang='lat' dir='ltr'><strong>quarn</strong></span> <span class='ocrx_word' id='word_1_182' title='bbox 647 2590 729 2648; x_wconf 89' lang='lat' dir='ltr'><strong>quae</strong></span> <span class='ocrx_word' id='word_1_183' title='bbox 749 2577 954 2637; x_wconf 85' lang='lat' dir='ltr'><strong>conveniunt.</strong></span> <span class='ocrx_word' id='word_1_184' title='bbox 974 2576 1020 2637; x_wconf 92' lang='lat' dir='ltr'><strong>De</strong></span> <span class='ocrx_word' id='word_1_185' title='bbox 1040 2577 1144 2638; x_wconf 85' lang='lat' dir='ltr'><strong>forma</strong></span> <span class='ocrx_word' id='word_1_186' title='bbox 1166 2578 1240 2655; x_wconf 82' lang='grc' dir='ltr'><strong><em>θεη</em></strong></span> <span class='ocrx_word' id='word_1_187' title='bbox 1264 2580 1331 2640; x_wconf 89' lang='lat' dir='ltr'><strong>iam</strong></span> 
     </span>
     <span class='ocr_line' id='line_1_21' title="bbox 57 2673 1333 2754; baseline 0 -14"><span class='ocrx_word' id='word_1_188' title='bbox 57 2677 214 2740; x_wconf 87' lang='lat' dir='ltr'><strong>disseruit</strong></span> <span class='ocrx_word' id='word_1_189' title='bbox 234 2677 424 2751; x_wconf 78' lang='lat' dir='ltr'><strong>Schneider3</strong></span> <span class='ocrx_word' id='word_1_190' title='bbox 444 2673 554 2754; x_wconf 82' lang='grc' dir='ltr'><strong><em>χάρις</em></strong></span> <span class='ocrx_word' id='word_1_191' title='bbox 573 2674 807 2749; x_wconf 84' lang='lat' dir='ltr'><strong>significatione</strong></span> <span class='ocrx_word' id='word_1_192' title='bbox 827 2677 866 2736; x_wconf 92' lang='lat' dir='ltr'><strong>ab</strong></span> <span class='ocrx_word' id='word_1_193' title='bbox 885 2676 1018 2737; x_wconf 89' lang='lat' dir='ltr'><strong>Homeri</strong></span> <span class='ocrx_word' id='word_1_194' title='bbox 1038 2677 1144 2739; x_wconf 89' lang='lat' dir='ltr'><strong>aliena</strong></span> <span class='ocrx_word' id='word_1_195' title='bbox 1163 2680 1333 2741; x_wconf 83' lang='lat' dir='ltr'><strong>adhibetur</strong></span> 
     </span>
     <span class='ocr_line' id='line_1_22' title="bbox 57 2772 1331 2855; baseline -0.001 -13"><span class='ocrx_word' id='word_1_196' title='bbox 57 2781 111 2850; x_wconf 85' lang='lat' dir='ltr'><strong>(ci.</strong></span> <span class='ocrx_word' id='word_1_197' title='bbox 135 2778 190 2840; x_wconf 84' lang='lat' dir='ltr'><strong>IV.</strong></span> <span class='ocrx_word' id='word_1_198' title='bbox 213 2779 296 2850; x_wconf 84' lang='lat'>152).</span> <span class='ocrx_word' id='word_1_199' title='bbox 316 2772 505 2854; x_wconf 84' lang='grc' dir='ltr'><strong><em>Ὀνόμηνε</em></strong></span> <span class='ocrx_word' id='word_1_200' title='bbox 524 2778 618 2853; x_wconf 87' lang='lat' dir='ltr'><strong>quod,</strong></span> <span class='ocrx_word' id='word_1_201' title='bbox 638 2778 666 2837; x_wconf 90' lang='lat' dir='ltr'><strong>si</strong></span> <span class='ocrx_word' id='word_1_202' title='bbox 686 2778 826 2838; x_wconf 84' lang='lat' dir='ltr'><strong>formam</strong></span> <span class='ocrx_word' id='word_1_203' title='bbox 846 2779 935 2839; x_wconf 84' lang='lat' dir='ltr'><strong>verbi</strong></span> <span class='ocrx_word' id='word_1_204' title='bbox 955 2782 1093 2855; x_wconf 86' lang='lat' dir='ltr'><strong>spectas,</strong></span> <span class='ocrx_word' id='word_1_205' title='bbox 1115 2781 1236 2855; x_wconf 89' lang='lat' dir='ltr'><strong>optime</strong></span> <span class='ocrx_word' id='word_1_206' title='bbox 1256 2797 1331 2843; x_wconf 92' lang='lat' dir='ltr'><strong>cum</strong></span> 
     </span>
     <span class='ocr_line' id='line_1_23' title="bbox 56 2878 1332 2958; baseline 0.002 -16"><span class='ocrx_word' id='word_1_207' title='bbox 56 2897 122 2942; x_wconf 88' lang='lat' dir='ltr'><strong>usu</strong></span> <span class='ocrx_word' id='word_1_208' title='bbox 142 2880 276 2941; x_wconf 90' lang='lat' dir='ltr'><strong>Homeri</strong></span> <span class='ocrx_word' id='word_1_209' title='bbox 295 2880 452 2954; x_wconf 80' lang='lat' dir='ltr'><strong>congruit,</strong></span> <span class='ocrx_word' id='word_1_210' title='bbox 464 2893 564 2939; x_wconf 91' lang='lat' dir='ltr'><strong>sensu</strong></span> <span class='ocrx_word' id='word_1_211' title='bbox 576 2878 762 2940; x_wconf 89' lang='lat' dir='ltr'><strong>nominandi</strong></span> <span class='ocrx_word' id='word_1_212' title='bbox 775 2894 936 2953; x_wconf 87' lang='lat' dir='ltr'><strong>nusquam</strong></span> <span class='ocrx_word' id='word_1_213' title='bbox 949 2880 989 2940; x_wconf 91' lang='lat' dir='ltr'><strong>ab</strong></span> <span class='ocrx_word' id='word_1_214' title='bbox 1002 2881 1143 2942; x_wconf 89' lang='lat' dir='ltr'><strong>Homero</strong></span> <span class='ocrx_word' id='word_1_215' title='bbox 1157 2886 1332 2958; x_wconf 88' lang='lat' dir='ltr'><strong>usurpatur</strong></span> 
     </span>
     <span class='ocr_line' id='line_1_24' title="bbox 57 2978 1330 3057; baseline 0.002 -15"><span class='ocrx_word' id='word_1_216' title='bbox 57 2982 115 3057; x_wconf 92' lang='lat' dir='ltr'><strong>qui</strong></span> <span class='ocrx_word' id='word_1_217' title='bbox 140 2978 255 3040; x_wconf 77' lang='grc' dir='ltr'><strong><em>καλέειν</em></strong></span> <span class='ocrx_word' id='word_1_218' title='bbox 281 2982 358 3042; x_wconf 90' lang='lat' dir='ltr'><strong>dicit</strong></span> <span class='ocrx_word' id='word_1_219' title='bbox 384 2983 421 3040; x_wconf 92' lang='lat' dir='ltr'><strong>ut</strong></span> <span class='ocrx_word' id='word_1_220' title='bbox 448 2982 559 3041; x_wconf 90' lang='lat' dir='ltr'><strong>noster</strong></span> <span class='ocrx_word' id='word_1_221' title='bbox 577 2980 602 3040; x_wconf 92' lang='grc' dir='ltr'><strong>Ι.</strong></span> <span class='ocrx_word' id='word_1_222' title='bbox 624 2982 684 3054; x_wconf 82' lang='grc'><strong>45;</strong></span> <span class='ocrx_word' id='word_1_223' title='bbox 712 2995 797 3041; x_wconf 92' lang='lat' dir='ltr'><strong>nunc</strong></span> <span class='ocrx_word' id='word_1_224' title='bbox 820 2983 931 3042; x_wconf 91' lang='lat' dir='ltr'><strong>autem</strong></span> <span class='ocrx_word' id='word_1_225' title='bbox 952 2981 1113 3044; x_wconf 90' lang='lat' dir='ltr'><strong>Hesiodus</strong></span> <span class='ocrx_word' id='word_1_226' title='bbox 1134 2983 1330 3046; x_wconf 84' lang='lat' dir='ltr'><strong>callimacho</strong></span> 
     </span>
     <span class='ocr_line' id='line_1_25' title="bbox 58 3076 1330 3164; baseline 0.002 -19"><span class='ocrx_word' id='word_1_227' title='bbox 58 3083 249 3158; x_wconf 81' lang='lat' dir='ltr'><strong>exemplum</strong></span> <span class='ocrx_word' id='word_1_228' title='bbox 264 3082 411 3158; x_wconf 78' lang='lat' dir='ltr'><strong>praebuit</strong></span> <span class='ocrx_word' id='word_1_229' title='bbox 434 3080 509 3157; x_wconf 82' lang='lat' dir='ltr'><strong>Opp.</strong></span> <span class='ocrx_word' id='word_1_230' title='bbox 522 3082 566 3142; x_wconf 91' lang='lat'><strong>80</strong></span> <span class='ocrx_word' id='word_1_231' title='bbox 588 3076 736 3159; x_wconf 82' lang='grc' dir='ltr'><strong><em>,ὀνόμηνε</em></strong></span> <span class='ocrx_word' id='word_1_232' title='bbox 755 3078 788 3141; x_wconf 77' lang='grc' dir='ltr'><strong>δὲ</strong></span> <span class='ocrx_word' id='word_1_233' title='bbox 806 3082 894 3159; x_wconf 84' lang='grc' dir='ltr'><strong><em>τήνδε</em></strong></span> <span class='ocrx_word' id='word_1_234' title='bbox 914 3087 1041 3162; x_wconf 80' lang='grc' dir='ltr'><strong><em>γυναῖκα</em></strong></span> <span class='ocrx_word' id='word_1_235' title='bbox 1062 3081 1068 3162; x_wconf 87' lang='grc' dir='ltr'>Ι</span> <span class='ocrx_word' id='word_1_236' title='bbox 1088 3084 1282 3164; x_wconf 83' lang='grc' dir='ltr'><strong><em>Πανάώρην”</em></strong></span> <span class='ocrx_word' id='word_1_237' title='bbox 1300 3080 1330 3157; x_wconf 89' lang='grc'><strong>1).</strong></span> 
     </span>
     <span class='ocr_line' id='line_1_26' title="bbox 57 3183 1333 3262; baseline 0.001 -16"><span class='ocrx_word' id='word_1_238' title='bbox 57 3186 201 3259; x_wconf 80' lang='lat' dir='ltr'><strong>Longius</strong></span> <span class='ocrx_word' id='word_1_239' title='bbox 224 3184 386 3245; x_wconf 84' lang='lat' dir='ltr'><strong>aberravit</strong></span> <span class='ocrx_word' id='word_1_240' title='bbox 407 3185 502 3258; x_wconf 90' lang='lat' dir='ltr'><strong>poeta</strong></span> <span class='ocrx_word' id='word_1_241' title='bbox 522 3198 598 3243; x_wconf 92' lang='lat' dir='ltr'><strong>curn</strong></span> <span class='ocrx_word' id='word_1_242' title='bbox 619 3183 739 3244; x_wconf 90' lang='lat' dir='ltr'><strong>iterum</strong></span> <span class='ocrx_word' id='word_1_243' title='bbox 762 3185 950 3245; x_wconf 88' lang='lat' dir='ltr'><strong>nominandi</strong></span> <span class='ocrx_word' id='word_1_244' title='bbox 974 3186 1071 3246; x_wconf 86' lang='lat' dir='ltr'><strong>verbo</strong></span> <span class='ocrx_word' id='word_1_245' title='bbox 1092 3187 1122 3247; x_wconf 91' lang='lat' dir='ltr'><strong>ei</strong></span> <span class='ocrx_word' id='word_1_246' title='bbox 1143 3202 1224 3262; x_wconf 89' lang='lat' dir='ltr'><strong>opus</strong></span> <span class='ocrx_word' id='word_1_247' title='bbox 1244 3190 1333 3249; x_wconf 89' lang='lat' dir='ltr'><strong>esset</strong></span> 
     </span>
     <span class='ocr_line' id='line_1_27' title="bbox 58 3281 1331 3365; baseline 0.002 -18"><span class='ocrx_word' id='word_1_248' title='bbox 58 3289 94 3348; x_wconf 92' lang='lat' dir='ltr'><strong>in</strong></span> <span class='ocrx_word' id='word_1_249' title='bbox 122 3287 238 3347; x_wconf 91' lang='lat' dir='ltr'><strong>iisdem</strong></span> <span class='ocrx_word' id='word_1_250' title='bbox 264 3286 412 3346; x_wconf 85' lang='lat' dir='ltr'><strong>versibus</strong></span> <span class='ocrx_word' id='word_1_251' title='bbox 439 3285 548 3358; x_wconf 82' lang='lat' dir='ltr'><strong>agenti</strong></span> <span class='ocrx_word' id='word_1_252' title='bbox 568 3286 607 3345; x_wconf 96' lang='lat' dir='ltr'><strong>de</strong></span> <span class='ocrx_word' id='word_1_253' title='bbox 627 3300 666 3346; x_wconf 89' lang='lat' dir='ltr'><strong>ea</strong></span> <span class='ocrx_word' id='word_1_254' title='bbox 684 3285 763 3346; x_wconf 91' lang='lat' dir='ltr'><strong>urbe</strong></span> <span class='ocrx_word' id='word_1_255' title='bbox 790 3281 825 3361; x_wconf 77' lang='lat' dir='ltr'><strong>,t</strong></span> <span class='ocrx_word' id='word_1_256' title='bbox 849 3282 1049 3364; x_wconf 77' lang='grc' dir='ltr'><strong><em>Λέπρειον</em></strong></span> <span class='ocrx_word' id='word_1_257' title='bbox 1068 3288 1331 3365; x_wconf 84' lang='grc' dir='ltr'><strong><em>πεφάτισται”</em></strong></span> 
     </span>
     <span class='ocr_line' id='line_1_28' title="bbox 59 3383 1332 3466; baseline 0.002 -16"><span class='ocrx_word' id='word_1_258' title='bbox 59 3389 128 3460; x_wconf 91' lang='lat' dir='ltr'><strong>(ubi</strong></span> <span class='ocrx_word' id='word_1_259' title='bbox 159 3388 261 3449; x_wconf 88' lang='lat' dir='ltr'><strong>obiter</strong></span> <span class='ocrx_word' id='word_1_260' title='bbox 291 3401 407 3447; x_wconf 91' lang='lat' dir='ltr'><strong>moneo</strong></span> <span class='ocrx_word' id='word_1_261' title='bbox 437 3400 513 3446; x_wconf 91' lang='lat' dir='ltr'><strong>eum</strong></span> <span class='ocrx_word' id='word_1_262' title='bbox 543 3386 683 3447; x_wconf 83' lang='lat' dir='ltr'><strong>formam</strong></span> <span class='ocrx_word' id='word_1_263' title='bbox 718 3383 867 3465; x_wconf 81' lang='grc' dir='ltr'><strong><em>Λέπρειοο</em></strong></span> <span class='ocrx_word' id='word_1_264' title='bbox 898 3388 1091 3462; x_wconf 87' lang='lat' dir='ltr'><strong>praetulisse</strong></span> <span class='ocrx_word' id='word_1_265' title='bbox 1122 3392 1158 3450; x_wconf 90' lang='lat' dir='ltr'><strong>ut</strong></span> <span class='ocrx_word' id='word_1_266' title='bbox 1189 3393 1332 3466; x_wconf 85' lang='lat' dir='ltr'><strong>apertius</strong></span> 
     </span>
     <span class='ocr_line' id='line_1_29' title="bbox 59 3485 1331 3566; baseline 0 -14"><span class='ocrx_word' id='word_1_267' title='bbox 59 3489 236 3552; x_wconf 87' lang='lat' dir='ltr'><strong>conditoris</strong></span> <span class='ocrx_word' id='word_1_268' title='bbox 255 3502 374 3549; x_wconf 92' lang='lat' dir='ltr'><strong>nomen</strong></span> <span class='ocrx_word' id='word_1_269' title='bbox 394 3485 553 3566; x_wconf 86' lang='grc' dir='ltr'><strong><em>Λεπρεύς</em></strong></span> <span class='ocrx_word' id='word_1_270' title='bbox 573 3487 757 3563; x_wconf 87' lang='lat' dir='ltr'><strong>indicaret);</strong></span> <span class='ocrx_word' id='word_1_271' title='bbox 779 3503 856 3548; x_wconf 91' lang='lat' dir='ltr'><strong>nam</strong></span> <span class='ocrx_word' id='word_1_272' title='bbox 876 3486 1034 3564; x_wconf 78' lang='grc' dir='ltr'><strong><em>φατίζοματ</em></strong></span> <span class='ocrx_word' id='word_1_273' title='bbox 1056 3491 1245 3551; x_wconf 91' lang='lat' dir='ltr'><strong>nominandi</strong></span> <span class='ocrx_word' id='word_1_274' title='bbox 1264 3493 1331 3553; x_wconf 84' lang='lat' dir='ltr'><strong>vim</strong></span> 
     </span>
     <span class='ocr_line' id='line_1_30' title="bbox 59 3574 1333 3666; baseline 0.002 -15"><span class='ocrx_word' id='word_1_275' title='bbox 59 3591 147 3666; x_wconf 91' lang='lat' dir='ltr'><strong>apud</strong></span> <span class='ocrx_word' id='word_1_276' title='bbox 162 3589 289 3651; x_wconf 90' lang='lat' dir='ltr'><strong>nullum</strong></span> <span class='ocrx_word' id='word_1_277' title='bbox 309 3587 525 3661; x_wconf 87' lang='lat' dir='ltr'><strong>antiquiorem</strong></span> <span class='ocrx_word' id='word_1_278' title='bbox 545 3589 735 3663; x_wconf 84' lang='lat' dir='ltr'><strong>scriptorem</strong></span> <span class='ocrx_word' id='word_1_279' title='bbox 752 3589 884 3663; x_wconf 89' lang='lat' dir='ltr'><strong>obtinet,</strong></span> <span class='ocrx_word' id='word_1_280' title='bbox 905 3574 1106 3651; x_wconf 82' lang='lat' dir='ltr'><strong>Parmenidis</strong></span> <span class='ocrx_word' id='word_1_281' title='bbox 1118 3593 1205 3652; x_wconf 91' lang='lat' dir='ltr'><strong>enim</strong></span> <span class='ocrx_word' id='word_1_282' title='bbox 1218 3608 1333 3654; x_wconf 88' lang='lat' dir='ltr'><strong>versus</strong></span> 
     </span>
     <span class='ocr_line' id='line_1_31' title="bbox 62 3689 1333 3770; baseline 0.002 -15"><span class='ocrx_word' id='word_1_283' title='bbox 62 3695 106 3755; x_wconf 78' lang='lat'><strong>94</strong></span> <span class='ocrx_word' id='word_1_284' title='bbox 121 3693 248 3762; x_wconf 74' lang='lat' dir='ltr'><strong>(daret.)</strong></span> <span class='ocrx_word' id='word_1_285' title='bbox 268 3689 386 3749; x_wconf 90' lang='lat' dir='ltr'><strong>iniuria</strong></span> <span class='ocrx_word' id='word_1_286' title='bbox 405 3690 468 3749; x_wconf 90' lang='lat' dir='ltr'><strong>huc</strong></span> <span class='ocrx_word' id='word_1_287' title='bbox 484 3689 633 3764; x_wconf 85' lang='lat' dir='ltr'><strong>trahitur,</strong></span> <span class='ocrx_word' id='word_1_288' title='bbox 653 3705 757 3762; x_wconf 85' lang='lat' dir='ltr'><strong>neque</strong></span> <span class='ocrx_word' id='word_1_289' title='bbox 776 3691 883 3764; x_wconf 89' lang='lat' dir='ltr'><strong>ipsum</strong></span> <span class='ocrx_word' id='word_1_290' title='bbox 904 3706 1020 3753; x_wconf 92' lang='lat' dir='ltr'><strong>nornen</strong></span> <span class='ocrx_word' id='word_1_291' title='bbox 1042 3693 1128 3769; x_wconf 85' lang='grc' dir='ltr'><strong><em>φάτις</em></strong></span> <span class='ocrx_word' id='word_1_292' title='bbox 1147 3696 1181 3755; x_wconf 90' lang='lat' dir='ltr'><strong>in</strong></span> <span class='ocrx_word' id='word_1_293' title='bbox 1200 3698 1333 3770; x_wconf 87' lang='lat' dir='ltr'><strong>antiqua</strong></span> 
     </span>
     <span class='ocr_line' id='line_1_32' title="bbox 60 3784 1333 3875; baseline 0.002 -20"><span class='ocrx_word' id='word_1_294' title='bbox 60 3795 154 3869; x_wconf 80' lang='lat' dir='ltr'><strong>epira</strong></span> <span class='ocrx_word' id='word_1_295' title='bbox 176 3792 313 3853; x_wconf 90' lang='lat' dir='ltr'><strong>dialecto</strong></span> <span class='ocrx_word' id='word_1_296' title='bbox 336 3790 437 3851; x_wconf 87' lang='lat' dir='ltr'><strong>talem</strong></span> <span class='ocrx_word' id='word_1_297' title='bbox 461 3804 596 3850; x_wconf 91' lang='lat' dir='ltr'><strong>sensum</strong></span> <span class='ocrx_word' id='word_1_298' title='bbox 619 3791 752 3865; x_wconf 85' lang='lat' dir='ltr'><strong>praebet</strong></span> <span class='ocrx_word' id='word_1_299' title='bbox 776 3784 808 3861; x_wconf 80' lang='lat'><strong>²).</strong></span> <span class='ocrx_word' id='word_1_300' title='bbox 832 3791 877 3852; x_wconf 92' lang='lat' dir='ltr'><strong>De</strong></span> <span class='ocrx_word' id='word_1_301' title='bbox 900 3794 1033 3867; x_wconf 85' lang='lat' dir='ltr'><strong>tragicis</strong></span> <span class='ocrx_word' id='word_1_302' title='bbox 1059 3795 1197 3856; x_wconf 90' lang='lat' dir='ltr'><strong>dubitari</strong></span> <span class='ocrx_word' id='word_1_303' title='bbox 1216 3800 1333 3875; x_wconf 89' lang='lat' dir='ltr'><strong>potest,</strong></span> 
     </span>
     <span class='ocr_line' id='line_1_33' title="bbox 60 3892 1334 3982; baseline 0.001 -24"><span class='ocrx_word' id='word_1_304' title='bbox 60 3900 96 3959; x_wconf 89' lang='lat' dir='ltr'><strong>et</strong></span> <span class='ocrx_word' id='word_1_305' title='bbox 123 3895 261 3955; x_wconf 83' lang='lat' dir='ltr'><strong>fortasse</strong></span> <span class='ocrx_word' id='word_1_306' title='bbox 290 3893 323 3953; x_wconf 92' lang='lat' dir='ltr'><strong>in</strong></span> <span class='ocrx_word' id='word_1_307' title='bbox 350 3892 409 3953; x_wconf 88' lang='lat' dir='ltr'><strong>tali</strong></span> <span class='ocrx_word' id='word_1_308' title='bbox 440 3907 547 3968; x_wconf 84' lang='lat' dir='ltr'><strong>versu,</strong></span> <span class='ocrx_word' id='word_1_309' title='bbox 580 3892 687 3966; x_wconf 87' lang='lat' dir='ltr'><strong>qualis</strong></span> <span class='ocrx_word' id='word_1_310' title='bbox 713 3895 765 3953; x_wconf 93' lang='lat' dir='ltr'><strong>est</strong></span> <span class='ocrx_word' id='word_1_311' title='bbox 794 3893 947 3968; x_wconf 78' lang='lat' dir='ltr'><strong>Aeschyli</strong></span> <span class='ocrx_word' id='word_1_312' title='bbox 973 3896 1011 3957; x_wconf 85' lang='lat' dir='ltr'><strong>ir.</strong></span> <span class='ocrx_word' id='word_1_313' title='bbox 1046 3897 1134 3957; x_wconf 80' lang='lat' dir='ltr'><strong>Aeta.</strong></span> <span class='ocrx_word' id='word_1_314' title='bbox 1159 3901 1196 3958; x_wconf 81' lang='lat'><strong>5:</strong></span> <span class='ocrx_word' id='word_1_315' title='bbox 1225 3892 1262 3982; x_wconf 72' lang='grc' dir='ltr'><strong>,η</strong></span> <span class='ocrx_word' id='word_1_316' title='bbox 1284 3897 1334 3958; x_wconf 75' lang='grc' dir='ltr'><strong><em>οιαὶ</em></strong></span> 
     </span>
     <span class='ocr_line' id='line_1_34' title="bbox 60 3989 1332 4074; baseline 0.005 -19"><span class='ocrx_word' id='word_1_317' title='bbox 60 3994 205 4056; x_wconf 69' lang='lat' dir='ltr'><strong>nauseo</strong></span> <span class='ocrx_word' id='word_1_318' title='bbox 228 3992 355 4073; x_wconf 74' lang='grc' dir='ltr'><strong><em>εὐλόγως</em></strong></span> <span class='ocrx_word' id='word_1_319' title='bbox 379 3989 459 4069; x_wconf 74' lang='grc' dir='ltr'><strong><em>μένει</em></strong></span> <span class='ocrx_word' id='word_1_320' title='bbox 481 3992 589 4068; x_wconf 89' lang='grc' dir='ltr'><strong><em>φάτις”</em></strong></span> <span class='ocrx_word' id='word_1_321' title='bbox 618 3993 705 4053; x_wconf 86' lang='lat' dir='ltr'><strong>idem</strong></span> <span class='ocrx_word' id='word_1_322' title='bbox 729 3993 837 4055; x_wconf 82' lang='lat' dir='ltr'><strong>valere</strong></span> <span class='ocrx_word' id='word_1_323' title='bbox 859 3993 946 4070; x_wconf 83' lang='grc' dir='ltr'><strong><em>φάτις</em></strong></span> <span class='ocrx_word' id='word_1_324' title='bbox 969 3997 1052 4070; x_wconf 87' lang='lat' dir='ltr'><strong>quod</strong></span> <span class='ocrx_word' id='word_1_325' title='bbox 1076 3993 1171 4074; x_wconf 82' lang='grc' dir='ltr'><strong><em>ὄνομα</em></strong></span> <span class='ocrx_word' id='word_1_326' title='bbox 1194 3999 1332 4061; x_wconf 79' lang='lat' dir='ltr'><strong>Alexan·</strong></span> 
     </span>
     <span class='ocr_line' id='line_1_35' title="bbox 60 4095 1333 4178; baseline 0.002 -19"><span class='ocrx_word' id='word_1_327' title='bbox 60 4099 164 4161; x_wconf 82' lang='lat' dir='ltr'><strong>drinio</strong></span> <span class='ocrx_word' id='word_1_328' title='bbox 184 4097 361 4157; x_wconf 86' lang='lat' dir='ltr'><strong>videbatur.</strong></span> <span class='ocrx_word' id='word_1_329' title='bbox 374 4096 411 4156; x_wconf 88' lang='lat' dir='ltr'><strong>ld</strong></span> <span class='ocrx_word' id='word_1_330' title='bbox 422 4095 552 4168; x_wconf 87' lang='lat' dir='ltr'><strong>quidem</strong></span> <span class='ocrx_word' id='word_1_331' title='bbox 565 4097 703 4171; x_wconf 84' lang='lat' dir='ltr'><strong>constat,</strong></span> <span class='ocrx_word' id='word_1_332' title='bbox 716 4111 791 4155; x_wconf 88' lang='lat' dir='ltr'><strong>curn</strong></span> <span class='ocrx_word' id='word_1_333' title='bbox 807 4097 910 4157; x_wconf 91' lang='lat' dir='ltr'><strong>semel</strong></span> <span class='ocrx_word' id='word_1_334' title='bbox 923 4098 1093 4171; x_wconf 88' lang='lat' dir='ltr'><strong>praeiisset</strong></span> <span class='ocrx_word' id='word_1_335' title='bbox 1106 4098 1333 4178; x_wconf 84' lang='lat' dir='ltr'><strong>callimachus,</strong></span> 
     </span>
     <span class='ocr_line' id='line_1_36' title="bbox 60 4197 1335 4274; baseline 0.001 -12"><span class='ocrx_word' id='word_1_336' title='bbox 60 4201 201 4262; x_wconf 88' lang='lat' dir='ltr'><strong>libenter</strong></span> <span class='ocrx_word' id='word_1_337' title='bbox 228 4201 359 4259; x_wconf 85' lang='lat' dir='ltr'><strong>secutos</strong></span> <span class='ocrx_word' id='word_1_338' title='bbox 386 4211 459 4257; x_wconf 91' lang='lat' dir='ltr'><strong>esse</strong></span> <span class='ocrx_word' id='word_1_339' title='bbox 491 4198 616 4257; x_wconf 86' lang='lat' dir='ltr'><strong>ceteros</strong></span> <span class='ocrx_word' id='word_1_340' title='bbox 648 4197 718 4257; x_wconf 89' lang='lat' dir='ltr'><strong>eius</strong></span> <span class='ocrx_word' id='word_1_341' title='bbox 745 4198 864 4257; x_wconf 87' lang='lat' dir='ltr'><strong>aetatis</strong></span> <span class='ocrx_word' id='word_1_342' title='bbox 886 4201 1015 4271; x_wconf 89' lang='lat' dir='ltr'><strong>poetas:</strong></span> <span class='ocrx_word' id='word_1_343' title='bbox 1041 4199 1080 4260; x_wconf 86' lang='lat' dir='ltr'><strong>of.</strong></span> <span class='ocrx_word' id='word_1_344' title='bbox 1105 4200 1208 4274; x_wconf 85' lang='lat' dir='ltr'><strong>Apoll.</strong></span> <span class='ocrx_word' id='word_1_345' title='bbox 1234 4202 1335 4264; x_wconf 88' lang='lat' dir='ltr'><strong>Rhod.</strong></span> 
     </span>
     <span class='ocr_line' id='line_1_37' title="bbox 60 4297 951 4364; baseline -0.004 0"><span class='ocrx_word' id='word_1_346' title='bbox 60 4304 86 4364; x_wconf 94' lang='grc' dir='ltr'><strong>Ι.</strong></span> <span class='ocrx_word' id='word_1_347' title='bbox 114 4302 200 4362; x_wconf 84' lang='grc'>1019</span> <span class='ocrx_word' id='word_1_348' title='bbox 224 4302 258 4360; x_wconf 90' lang='lat' dir='ltr'><strong>et</strong></span> <span class='ocrx_word' id='word_1_349' title='bbox 279 4297 333 4359; x_wconf 88' lang='lat' dir='ltr'><strong>IV.</strong></span> <span class='ocrx_word' id='word_1_350' title='bbox 358 4297 433 4359; x_wconf 82' lang='lat'><strong>658.</strong></span> <span class='ocrx_word' id='word_1_351' title='bbox 458 4300 491 4359; x_wconf 94' lang='lat' dir='ltr'><strong>et</strong></span> <span class='ocrx_word' id='word_1_352' title='bbox 513 4298 636 4359; x_wconf 89' lang='lat' dir='ltr'><strong>Nicand</strong></span> <span class='ocrx_word' id='word_1_353' title='bbox 660 4298 698 4358; x_wconf 82' lang='lat' dir='ltr'><strong>tr.</strong></span> <span class='ocrx_word' id='word_1_354' title='bbox 723 4299 766 4359; x_wconf 88' lang='grc' dir='ltr'><strong>ΙΙ.</strong></span> <span class='ocrx_word' id='word_1_355' title='bbox 791 4299 834 4358; x_wconf 86' lang='grc'><strong>30</strong></span> <span class='ocrx_word' id='word_1_356' title='bbox 857 4298 951 4360; x_wconf 85' lang='lat' dir='ltr'><strong>Sohn.</strong></span> 
     </span>
    </p>
   </div>
   <div class='ocr_carea' id='block_1_4' title="bbox 61 4495 1339 4717">
    <p class='ocr_par' dir='ltr' id='par_1_5' title="bbox 61 4495 1339 4717">
     <span class='ocr_line' id='line_1_38' title="bbox 96 4495 1339 4560; baseline 0.003 -14"><span class='ocrx_word' id='word_1_357' title='bbox 96 4495 116 4560; x_wconf 90' lang='lat'><strong>¹)</strong></span> <span class='ocrx_word' id='word_1_358' title='bbox 140 4498 249 4557; x_wconf 76' lang='lat' dir='ltr'><strong>Saepius</strong></span> <span class='ocrx_word' id='word_1_359' title='bbox 273 4499 382 4556; x_wconf 68' lang='grc' dir='ltr'><strong><em>ὀνομῆναι</em></strong></span> <span class='ocrx_word' id='word_1_360' title='bbox 401 4496 471 4558; x_wconf 80' lang='lat' dir='ltr'><strong>epnd</strong></span> <span class='ocrx_word' id='word_1_361' title='bbox 496 4496 660 4557; x_wconf 78' lang='lat' dir='ltr'><strong>Apollonium</strong></span> <span class='ocrx_word' id='word_1_362' title='bbox 683 4496 811 4544; x_wconf 80' lang='lat' dir='ltr'><strong>Rhodium</strong></span> <span class='ocrx_word' id='word_1_363' title='bbox 833 4496 924 4544; x_wconf 90' lang='lat' dir='ltr'><strong>eodem</strong></span> <span class='ocrx_word' id='word_1_364' title='bbox 947 4511 1037 4558; x_wconf 64' lang='lat' dir='ltr'><strong>senem</strong></span> <span class='ocrx_word' id='word_1_365' title='bbox 1062 4499 1085 4546; x_wconf 86' lang='lat' dir='ltr'><strong>ls</strong></span> <span class='ocrx_word' id='word_1_366' title='bbox 1107 4503 1194 4548; x_wconf 80' lang='lat' dir='ltr'><strong>antam</strong></span> <span class='ocrx_word' id='word_1_367' title='bbox 1218 4502 1244 4548; x_wconf 91' lang='lat' dir='ltr'><strong>ni</strong></span> <span class='ocrx_word' id='word_1_368' title='bbox 1264 4503 1339 4551; x_wconf 80' lang='lat' dir='ltr'><strong>fallor</strong></span> 
     </span>
     <span class='ocr_line' id='line_1_39' title="bbox 61 4573 383 4636; baseline -0.016 -11"><span class='ocrx_word' id='word_1_369' title='bbox 61 4579 184 4636; x_wconf 69' lang='grc' dir='ltr'><strong><em>ὀνομάζειν</em></strong></span> <span class='ocrx_word' id='word_1_370' title='bbox 201 4588 252 4623; x_wconf 86' lang='lat' dir='ltr'><strong>non</strong></span> <span class='ocrx_word' id='word_1_371' title='bbox 270 4573 383 4621; x_wconf 69' lang='lat' dir='ltr'><strong>adhibet.</strong></span> 
     </span>
     <span class='ocr_line' id='line_1_40' title="bbox 94 4654 1150 4717; baseline 0.001 -14"><span class='ocrx_word' id='word_1_372' title='bbox 94 4654 115 4716; x_wconf 63' lang='grc' dir='ltr'><strong>ἲ)</strong></span> <span class='ocrx_word' id='word_1_373' title='bbox 132 4655 228 4704; x_wconf 87' lang='lat' dir='ltr'><strong>Herod.</strong></span> <span class='ocrx_word' id='word_1_374' title='bbox 243 4654 272 4702; x_wconf 85' lang='lat' dir='ltr'><strong>V.</strong></span> <span class='ocrx_word' id='word_1_375' title='bbox 291 4654 322 4700; x_wconf 84' lang='lat'><strong>58</strong></span> <span class='ocrx_word' id='word_1_376' title='bbox 343 4654 483 4713; x_wconf 76' lang='lat' dir='ltr'><strong>Schweigh.</strong></span> <span class='ocrx_word' id='word_1_377' title='bbox 502 4655 594 4701; x_wconf 85' lang='lat' dir='ltr'><strong>iniuria</strong></span> <span class='ocrx_word' id='word_1_378' title='bbox 612 4657 725 4717; x_wconf 77' lang='grc' dir='ltr'><strong><em>λφάτισον</em></strong></span> <span class='ocrx_word' id='word_1_379' title='bbox 742 4654 927 4714; x_wconf 82' lang='lat' dir='ltr'><strong>interpretatur</strong></span> <span class='ocrx_word' id='word_1_380' title='bbox 945 4657 1150 4712; x_wconf 83' lang='lat' dir='ltr'><strong>„nominarunt&#39;’.</strong></span> 
     </span>
    </p>
   </div>
   <div class='ocr_carea' id='block_1_5' title="bbox 0 0 1557 5294">
    <p class='ocr_par' dir='ltr' id='par_1_6' title="bbox 0 0 1557 5294">
     <span class='ocr_line' id='line_1_41' title="bbox 0 0 1557 5294; baseline 0 0"><span class='ocrx_word' id='word_1_381' title='bbox 0 0 1557 5294; x_wconf 95' lang='lat' dir='ltr'><strong> </strong></span> 
     </span>
    </p>
   </div>
  </div>
 </body>
</html>
