3068 5294
819 443 880 502 152
1118 433 1120 437 ¹
1229 443 1282 503 IV.
1310 443 1473 504 169-174

503 628 605 710 πρόσω
629 625 661 689 δὲ
683 628 770 708 βάντι
792 627 926 707 ποταμὸν
943 619 1028 702 Ἦλις
1051 625 1071 708 ἡ
1096 627 1168 701 Διὸς

503 731 606 811 γείτων
629 731 768 809 κάθηται.

259 834 379 896 Vocem
420 832 594 912 περάτην
627 835 666 895 de
704 848 768 907 qua
810 835 938 909 propter
972 845 1006 908 ψ.
1044 834 1108 894 243
1143 848 1262 906 magua
1295 837 1366 895 erat
1403 835 1479 895 inter

215 936 446 1010 grammaticos
469 935 706 996 Alexandrinos
729 935 899 1010 dissensio,
923 950 942 995 n
964 936 1075 995 nostro
1104 950 1152 996 vs.
1180 937 1243 996 170
1263 952 1319 1010 pro
1339 937 1480 998 ordume

214 1038 299 1112 poni,
313 1037 408 1098 aliter
416 1039 526 1098 autem
537 1038 703 1098 censuisse
714 1039 850 1097 Aratum
861 1036 988 1107 (Phoco.
999 1039 1074 1108 499)
1084 1040 1117 1097 et
1125 1037 1332 1112 Apollonium
1342 1039 1378 1109 (Ι.
1391 1039 1479 1107 1281)

214 1140 282 1200 iam
304 1139 412 1200 docuit
434 1138 608 1200 Merkelius
631 1137 757 1214 (proten.
783 1139 823 1198 ad
848 1138 951 1213 Apoll.
976 1138 1077 1198 Rhod.
1102 1153 1173 1212 pag.
1199 1138 1301 1209 CXL).
1318 1173 1357 1183 —
1380 1140 1480 1215 Longe

215 1241 326 1300 autem
349 1240 512 1300 aberravit
535 1243 630 1315 poeta
653 1241 686 1300 in
707 1240 852 1300 eiusdem
873 1255 987 1299 versus
1008 1240 1109 1315 exitu,
1129 1241 1184 1313 qui
1205 1257 1279 1301 cum
1299 1242 1482 1316 praeceden-

216 1342 304 1401 tibus
324 1341 410 1402 male
430 1342 596 1402 cohaeret:
621 1356 696 1402 nam
722 1356 889 1416 perperam
913 1342 1050 1417 putavit,
1074 1342 1114 1401 ad
1134 1357 1284 1403 normam
1306 1343 1483 1404 homericae

216 1435 387 1504 locutionis
414 1442 535 1520 „diripe
558 1440 664 1514 εἰδῶς’
685 1445 741 1503 aut
769 1441 882 1520 ,μήδεα
906 1441 1012 1513 εἰδῶς’
1038 1457 1140 1516 aequo
1164 1445 1233 1505 iure
1252 1444 1314 1504 dici
1335 1460 1429 1518 posse
1452 1441 1484 1520 „i

216 1539 244 1605 θ’
283 1543 432 1604 εἴσεται
461 1541 562 1622 ἤθεα
593 1542 773 1623 πατρός”,
806 1545 839 1604 iu
869 1559 932 1617 qua
956 1558 990 1605 re
1018 1545 1150 1619 insuper
1179 1560 1216 1606 eo
1235 1546 1384 1620 peccavit
1406 1546 1485 1619 quod

217 1647 461 1707 substantivum
480 1641 559 1723 ἤθεα
580 1660 618 1706 eo
637 1644 768 1707 adhibet
787 1660 886 1706 sensu
905 1660 968 1719 quo
988 1660 1167 1719 numquam
1189 1646 1228 1706 ab
1249 1645 1392 1708 Homero
1405 1648 1485 1708 adhi-

217 1748 322 1808 bitum
346 1747 461 1808 iuerat.

262 1921 318 1983 Vs.
346 1924 417 1983 171.
445 1920 516 1998 „ael
535 1920 574 1981 νύ
597 1941 668 1981 ποτε
692 1920 780 1994 ξυνός
804 1943 845 1993 τις
870 1918 1014 1981 ἐλεύσεται
1042 1917 1136 1999 ἄμμιν
1158 1917 1267 1994 ἄεθλος

440 2022 573 2101 ὕστερον,
596 2016 697 2083 ὁππότ’
723 2019 761 2081 ἂν
784 2023 814 2083 οἳ
836 2018 889 2101 μὲν
913 2017 957 2100 ἐφ’
979 2017 1151 2100 Ἑλλήνεσσι
1173 2023 1322 2102 μάχαιραν

441 2121 627 2202 βαρβαρικὴν
650 2121 701 2184 ναί
728 2122 836 2184 Κελεὸν
859 2121 1077 2201 ἀναστήσαντες
1093 2121 1188 2204 ’Ἀρηα

440 2220 579 2304 ὀψίγονοι
605 2228 724 2304 Τιτῆνες
749 2220 799 2302 ἀφ’
825 2222 951 2303 ἕσπέρον
978 2222 1173 2304 ἔσχατόωντος

343 2329 405 2388 175
440 2326 591 2406 ῥώσωνται
613 2326 790 2404 νιφάδεσσιν
814 2325 939 2399 ἐοικότες
961 2324 982 2406 ἢ
1005 2326 1175 2407 ίσοίριθμοι·

440 2427 573 2507 τείρεσιν,
595 2424 685 2506 ἡνίκα
707 2433 826 2489 πλεῖστα
845 2422 905 2488 κατ’
932 2425 1004 2507 ἠέρα
1032 2426 1251 2508 βουκολέονται,

441 2531 573 2610 φρούρια
595 2529 646 2591 ναὶ
673 2577 679 2590 .
702 2578 708 2590 .
732 2539 755 2590 .’
763 2576 1268 2593 .................

442 2631 492 2693 καί
515 2634 603 2694 πεδία
626 2636 755 2715 Κρισαῖα
778 2632 828 2694 καλ
851 2631 968 2715 ἤπειροι
985 2680 1269 2695 ..........

444 2732 768 2814 ἀμφιπεριστείνωνται,
790 2735 875 2795 ἴδωσι
899 2731 931 2796 δὲ
954 2735 1046 2796 πίονα
1068 2734 1185 2796 καπνὸν

347 2838 408 2897 180
442 2838 571 2916 γείτονος
594 2834 780 2914 αἰθομένοιο,
802 2835 852 2897 καὶ
876 2834 974 2898 οὐκέτι
997 2845 1112 2915 μοῦνον
1135 2834 1252 2921 ἀκουῇ”

264 3037 309 3098 Ut
337 3038 429 3115 solet,
461 3055 536 3099 curn
559 3056 661 3101 novas
685 3056 737 3101 res
761 3041 799 3101 de
827 3057 885 3101 suo
910 3042 1052 3118 exponit,
1076 3041 1191 3102 multis
1213 3056 1270 3116 per
1292 3042 1352 3101 hos
1378 3054 1488 3100 versus

220 3139 260 3198 ab
281 3141 414 3212 antiqua
432 3142 522 3215 epica
533 3143 672 3204 dictione
684 3143 817 3204 decedit.
840 3143 1003 3204 Deforme
1019 3136 1253 3220 Ἑλλήνεσσι
1273 3141 1410 3203 conferri
1422 3155 1487 3217 pos·

220 3243 297 3299 sunt
320 3256 403 3313 quae
425 3243 511 3303 dicta
534 3245 666 3305 suntad
690 3245 746 3306 ΙΙΙ.
773 3246 793 3304 4
818 3249 898 3320 (pag.
924 3247 987 3316 47).
1011 3244 1242 3319 Neglegentius
1260 3244 1374 3305 eodem
1395 3258 1487 3303 versu

220 3358 262 3402 ex
281 3357 342 3401 usu
362 3345 547 3417 aequalium
568 3347 711 3420 gladium
733 3346 898 3407 Gallorum
922 3345 1120 3424 μάχαιραν
1143 3347 1235 3423 dixit,
1259 3346 1344 3419 quod
1357 3343 1486 3406 vocabu·

221 3442 290 3502 lum
310 3458 372 3503 non
383 3445 526 3520 clodium
543 3462 657 3507 verum
669 3447 805 3507 codrum
818 3448 901 3522 apud
914 3446 1093 3508 Homerum
1106 3448 1246 3509 indicare
1258 3447 1371 3521 postea
1382 3445 1489 3507 docuit

219 3544 436 3607 Aristarchus.
460 3547 569 3621 Neque
593 3564 737 3621 unquam
763 3544 1005 3626 „decorarat
1021 3546 1160 3628 Ἄρηα
1182 3550 1308 3610 dixerat
1327 3546 1489 3608 Homerus

220 3645 270 3704 cui
294 3645 438 3708 solemne
458 3651 557 3710 estin
577 3650 635 3710 tali
655 3665 689 3711 re
715 3645 923 3728 ,ὀτρύνειν
946 3645 1018 3722 ὀξὺν
1030 3647 1156 3730 ’Ἀρηα”
1179 3651 1241 3712 Sed
1260 3650 1341 3710 haec
1356 3648 1487 3709 leviora.

220 3744 357 3807 Gravius
386 3750 544 3823 estquod
568 3751 696 3812 vocavit
719 3751 828 3812 Gallos
846 3750 920 3812 illos
946 3746 1190 3831 „dctyo'vovg
1215 3750 1420 3828 Τιτῆνας”,
1443 3750 1488 3809 ita

219 3848 306 3907 enirn
331 3850 437 3910 verbis
460 3852 632 3913 homericis
659 3852 779 3912 indicat
803 3868 858 3913 eos
882 3867 962 3926 quos
985 3868 1088 3926 neque
1117 3853 1280 3914 Homerus
1299 3866 1404 3924 neque
1428 3849 1486 3910 He·

219 3949 329 4010 sindus
364 3967 505 4026 unquam
540 3952 662 4013 thanen
693 3953 828 4014 dixerat.
863 3954 944 4013 Nam
970 3954 1042 4027 quis
1066 3956 1164 4028 negat
1188 3954 1344 4029 Gigantes
1375 3953 1488 4026 poetae

219 4049 407 4112 obversatos
448 4055 544 4114 esse?
585 4054 692 4127 Atque
731 4054 763 4114 id
794 4069 872 4115 sane
902 4069 967 4114 non
1006 4055 1142 4116 absurde
1176 4055 1262 4131 iecit,
1298 4055 1336 4114 ut
1368 4053 1487 4114 alteros

219 4152 373 4225 Gigantes
399 4156 598 4229 nuncuparet
624 4172 680 4217 eos
704 4156 856 4217 barbaros
880 4156 934 4229 qui
965 4156 1109 4230 Delphici
1138 4156 1297 4231 Apollinis
1327 4156 1488 4230 templum

219 4256 313 4315 erant
342 4259 535 4334 aggressuri,
567 4258 650 4331 quod
677 4258 837 4332 templum
860 4257 931 4332 ipsa
954 4260 1067 4333 poetae
1091 4260 1199 4319 aetate
1224 4257 1325 4319 etiam
1348 4256 1489 4331 metopis

219 4356 288 4415 suis
311 4356 486 4418 celebraret
509 4360 678 4420 victoriam
706 4348 769 4434 qua
792 4360 870 4420 olim
895 4361 1017 4434 priores
1036 4359 1084 4420 illi
1107 4360 1262 4433 Gigantes
1286 4360 1399 4420 essent
1423 4374 1489 4434 pro·

218 4457 330 4530 fligati.
355 4458 545 4521 Meminerat
567 4461 708 4535 profecto
732 4461 959 4537 Callimachus,
991 4462 1121 4535 quantis
1141 4461 1291 4522 laudibus
1314 4460 1491 4522 extulisset

219 4573 258 4620 ea
285 4561 414 4634 metopo
440 4561 605 4634 Euripides
628 4561 661 4622 in
685 4563 771 4639 Ione,
792 4564 824 4623 et
848 4562 986 4623 cundem
1005 4565 1135 4637 poetam
1155 4563 1319 4635 exquisita
1346 4563 1489 4635 quadam
