3104 5286
677 418 736 478 111

63 607 152 680 cari,
188 605 347 665 Iunonem
382 621 491 666 aerem
526 621 598 666 esse
629 605 712 680 apud
744 604 866 664 multos
897 605 1076 666 constabat.
1111 606 1339 682 Empedoclem

62 707 166 768 modo
198 707 396 783 audivimus,
429 707 598 768 Platonem
629 706 663 767 in
696 705 819 782 Orotplo
842 708 928 767 seria
950 722 1024 768 cum
1047 708 1121 768 lusu
1145 710 1339 770 miscentem

62 823 252 869 memorare
275 807 397 869 sufficit
416 813 456 884 (p.
481 809 557 868 404.
579 808 626 878 G):
655 806 745 884 ,ἴσοις
768 804 801 867 δὲ
823 812 1046 887 μετεωρολογῶν
1066 805 1082 868 ὁ
1101 808 1268 887 νομοθέτης
1287 810 1339 871 τὸν

63 907 143 988 ἀέρα
163 906 264 988 Ἥραν
290 906 443 987 ὠνόμασεν
466 908 731 988 ἐπικρυπτόμενος,
752 908 819 982 θελς
841 907 896 985 τὴν
920 907 1013 988 ἀρχὴν
1036 908 1084 970 ἐπὶ
1106 911 1274 989 astruariff¹
1299 913 1339 974 Et

64 1013 162 1073 Plato
197 1013 226 1072 si
260 1012 321 1072 hoc
351 1012 421 1073 loco
451 1012 577 1072 iocatus
606 1012 664 1087 sit,
697 1027 776 1071 sane
807 1011 1008 1072 Xenocrates
1038 1014 1123 1073 seria
1154 1014 1263 1075 docuit
1284 1016 1339 1089 qui

66 1114 119 1183 (n.
153 1115 171 1174 7
204 1113 290 1174 Mdll.
322 1114 386 1174 vol.
418 1114 475 1174 ΙΙΙ.
507 1117 580 1183 116)
612 1113 739 1174 monuit
770 1114 927 1187 quasdam
957 1115 992 1173 tn
1023 1131 1094 1174 aere
1123 1120 1257 1176 noturus
1279 1133 1339 1178 esse

65 1231 150 1289 quae
163 1231 223 1291 per
246 1216 391 1276 elementa
404 1219 563 1291 penetrent
582 1211 773 1285 (ἔνδιοικοῢσι
795 1218 856 1285 τοῖς
878 1212 990 1287 ὐλικοῖς
1010 1214 1172 1294 στοιχείοις)
1193 1221 1283 1291 alque
1303 1234 1340 1277 ex

64 1318 107 1377 κἰὀ
129 1332 320 1392 ηαρτμαν
342 1333 439 1377 aera
462 1317 618 1378 transit
640 1333 701 1378 esse
720 1316 905 1376 Iunoncm’&
923 1315 981 1377 Oui
994 1322 1228 1380 consenserunt
1240 1321 1340 1381 Stoici

66 1419 311 1495 interpretando
335 1414 493 1478 Iunonem
517 1425 593 1479 aera
616 1418 727 1479 Iovem
753 1419 879 1478 caelum
902 1433 983 1479 esse.
1010 1419 1090 1493 Quid
1110 1420 1233 1494 igitur?
1257 1422 1340 1482 Sane

66 1522 229 1581 Iunonem
260 1521 300 1582 ad
331 1521 530 1581 elementum
562 1521 646 1581 aeris
673 1523 860 1580 revocatam
884 1535 956 1581 esse
979 1536 998 1580 a
1021 1519 1219 1582 Callimacho
1243 1537 1339 1582 nemo

68 1623 259 1698 contendat,
295 1637 411 1682 verum
448 1637 554 1681 nonne
585 1621 754 1696 paululum
788 1637 874 1681 nunc
908 1622 1047 1682 accessit
1081 1623 1120 1682 ad
1155 1622 1340 1697 aequalium

67 1723 379 1798 interpretationes?
410 1723 522 1798 Ipsum
554 1723 680 1782 caelum
706 1721 837 1797 Olympi
868 1723 999 1782 nomine
1027 1722 1168 1785 indicare
1199 1725 1340 1785 iamdiu

67 1825 217 1886 solemne
247 1825 353 1885 fuerat
372 1824 493 1899 poetis;
514 1826 547 1884 et
566 1823 709 1898 proiecto
733 1823 909 1898 Olympum
933 1839 953 1883 a
977 1823 1065 1884 caelo
1089 1827 1148 1884 vix
1170 1825 1341 1900 distinguit

68 1926 261 2001 Apollonius
284 1926 325 1985 iis
348 1926 509 2001 versibus,
532 1925 647 2006 quibus
667 1928 805 1985 venuste
825 1926 1088 1999 Argonautarum
1108 1926 1337 2001 profectionem

68 2028 242 2102 descripsit
265 2027 353 2103 (Ανρ.
378 2028 402 2087 Ι.
428 2028 528 2098 648);

292 2128 399 2201 πάντες
423 2123 449 2187 δ’
477 2126 707 2207 οὐρανόθεν
729 2131 854 2188 λεῦσσον
877 2127 945 2190 θεολ
968 2127 1058 2207 ἤματι
1081 2130 1168 2215 κείνῳ

293 2239 352 2308 νῆα
374 2229 425 2291 καλ
443 2226 579 2308 ἡμιθέων
602 2227 721 2306 ἀνδρῶν
745 2226 847 2307 μόνος,
870 2231 900 2291 οἳ
921 2225 974 2291 τότ’
1001 2227 1115 2309 όριστοι

293 2332 405 2393 πόντον
428 2330 635 2392 ἐπιπλώεσκον·
659 2325 700 2391 ἐπ’
728 2328 903 2416 ἀκροτάτῃσι
927 2329 959 2392 δὲ
982 2334 1113 2409 Νύμφαι

295 2433 444 2512 Πηλιάδες
466 2442 635 2516 κορυφῇσιν
658 2431 808 2512 ἐθάμβεον
832 2433 1013 2512 εἰσορόωσαι.

68 2537 136 2597 Νοο
161 2538 267 2611 magis
291 2536 524 2612 Callimachus,
549 2536 604 2609 qui
628 2536 751 2610 hymno
775 2537 799 2596 I.
825 2552 872 2597 vs.
898 2538 940 2597 62
964 2537 1048 2598 dixit

292 2636 335 2710 τίς
363 2634 395 2697 δέ
416 2632 441 2697 κ’
467 2631 509 2697 ἐπ’
538 2635 732 2721 Οὐλύμπῳ
756 2658 785 2697 τε
807 2635 857 2696 καλ
876 2635 954 2696 ”Aru
976 2642 1086 2716 κλῆρον
1110 2636 1245 2716 ἕρόσσαις

67 2743 105 2801 at
136 2739 267 2801 Asteria
298 2740 385 2801 Iovis
416 2755 561 2800 amorem
592 2739 766 2814 repudians
800 2755 862 2814 quo
896 2741 992 2800 modo
1027 2741 1147 2815 fugerit
1179 2746 1343 2804 memorat

67 2840 124 2901 IV.
150 2841 211 2902 37:

119 2968 124 2978 ·
669 2940 773 3021 βαθὺν
796 2941 870 3020 ἤλαο
893 2942 1007 3023 τάφρον

293 3041 519 3121 οὐρανόθεν
542 3044 698 3123 φεόγονσα
722 3041 794 3115 Διὸς
817 3043 914 3122 γάμον
936 3041 1034 3123 άστόρι
1057 3044 1115 3124 ἴση.

114 3146 204 3207 Haec
224 3162 298 3207 cum
322 3147 472 3206 videmus
495 3147 562 3207 iam
586 3149 722 3220 augetur
745 3145 900 3221 suspicio,
925 3162 990 3207 non
1012 3149 1142 3208 tantum
1168 3149 1207 3208 ad
1227 3165 1340 3210 ornan·

67 3249 146 3308 dam
185 3247 315 3322 Olympi
349 3247 527 3322 imaginem
563 3247 675 3308 lectori
704 3249 904 3322 propositam
936 3248 1016 3308 illud
1050 3249 1183 3310 Iunonis
1210 3253 1340 3325 pratum

66 3350 246 3410 memorari
265 3350 299 3409 in
318 3349 441 3424 hymno
461 3348 567 3410 tertio.
588 3347 746 3409 Pindarus
771 3350 827 3418 (Ol.
848 3349 937 3410 XIII.
952 3365 1000 3410 vs.
1014 3351 1067 3421 92)
1098 3352 1137 3411 de
1160 3351 1284 3426 Pegaso
1308 3353 1341 3412 in

67 3451 198 3511 caelum
229 3451 345 3512 reduce
367 3451 557 3510 narraverat
583 3448 653 3525 „stu
677 3444 704 3508 δ’
730 3446 762 3509 ἐν
789 3448 940 3535 Οὐλύμπῳ
964 3450 1076 3527 φάτναι
1101 3450 1199 3530 Ζηνὸς
1223 3450 1351 3531 ἀρχαῖαι

67 3549 238 3628 δέκονται”,
263 3553 406 3613 mutavit
429 3551 549 3627 aliquid
577 3550 809 3627 Callimachus,
835 3568 894 3613 nec
917 3553 1023 3614 solum
1048 3553 1226 3629 imaginem
1250 3570 1340 3615 exor-

67 3655 173 3715 navit.
197 3654 244 3714 Ut
266 3655 355 3715 enim
378 3654 449 3728 ipsa
472 3653 551 3713 Ionis
565 3653 730 3729 praerepto
753 3655 854 3714 Arato
877 3655 985 3715 sidera
1007 3658 1085 3715 sunt
1108 3655 1234 3726 (Ptoou.
1253 3657 1339 3733 892),

68 3757 118 3816 ita
148 3757 282 3817 Iunonis
311 3770 445 3831 pascua,
477 3756 562 3816 unde
593 3756 714 3829 „aether
743 3756 848 3816 sidero
872 3757 993 3830 poscit'
1021 3759 1091 3816 tam
1114 3758 1219 3832 poetis
1242 3773 1340 3832 quam

67 3858 272 3933 philosophis
311 3860 417 3918 totum
452 3858 578 3918 caelum
612 3858 755 3919 indicare
784 3858 990 3933 videbantur,
1023 3859 1120 3919 sicuti
1151 3859 1236 3919 haud
1271 3860 1341 3919 sine

68 3960 252 4034 antiquiore
283 3959 476 4020 auctoritate
506 3961 620 4034 postea
650 3959 844 4019 Plutarchus
872 3959 1024 4029 (Amator.
1057 3961 1120 4020 766
1145 3961 1181 4031 B)
1205 3961 1341 4038 Σελήνης

67 4065 215 4138 λειμῶνας
239 4061 423 4121 nominavit
445 4075 577 4136 campos
601 4061 768 4122 caelestes.

115 4266 336 4328 Levissimum
360 4265 535 4340 vestigium
559 4265 620 4325 hoc
639 4279 703 4324 uno
723 4279 821 4324 versu
840 4265 1069 4340 deprendimus
1089 4267 1171 4339 quod
1191 4269 1343 4329 ostendat

66 4369 256 4443 aequalium
298 4366 537 4442 philosophiam
579 4381 642 4426 non
686 4380 815 4440 semper
856 4366 1039 4441 neglectam
1080 4368 1183 4427 fuisse
1217 4373 1340 4445 poetae.

68 4470 222 4531 Alterum
271 4484 336 4529 non
370 4468 474 4528 multo
508 4467 705 4529 luculentius
742 4467 820 4528 talis
858 4468 958 4528 studii
992 4468 1179 4543 exemplum
1214 4471 1342 4531 videtur

68 4571 153 4633 mihi
183 4571 215 4631 in
247 4571 331 4631 Iride
362 4584 457 4646 posse
487 4568 662 4630 observari.
694 4567 752 4630 Oui
782 4570 861 4629 deae
884 4569 1013 4644 qualem
1036 4570 1177 4631 induerit
1199 4571 1341 4632 indolem
