3090 5294
824 454 864 512 22
1296 451 1319 510 Ι.
1346 451 1479 510 45-46

211 639 340 700 matteis
363 639 544 709 notissimo)
565 639 651 699 haud
674 638 829 699 ultimum
848 637 957 698 locum
980 639 1090 697 tenere
1115 635 1270 712 Cydonea,
1295 653 1416 711 eosque
1440 639 1481 698 ab

209 742 345 803 Iardano
363 741 496 802 flumine
519 757 611 802 orsos
634 740 896 816 septentrionalis
918 739 1031 800 Cretae
1051 741 1084 801 et
1103 737 1269 799 orientalis
1289 739 1375 800 haud
1389 740 1480 799 mini·

210 859 301 904 marn
323 845 450 917 partem
473 843 607 917 imperio
630 858 689 903 suo
713 843 792 903 olim
818 841 975 902 adiecisse
998 839 1048 911 (cl.
1073 839 1186 900 Strabo
1213 839 1254 900 X.
1287 841 1373 911 375).
1398 840 1481 916 Quin

210 946 321 1021 etiam,
355 945 384 1005 si
414 946 565 1005 tenemus
599 946 719 1019 quante
753 959 863 1005 amore
895 942 1112 1004 Callimachus
1138 941 1295 1002 Arcadiae
1327 941 1482 1001 historias

210 1048 360 1120 antiquas
390 1062 518 1122 semper
545 1046 689 1121 coluerit,
720 1061 784 1106 nen
807 1059 981 1120 possumus
1007 1044 1084 1117 quln
1107 1043 1310 1118 suspicemur
1333 1058 1410 1102 eum
1434 1043 1483 1102 illi

210 1165 335 1223 quoque
362 1149 515 1210 historiae
545 1149 676 1223 favisse,
708 1163 807 1221 quarn
837 1147 937 1207 tradit
966 1146 1145 1206 Pausanias
1167 1144 1253 1205 VIII.
1278 1145 1330 1205 53.
1355 1145 1375 1203 4
1400 1143 1482 1214 (Cre-

210 1252 320 1311 tenses
343 1252 454 1310 autem
479 1250 688 1310 vehementer
711 1250 793 1309 hanc
816 1248 1024 1309 traditionem
1047 1261 1250 1322 oppugnasse
1269 1246 1363 1307 facile
1383 1247 1481 1307 credi·

211 1368 286 1413 mus
308 1353 517 1427 periegetaelz
546 1349 681 1431 ,λέγουσι
705 1346 736 1410 δὲ
766 1347 816 1409 καί
840 1348 904 1410 ὅσοι
930 1348 1073 1429 Τεγεάτου
1105 1356 1164 1408 τῶν
1186 1347 1304 1407 παίδων
1331 1345 1483 1407 ἐλείποντο

211 1452 372 1530 μετοικίσαι
395 1463 473 1530 σφᾶς
497 1450 638 1524 ἑκουσίως
661 1450 690 1523 ές
714 1450 846 1530 Κρήτην,
869 1451 1000 1511 Κύδωνα
1020 1447 1070 1510 καί
1091 1447 1242 1528 Ἀρχήδιον
1262 1471 1313 1508 παι
1335 1448 1485 1527 Γόρτυνα·

210 1553 260 1614 καί
291 1551 351 1614 ἀπὸ
381 1555 494 1615 τούτων
525 1551 618 1630 φασίν
651 1549 860 1631 ὀνομασθῆναι
891 1551 942 1624 τὰς
964 1551 1062 1623 πόλεις
1086 1550 1249 1612 Κυδωνίαν
1271 1548 1322 1610 καί
1345 1549 1485 1630 Γόρτυνα

210 1653 260 1716 καί
296 1653 446 1732 Karpia&
479 1656 566 1732 Quae
596 1656 800 1731 apertissime
831 1657 957 1716 certant
991 1669 1066 1714 cum
1101 1668 1214 1714 eorum
1243 1653 1393 1728 opinione
1428 1654 1486 1727 qui

213 1756 389 1833 Cydoniam
414 1775 433 1820 a
457 1758 552 1819 Cnosi
573 1758 687 1820 incolis
711 1758 873 1819 conditam
897 1772 969 1818 esse
993 1755 1237 1817 contendebant.

274 1961 330 2023 Vs,
355 1964 408 2024 46.
456 1964 526 2039 Ζεῦ,
548 1957 580 2021 σέ
603 1956 636 2021 δέ
658 1959 844 2040 Κορβύντων
867 1957 966 2039 ἕτύραι
988 1957 1261 2038 προσεπηχύναντο,

456 2066 593 2123 Δικταῖαι
615 2062 721 2140 μελίαι,
743 2058 775 2122 σὲ
797 2055 826 2122 δ’
853 2059 998 2140 ίιιοίμισεν
1021 2059 1188 2139 Ἀδρήστεια

452 2163 542 2248 λίκνῳ
566 2161 610 2223 ἔνι
632 2160 755 2248 χρυσέῳ,
777 2162 814 2223 σὺ
838 2157 867 2223 δ’
894 2160 1008 2241 ἒθήσαο
1032 2161 1124 2223 πίονα
1146 2159 1239 2241 μαζὸν

455 2263 538 2346 αίχὸς
562 2264 746 2342 Ἀμαλθείης,
768 2262 816 2325 ἐπὶ
839 2260 871 2325 δέ
894 2263 987 2344 γλυκὺ
1011 2263 1117 2343 κηρίον
1145 2262 1246 2344 έβρως·

358 2369 400 2428 50
456 2364 539 2447 γέντο
562 2363 617 2447 γὰρ
641 2364 796 2439 έξαπιναῖα
820 2366 1011 2445 Πανακρίδος
1034 2364 1103 2446 ἔργα
1123 2365 1259 2443 μελίσσης

451 2463 570 2540 Ἰδαίοις
594 2466 625 2528 έν
649 2464 757 2547 ὄρεσσι,
779 2468 813 2528 τά
836 2489 865 2527 τε
888 2467 1016 2529 κλείουσι
1040 2466 1194 2546 Πύναιιρα.

460 2560 533 2630 σύλα
558 2566 589 2629 δὲ
612 2567 764 2649 Κούρητές
787 2586 818 2629 σε
841 2567 907 2649 πέρι
929 2569 1037 2648 πρύλιν
1060 2565 1228 2647 ὠρχήσαντο

456 2671 557 2750 τεύχεα
579 2670 786 2751 πεπλήγοντες,
807 2670 856 2730 ἵνα
880 2670 997 2750 Κρόνος
1020 2666 1126 2731 ούασιν
1149 2666 1225 2748 ήχήν

456 2769 581 2844 ἀσπίδος
605 2773 709 2834 είσαΐοι
731 2771 781 2833 καί
804 2773 844 2851 μή
868 2790 917 2834 σεο
940 2772 1136 2851 κουρίζοντος.

259 2872 339 2933 Cum
371 2873 552 2935 imitatione
584 2877 617 2935 et
645 2876 908 2951 interpretatione
939 2876 1145 2948 antiquorum
1173 2875 1342 2949 poetarum
1371 2878 1485 2937 aretIs·

213 2975 297 3033 sime
320 2975 353 3035 in
377 2975 428 3034 bis
452 2975 598 3036 versibus
622 2978 791 3037 coniuncta
814 2978 865 3036 est
888 2977 1145 3038 eruditIssimum
1165 2977 1303 3037 novandi
1324 2978 1484 3040 studium.

213 3075 302 3134 Licet
335 3077 423 3136 enlm
461 3076 640 3137 Hesiodum
674 3081 861 3151 ceterosque
899 3076 1061 3155 „dpvoerobg
1096 3076 1240 3150 r'roalebgn
1277 3079 1331 3151 qui
1368 3078 1485 3143 Cretae

213 3176 337 3238 insulae
366 3178 519 3239 natalicia
547 3178 635 3239 Iovis
667 3180 830 3240 vindicant
859 3180 1048 3255 impugnare
1072 3195 1135 3241 non
1159 3180 1295 3255 desinat,
1320 3184 1484 3244 memoria

212 3281 324 3339 tamen
355 3279 524 3352 antiquum
556 3283 667 3341 vatem
697 3283 826 3357 penitus
852 3284 951 3343 tenet.
988 3282 1066 3358 ρυλε
1088 3283 1186 3358 enim,
1210 3297 1284 3342 cum
1312 3282 1485 3357 „Dictaeas

212 3381 394 3455 nymphas'’
420 3415 460 3424 —
484 3396 565 3455 quas
594 3381 702 3444 Meae
724 3387 819 3445 vocat
845 3384 975 3444 nomine
994 3399 1014 3444 a
1037 3383 1131 3444 Melia
1154 3383 1312 3445 Oceanine
1336 3384 1485 3446 derivato

214 3482 263 3551 (ci.
277 3481 381 3543 Sobel.
394 3483 435 3543 ad
446 3483 549 3558 Apoll.
562 3483 663 3545 Rhed.
676 3485 718 3546 Π.
732 3488 762 3554 4)
777 3519 816 3528 -
839 3483 1021 3563 Κυρβάντων
1037 3482 1141 3563 ἑταίρας
1154 3485 1241 3561 dicit,
1254 3499 1317 3544 non
1330 3487 1486 3547 meminit

212 3583 342 3643 illorum
369 3600 411 3644 ex
442 3583 592 3659 Catalogo
617 3602 771 3647 versuum
794 3587 910 3659 quibus
934 3602 1009 3647 curn
1035 3586 1203 3647 Curetibus
1225 3587 1388 3661 nymphas
1413 3587 1484 3649 Cre·

213 3688 323 3746 tenses
347 3687 558 3747 coniunxerat
581 3687 742 3748 Hesiodus
766 3688 860 3761 (apud
884 3687 987 3748 Strab.
1012 3687 1053 3747 X.
1077 3688 1139 3747 471
1154 3687 1248 3747 :fn
1272 3689 1314 3747 42
1340 3688 1450 3762 Κίυλι.)

434 3785 463 3861 ἐξ
487 3779 529 3848 ὧν
552 3785 665 3868 ούρειαι
687 3789 818 3866 Νύμφαι
841 3786 912 3848 θεαί
934 3785 1099 3869 ἐξεγένοντο

317 3925 318 3928 =
432 3886 482 3948 καὶ
505 3887 590 3969 μένος
613 3889 778 3951 ούτιδανῶν
800 3891 946 3970 Σατύρων
969 3888 1019 3951 καί
1043 3887 1272 3972 ἀμηχανοερχῶν

434 3989 585 4069 Κούρητές
608 4014 637 4052 τε
660 3990 727 4053 θεοὶ
751 3993 991 4073 φιλοπαίγμονες,
1014 3989 1196 4072 ὀρχηστῆρες.

211 4092 256 4152 De
295 4107 407 4153 eorum
447 4093 600 4155 Curetum
643 4096 676 4155 et
715 4095 933 4169 Corybantum
971 4110 1087 4170 genere
1123 4097 1220 4170 atque
1250 4096 1371 4170 origine
1405 4098 1484 4170 quid

212 4194 373 4254 censuerit
403 4194 629 4272 Callimachus,
657 4213 742 4259 nunc
773 4198 949 4271 disquirere
980 4197 1127 4259 consulto
1150 4199 1283 4259 omitto:
1314 4198 1397 4258 satis
1421 4200 1485 4261 erit

211 4296 401 4356 observasse
432 4297 556 4358 duobus
588 4299 774 4359 nominibus
805 4299 983 4360 indicatum
1015 4300 1044 4360 ei
1075 4300 1177 4361 videri
1207 4314 1308 4360 unum
1331 4298 1485 4374 idemque

211 4411 323 4472 genus,
365 4413 442 4458 nam
481 4399 535 4472 qui
565 4399 617 4458 hic
647 4399 830 4478 Κύρβαντες,
859 4400 959 4461 iidem
991 4414 1038 4461 vs.
1074 4402 1116 4462 52
1150 4401 1302 4477 Κούρητες
1335 4401 1483 4465 audiunt.

211 4497 320 4571 Neque
350 4500 471 4561 nimiae
494 4500 555 4560 erit
577 4501 730 4561 audaciae
754 4502 920 4578 suspicari,
946 4502 1178 4563 Callimachum
1203 4502 1292 4563 vocis
1314 4505 1484 4576 spectasse

212 4601 442 4675 etymologiam
474 4618 549 4662 cum
576 4603 809 4678 Lycrophrenis
833 4605 1020 4680 exemplum
1036 4605 1167 4665 secutus
1198 4603 1296 4674 (Alex.
1324 4606 1375 4674 71)
1400 4606 1485 4685 Κύρ-
