3068 5294
44 453 83 512 II.
110 450 242 510 35-37
648 453 711 513 203

44 640 256 716 homericum,
279 641 441 701 homerice
464 642 576 701 tamen
599 640 776 701 formatum
799 641 860 702 est.
891 639 1053 700 Homerus
1077 639 1164 699 enim
1188 653 1311 714 posses·

44 741 152 802 aiones
176 738 330 817 ,arieza’',
352 756 390 802 ac
412 741 528 801 divites
552 740 818 819 ,notantipovaffl
840 741 927 816 dicit,
948 742 981 802 et
1000 741 1082 815 apud
1100 756 1175 801 eum
1188 737 1312 800 κτέανον

43 858 224 917 numquam
259 843 406 919 occurrit,
442 850 549 920 κτῆνος
584 846 695 904 autem
730 843 833 904 semel
862 843 896 904 in
927 844 1049 916 hymno
1072 842 1156 902 haud
1180 842 1312 914 antiquo

45 944 159 1015 (XXX.
176 945 228 1014 10)
251 946 290 1006 de
312 959 425 1019 pecore
449 945 572 1005 dictum
596 945 780 1005 invenimus
803 944 853 1016 (ci.
879 943 956 1005 Gall.
977 944 1145 1018 111.1an);
1165 944 1312 1002 attamen

44 1047 241 1107 adiectlvum
277 1043 469 1122 φιλοκκέανος
500 1050 548 1118 (Α.
575 1048 648 1117 122)
676 1047 779 1123 docet,
802 1048 839 1105 ut
862 1061 947 1106 nunc
970 1060 990 1105 a
1012 1046 1122 1105 nostro
1146 1045 1193 1104 ita
1215 1045 1312 1104 antea

43 1162 62 1208 a
94 1148 233 1209 Pindaro
269 1151 356 1210 recte
391 1149 431 1210 ad
461 1150 570 1225 opicae
605 1149 756 1210 dictionis
785 1162 935 1208 normam
966 1145 1080 1207 fictum
1111 1161 1183 1206 ease
1215 1146 1312 1218 atque

44 1250 226 1311 adhibitum
250 1251 445 1314 adiectitluin
466 1247 672 1322 πολυκτέανος.

85 1353 277 1428 Depingitur
307 1353 455 1415 versibus
485 1353 697 1427 sequentibus
727 1351 841 1426 Apollo
865 1352 944 1427 ipse.
973 1349 1013 1409 itt
1035 1362 1234 1423 quamquam
1258 1347 1312 1406 ali·

43 1457 206 1527 quatenus
236 1454 423 1516 etiamnunc
446 1456 479 1516 in
504 1455 650 1516 versibus
674 1453 894 1514 callimacheis
917 1452 1053 1513 recurrit
1074 1451 1312 1512 homericorum

45 1556 213 1632 memoria,
245 1556 365 1616 mirum
396 1558 555 1630 quantum
586 1556 686 1637 distat
716 1555 865 1615 Phoebus
889 1553 1076 1615 Callimachi
1102 1553 1142 1613 ah
1166 1551 1312 1627 Apolline

44 1657 97 1730 qui
126 1657 238 1717 nautia
262 1656 468 1717 Cretensibus
490 1658 568 1718 olim
592 1658 784 1732 apparuerat
807 1655 926 1731 (hymn.
949 1655 1031 1715 hom.
1054 1653 1089 1714 ιό
1113 1652 1211 1728 Apoll.
1236 1652 1312 1722 449)

287 1754 370 1835 ἀνέρι
393 1757 544 1835 εἰδόμενος
568 1757 659 1841 αἰζηῷ
684 1779 713 1817 τε
736 1766 865 1840 κρατερῷ
888 1777 917 1816 τε

288 1858 448 1942 πρωθήβῃ,
470 1858 569 1942 χαίτης
593 1854 744 1931 εἰλυμένος
768 1855 870 1935 εὐρέας
893 1855 1001 1934 ὤμους.

87 1959 150 2021 Sed
185 1974 281 2020 nemo
304 1960 442 2021 tortasse
471 1960 604 2021 deorum
628 1960 735 2034 magis
757 1975 857 2034 quam
881 1955 1078 2038 ἀκερσεκόμης
1101 1957 1225 2033 priscos
1247 1971 1312 2017 mo·

43 2076 93 2121 res
117 2060 319 2137 deposuerat,
343 2064 377 2122 et
400 2062 504 2123 solent
528 2062 594 2124 fere
617 2062 713 2122 huius
737 2062 857 2122 aetatis
887 2062 1000 2136 poetae
1024 2060 1194 2134 depingere
1215 2058 1312 2119 Phoe·

43 2161 118 2222 bum
149 2164 324 2236 unguentis
352 2163 531 2225 delibutum
555 2167 588 2225 et
610 2179 746 2225 suavem
771 2164 877 2237 magis
900 2178 999 2237 quam
1027 2162 1164 2222 virilem.
1189 2160 1310 2235 Operae

44 2265 183 2338 pretium
207 2265 269 2324 erit
294 2299 333 2311 -
358 2281 399 2326 ne
425 2266 533 2340 plures
555 2267 721 2328 nominem
747 2299 786 2309 —
815 2281 918 2325 unum
941 2266 1081 2327 indicare
1106 2263 1312 2339 Apollonium

44 2365 214 2442 Rhodium,
227 2366 282 2439 qui
294 2367 354 2427 hos
365 2367 452 2443 ipsos
462 2366 650 2429 Callimachi
663 2382 777 2428 versus
789 2367 938 2426 imitatus
950 2369 1001 2427 est
1013 2366 1054 2428 11.
1070 2367 1132 2428 719
1148 2359 1179 2436 ¹).
1191 2366 1312 2425 -Iam

44 2468 212 2529 videamus
232 2469 318 2541 quali
338 2469 462 2530 dicendi
481 2485 597 2543 genere
617 2470 713 2530 deum
734 2469 826 2529 illum
848 2470 956 2528 cantet
975 2470 1094 2530 noster.
1115 2469 1161 2529 De
1174 2467 1311 2528 dictione

48 2564 132 2645 ,οὐδ’
167 2568 279 2629 ὅσοον”
315 2575 374 2642 (vs.
411 2572 464 2642 37)
499 2573 566 2633 lam
598 2572 720 2632 dictum
752 2573 803 2631 est
833 2585 931 2645 supra
960 2585 1032 2645 pag.
1058 2571 1115 2644 31;
1142 2570 1177 2629 at
1201 2567 1313 2642 paucis

45 2671 221 2733 notandum
254 2673 306 2733 est
328 2672 523 2733 adieetivum
547 2676 675 2750 θῆλυς
699 2670 867 2749 (ἣθηλείαις
897 2675 1075 2748 καρειαῑς”).
1100 2672 1173 2745 lpse
1196 2669 1312 2729 Home·

44 2788 96 2834 rus
130 2789 313 2847 numquam
343 2774 518 2848 quidquam
548 2777 630 2851 θῆλυ
653 2774 879 2834 nominaverat
907 2773 970 2833 nisi
993 2773 1077 2847 quod
1099 2773 1157 2833 aut
1179 2771 1311 2833 semina·

44 2890 115 2935 rum
138 2877 228 2937 esset
250 2878 306 2936 aut
326 2876 425 2952 fertile
448 2879 555 2953 (θῆλυς
576 2872 661 2954 ἐέρση
681 2875 720 2936 of.
746 2874 823 2936 call.
845 2875 883 2936 fr.
905 2876 968 2935 296
988 2874 1158 2952 θηλύιαιον
1177 2869 1310 2946 medium

43 2976 156 3050 tragici
179 2977 390 3052 effeminatam
410 2993 535 3051 quoque
555 2977 686 3052 saepius
705 2980 785 3054 θῆλυ
810 2977 971 3053 dixerunt,
990 2977 1180 3051 plerumque
1199 2976 1311 3035 tamen

44 3081 210 3152 carpentas
245 3082 278 3141 et
311 3079 524 3154 contemptim
559 3079 625 3140 fere
659 3079 828 3153 loquentes
863 3078 964 3139 veluti
998 3078 1108 3140 Medea
1142 3077 1311 3153 Euripidis,

43 3194 124 3252 quae
148 3179 218 3254 ipsa
241 3195 277 3241 se
300 3195 460 3241 excusans
483 3178 667 3253 profitetur:
695 3174 947 3258 ,paviditate
967 3176 1040 3239 edat
1060 3179 1201 3257 δακρύοις
1220 3175 1311 3253 έφν”.

43 3279 131 3350 (Μαι.
146 3280 231 3350 928).
252 3280 397 3342 Ulterius
415 3281 618 3355 progreditur
637 3283 748 3342 noster
768 3296 844 3341 cum
864 3281 1014 3356 carpendi
1033 3281 1164 3341 notione
1182 3294 1313 3354 prorsus

44 3382 165 3441 omissa
183 3380 341 3456 Apollinis
360 3397 471 3458 genas,
493 3397 574 3455 quas
592 3381 682 3442 nulla
693 3384 809 3456 opacat
820 3381 948 3458 lanugo,
961 3381 1085 3460 θηλείας
1098 3382 1185 3443 dicit.
1197 3415 1236 3425 —
1251 3381 1313 3442 Sed

42 3483 233 3543 innovatum
253 3498 378 3557 quoque
399 3486 451 3545 est
470 3484 502 3543 in
526 3483 731 3545 substantivo
754 3491 882 3561 χνοῦς.
908 3485 1015 3545 Semel
1035 3485 1066 3545 id
1080 3485 1218 3546 occurrit
1229 3484 1313 3557 apud

43 3585 222 3646 Homerum
254 3584 276 3657 ζ.
308 3585 372 3646 226
396 3585 435 3646 de
459 3600 576 3660 spuma
599 3586 717 3661 maris;
743 3586 782 3646 ad
806 3601 965 3660 genarum
990 3588 1101 3647 autem
1124 3586 1313 3659 lanuginem

42 3687 244 3748 indicandam
280 3687 308 3747 is
343 3687 441 3748 habet
478 3685 651 3763 ,toerovg’a
684 3688 785 3749 Attici
819 3690 931 3750 autem
962 3704 1026 3749 uon
1063 3689 1126 3749 uisi
1156 3687 1314 3748 translate

74 3906 95 3973 ¹)
113 3910 178 3958 llum
198 3908 240 3956 hio
255 3909 309 3956 lilio
318 3911 404 3957 noster
412 3908 439 3956 in
453 3909 616 3969 depingendo
630 3908 756 3971 Apolline,
772 3923 857 3970 regem
874 3923 949 3957 enum
962 3907 1023 3971 (non
1035 3910 1180 3968 Euergeten
1190 3908 1313 3967 intellego

42 3989 85 4036 sed
103 3984 314 4052 Philadelphum)
336 3988 452 4049 spectati
474 3989 551 4035 Haud
572 3989 727 4051 negaverim,
751 4003 907 4049 quamquam
925 4001 974 4036 non
993 3990 1119 4049 suffragor
1136 3987 1169 4035 iis
1183 3990 1227 4048 qui
1244 3989 1313 4035 huno

41 4069 185 4129 Apollinem
211 4068 405 4116 callimachenm
433 4069 507 4128 quasi
532 4081 576 4115 ore
603 4069 700 4116 referre
723 4082 811 4128 regem
832 4069 1010 4116 Ptolemaeum
1028 4069 1191 4115 contendant.
1208 4068 1315 4116 canitur

41 4160 56 4193 a
72 4150 150 4208 poete
168 4148 314 4207 Oyrenma
329 4146 430 4208 Apollo,
443 4161 493 4193 nou
509 4160 562 4208 rex,
578 4147 792 4208 insequentibus
802 4148 920 4196 versibus
937 4162 987 4196 non
1001 4148 1127 4195 beneficia
1142 4151 1315 4195 memorentur

41 4239 105 4286 quse
121 4227 184 4275 urbs
202 4227 300 4286 Cyrene
313 4225 407 4288 regibus
422 4226 510 4285 debet,
533 4225 579 4273 sed
593 4226 714 4273 laudatur
729 4230 798 4275 terre
812 4229 960 4289 cyrenaica,
976 4230 1082 4288 propter
1098 4227 1175 4275 huius
1189 4225 1315 4290 Apollinis

40 4307 157 4368 gratiam,
178 4311 204 4353 et
226 4306 317 4354 timum
335 4306 467 4367 opulentis
487 4308 514 4352 et
531 4318 620 4353 earum
637 4308 789 4367 praesertim
807 4308 961 4369 plantarum,
979 4320 1046 4366 quae
1064 4307 1207 4354 officinales
1224 4307 1313 4354 dieun-

40 4387 88 4448 tur,
114 4386 275 4433 divitissime.
302 4387 335 4434 Ut
359 4389 444 4433 cetera
469 4387 580 4444 mittam,
602 4386 667 4433 nihil
691 4387 772 4447 magis
795 4400 845 4435 ms.
865 4390 896 4434 40
911 4401 962 4449 sqq.
985 4387 1114 4434 illustrare
1132 4387 1195 4434 mihi
1212 4386 1315 4434 videtur

39 4478 115 4523 qnam
142 4465 212 4526 quod
238 4465 270 4512 de
295 4480 351 4512 rore
371 4465 464 4512 marino
486 4461 630 4530 (lrssevuele)
653 4466 752 4513 Plinius
774 4465 804 4512 N.
823 4465 856 4514 H.
875 4468 914 4513 il.
935 4469 974 4523 11,
997 4466 1117 4526 idemque
1138 4467 1171 4514 de
1188 4464 1314 4527 laserpitio

38 4540 151 4610 (ουφεοκ)
174 4543 231 4592 ibid.
257 4546 295 4591 19.
320 4545 447 4605 inerrat,
471 4544 541 4604 quod
558 4547 647 4592 natum
666 4558 723 4592 esse
741 4545 875 4594 dicebatur
892 4544 965 4594 imbre
979 4546 1047 4609 piceo
1062 4549 1160 4609 repente
1176 4545 1314 4610 madefacta

39 4622 132 4672 tellure.
151 4624 190 4671 Oi.
210 4636 312 4683 quoque
331 4624 398 4670 inire
415 4636 453 4671 vs.
471 4625 502 4671 80
520 4637 554 4686 sq.
