3104 5286
832 460 894 520 124

219 659 307 721 rum,
331 646 361 705 si
385 647 461 720 quid
490 647 573 709 iorte
604 651 680 711 novi
711 652 745 710 in
765 651 827 711 hac
849 667 884 711 rs
907 650 1097 725 aequalibus
1120 650 1190 711 suis
1213 650 1387 710 videbatur
1409 663 1501 723 prae·

218 746 339 824 dicare,
372 747 495 810 addidit
525 754 766 825 argumentum.
799 751 869 812 Non
901 753 989 812 enim
1017 753 1112 812 deam
1143 752 1228 812 ultro
1258 749 1323 810 sibi
1345 763 1501 823 arrogare

220 847 305 908 hanc
327 850 527 924 potestatem
550 853 620 927 ipse
642 855 739 928 poeta
760 851 929 928 profitetur
952 853 1048 927 idque
1071 852 1201 913 disertis
1226 851 1335 912 verbis
1356 865 1409 910 vs.
1437 849 1499 909 131

444 949 484 1024 ὡς
508 951 628 1031 φαμένα
650 951 814 1014 κατένευσε·
838 952 876 1037 τὸΙ
894 948 922 1014 δ’
948 949 1074 1030 ἐντελὲς,
1096 947 1119 1037 ᾧ
1142 947 1165 1012 κ’
1192 950 1334 1033 ἐπινεύσῃ

490 1054 621 1128 Παλλάς·
645 1052 706 1115 ἐπεὶ
730 1054 816 1140 μάνρι
842 1053 918 1127 Ζεὺς
940 1053 973 1116 τά
996 1076 1029 1135 γε
1050 1050 1227 1135 θυγατέρων

446 1154 541 1215 δῶκεν
564 1156 725 1240 Ἀθαναίᾳ,
748 1155 926 1236 πατρώια
948 1154 1046 1215 πάντα
1070 1152 1224 1235 φέρεσθαι.

219 1253 350 1316 Etenim
382 1270 424 1316 ex
456 1258 561 1332 capite
592 1259 680 1319 Iovis
707 1261 786 1320 nata
809 1274 875 1320 non
898 1258 1006 1319 solum
1030 1259 1081 1318 est
1105 1252 1323 1335 ὀβριμοπάτρα,
1344 1254 1405 1316 sed
1429 1255 1504 1329 ipsa

221 1355 310 1416 Iovis
339 1357 459 1436 κορυφά
490 1359 557 1421 fere
582 1360 645 1420 dici
667 1362 786 1436 potest.
810 1361 924 1436 Itaque
947 1375 1012 1420 non
1035 1359 1143 1419 solum
1167 1373 1242 1419 cum
1265 1356 1410 1418 Hesiodo
1433 1349 1504 1414 ἴσον

222 1453 349 1535 ἔχουσαν
379 1456 468 1539 πατρὶ
498 1458 586 1538 μένος
617 1458 668 1521 καὶ
700 1459 848 1541 ἐπίφρονα
879 1459 993 1538 βουλὴν
1023 1460 1111 1521 Iovis
1142 1458 1245 1520 filiam
1276 1458 1414 1533 iudicat,
1442 1457 1503 1518 sed

223 1558 263 1618 ab
294 1558 366 1634 ipsa
396 1560 454 1623 Dei
485 1565 597 1624 mente
626 1578 759 1624 summa
789 1578 995 1637 nequaquam
1026 1562 1200 1623 diversam.
1232 1561 1332 1635 Atqui
1358 1557 1505 1639 ,aopood

225 1656 298 1731 Διὸς
321 1658 378 1722 οὐκ
400 1659 529 1725 ἐπινεύει
551 1664 707 1741 ψεύδεαὶ”

269 1864 319 1926 Ad
353 1881 523 1928 summum
557 1869 657 1944 igitur
691 1869 787 1929 deum
823 1868 919 1928 modo
954 1867 1103 1928 consulto
1138 1865 1234 1927 modo
1268 1868 1402 1926 tantum
1436 1881 1505 1926 non

225 1966 348 2027 inscius
387 1968 590 2044 singulorum
629 1970 803 2030 numinum
841 1970 1040 2045 potestatem
1078 1969 1186 2029 refert.
1230 1967 1321 2043 Quod
1354 1970 1391 2027 et
1426 1983 1503 2028 cum

226 2068 368 2130 Graecae
390 2071 556 2147 religionis
579 2072 686 2132 indole
709 2072 805 2147 plane
829 2070 1000 2132 convenit:
1025 2072 1076 2130 est
1099 2071 1187 2130 enim
1211 2069 1385 2130 hominum
1408 2072 1504 2145 pater

226 2172 323 2244 atque
353 2172 487 2232 deorum
518 2173 585 2233 iam
612 2173 774 2247 Aeschylo
805 2168 880 2244 άναξ
911 2168 1062 2247 ἀνάκτων,
1091 2170 1232 2249 μακάρων
1257 2169 1445 2248 μακάρτατος
1470 2175 1504 2230 et

225 2267 330 2330 tritor
351 2272 531 2333 τελειότατον
552 2273 659 2352 κράτος
684 2272 804 2349 (Suppl.
819 2274 905 2349 525),
930 2275 964 2333 et
985 2273 1144 2348 temporis
1166 2273 1260 2348 lapsu
1282 2273 1393 2347 magis
1416 2272 1503 2348 apud

225 2387 340 2434 omnes
371 2378 542 2451 acceptum
572 2376 643 2436 ibit.
678 2376 788 2448 Neque
817 2389 894 2435 vero
924 2375 1032 2438 solum
1059 2374 1130 2435 iovi
1160 2389 1292 2434 summo
1323 2373 1404 2433 illud
1439 2388 1501 2433 usu

225 2474 336 2535 venire
357 2477 441 2551 apud
461 2477 697 2538 Callimachum
718 2477 868 2538 videmus
889 2478 925 2536 ut
940 2478 1098 2550 augeatur
1110 2476 1180 2535 eius
1192 2477 1340 2550 potestas
1352 2490 1396 2535 ex
1409 2474 1500 2534 dimi-

225 2576 315 2636 nutis
345 2577 484 2639 aliorum
515 2580 649 2641 deorum
671 2578 891 2639 facultatibus.
916 2576 1031 2638 Cetera
1057 2592 1183 2651 quoque
1210 2576 1348 2636 numina
1376 2577 1501 2636 maiora

224 2691 263 2738 eo
282 2680 378 2751 modo
395 2682 555 2755 augentur
574 2683 607 2741 st
626 2682 785 2741 crescunt.
806 2679 956 2739 Vidimus
975 2693 1075 2753 supra
1098 2682 1180 2753 (pag.
1195 2678 1247 2746 27)
1272 2677 1498 2751 Britomartin,

224 2779 429 2842 Cretensium
459 2782 553 2842 deam
588 2783 717 2858 propria
747 2782 939 2842 destitutam
966 2781 1126 2855 dignitate
1148 2779 1271 2839 Dianae
1293 2779 1409 2840 divina
1432 2780 1499 2838 iura

222 2883 344 2943 cedere.
384 2883 496 2943 Altero
531 2887 568 2944 ut
601 2883 752 2959 exemplo
789 2898 843 2944 res
884 2883 1075 2957 illustretur,
1119 2881 1276 2941 adeamus
1318 2880 1496 2956 ilithyiam.

223 2982 306 3044 Cum
336 2984 450 3044 audias
479 2986 611 3060 poetam
641 2985 674 3045 in
706 2985 829 3058 hymno
861 2984 976 3057 quarto
1004 2984 1074 3043 tam
1101 2982 1227 3042 abunde
1258 2983 1497 3044 describentem

222 3085 401 3146 laborantis
432 3085 575 3147 Latonae
606 3086 733 3146 dolores
764 3088 861 3160 atque
891 3087 1014 3159 partus,
1046 3083 1252 3160 submireris,
1282 3084 1379 3144 illam
1404 3086 1495 3145 deam

226 3187 318 3247 cuius
351 3188 465 3247 tantus
496 3203 535 3247 ac
564 3190 635 3248 tarn
665 3188 819 3261 antiquus
849 3186 933 3262 apud
964 3185 1111 3246 Deliacos
1142 3192 1231 3245 esset
1261 3185 1376 3261 honor,
1411 3186 1498 3246 cuius

225 3289 439 3349 simulacrum
478 3290 649 3363 antiquum
681 3289 843 3349 utrisnam
873 3286 1044 3348 deberetur
1074 3289 1144 3347 tam
1183 3287 1301 3347 acriter
1337 3288 1498 3348 certarent

225 3391 311 3450 inter
340 3406 377 3450 ss
407 3391 626 3452 Athenienses
654 3389 788 3464 Delique
818 3389 957 3464 incolae,
989 3403 1088 3463 quam
1118 3388 1221 3463 ipsius
1250 3390 1368 3462 poetae
1393 3390 1498 3448 aetate

224 3492 367 3552 summis
378 3492 555 3552 honoribus
567 3490 734 3552 afficerent
746 3491 928 3564 quicunque
940 3489 1056 3551 Delum
1068 3490 1328 3564 advectarentur,
1343 3504 1421 3550 eam
1432 3492 1499 3549 tam

224 3593 320 3669 plane
340 3596 380 3654 ab
399 3609 436 3654 eo
456 3593 639 3668 neglectam
661 3606 742 3654 esse.
764 3591 877 3652 Sciens
900 3592 988 3653 enim
1009 3593 1042 3651 in
1061 3592 1183 3652 deliaco
1203 3591 1327 3665 hymno
1348 3591 1499 3666 Ilithyiae

225 3693 332 3756 oiilcia
361 3695 483 3757 omisit.
512 3695 550 3755 In
576 3695 741 3755 homerico
766 3694 905 3769 hymno,
938 3692 1096 3753 arcessita
1126 3708 1146 3753 a
1168 3692 1286 3753 ceteris
1310 3692 1436 3753 deabus
1461 3725 1499 3735 -

225 3796 358 3857 monilis
381 3796 471 3856 illius
494 3796 591 3871 dono,
616 3811 679 3870 quo
702 3798 817 3871 postea
835 3797 987 3855 ornatum
1012 3797 1083 3855 erat
1102 3794 1273 3867 antiquum
1293 3792 1501 3854 Deliacorum

224 3898 439 3958 simulacrum
466 3891 486 3968 ¹)
501 3932 540 3941 -
561 3898 766 3960 descendite
786 3897 875 3958 caelo
895 3898 1046 3957 adiutura
1068 3897 1228 3956 Latonae:
1252 3895 1286 3953 in
1307 3893 1501 3956 Callimachi

224 4000 348 4074 hymno
379 4000 511 4060 omnino
533 4000 661 4060 nullum
681 4000 866 4073 praestatur
889 3997 929 4058 ab
949 3998 1082 4072 Ilithyia
1105 3996 1275 4057 auxilium.
1296 3995 1427 4057 Peneus
1449 3997 1502 4058 ille

225 4101 372 4176 quidem,
404 4100 546 4175 simplex
575 4115 691 4176 senex,
724 4115 781 4175 pro
812 4100 933 4175 ingenii
964 4099 1016 4159 sui
1046 4097 1181 4171 antiqua
1210 4097 1388 4157 nativitate
1412 4099 1502 4159 nasci

225 4201 411 4277 Apollinem
448 4216 545 4276 posse
582 4202 654 4262 sine
692 4201 752 4262 tali
791 4200 913 4261 auxilio
955 4201 1013 4259 vix
1055 4199 1170 4273 credit,
1219 4201 1427 4275 quapropter,
1468 4201 1504 4260 ut

225 4306 377 4379 paratum
406 4319 442 4364 se
472 4303 624 4364 ostendat
654 4303 694 4363 ad
725 4303 943 4378 recipiendam
971 4302 1067 4361 deam
1089 4299 1308 4373 laborantem,
1335 4301 1503 4362 exclamat

229 4404 328 4481 ,adia
352 4403 446 4482 μόνον
472 4404 671 4464 Εἰλείθυιαν”
696 4408 755 4474 (vs.
784 4405 872 4479 132),
902 4402 959 4462 sed
984 4401 1080 4462 aliter
1101 4400 1258 4460 iudicavit
1277 4401 1385 4474 poeta.
1413 4403 1502 4462 Sum·

259 4635 280 4701 ¹)
296 4638 390 4698 nyma.
407 4638 475 4686 born.
494 4634 520 4683 ιἰι
540 4635 624 4699 Apoll.
642 4636 758 4684 tlt-11⁶
779 4635 812 4682 oi.
831 4635 930 4683 Preller
948 4631 972 4681 1⁸
991 4634 1088 4682 1‘18.1.
