3068 5294
815 445 876 505 186
1226 443 1279 504 lv.
1304 445 1482 504 804-306

214 628 360 701 pretatus
383 633 481 708 esset,
506 645 590 693 nuno
609 633 644 693 iu
663 635 785 708 hymno
808 632 852 693 IV
874 631 1072 693 seutentiam
1095 631 1136 692 ab
1160 631 1348 693 Aristarcho
1370 634 1484 707 postea

214 731 476 793 commendatam
500 735 688 809 amplexum
712 751 795 812 esse,
819 736 852 795 et
871 734 1072 795 intellexisse
1091 731 1174 792 λίνον
1193 730 1296 812 ,γένος
1310 756 1337 792 τι
1350 733 1482 810 ῦμνοο”.

216 830 362 908 Summa,
390 834 510 908 opinor,
534 837 652 899 iniuria
676 840 788 899 tautae
812 837 1048 900 inconstantiae
1071 837 1199 911 poetam
1224 839 1375 896 nostrum
1397 837 1482 897 incu·
1510 869 1512 872 <

215 935 329 993 serunt
364 935 424 995 viri
458 938 552 999 docti.
588 941 645 1000 III.
683 941 746 1000 242
781 941 868 1000 enim
901 940 948 1000 ita
977 940 1089 1013 aperta
1124 938 1174 997 est
1203 937 1345 999 imitatio
1370 952 1484 998 versus

215 1036 252 1091 Σ.
288 1037 362 1110 570,
395 1041 431 1097 ιιι
461 1040 559 1101 verba
586 1038 732 1118 ὑπήιιοοιν
757 1037 789 1101 δὲ
810 1041 915 1121 λίγειαι
938 1040 1072 1119 σύριγγες
1095 1039 1180 1100 clare
1202 1038 1429 1101 demonstrent
1451 1041 1482 1099 1ο

214 1135 376 1198 homerico
418 1154 543 1214 quoque
585 1159 681 1205 versu
719 1159 794 1204 eum
829 1144 962 1218 putasse
995 1141 1129 1201 verbum
1163 1137 1303 1200 ὑιινεῖοοι
1337 1141 1483 1201 subiecto

215 1236 319 1308 (λίνον)
352 1240 548 1303 instructum
580 1261 662 1306 esse.
696 1244 813 1307 Contra
844 1246 877 1305 in
907 1260 945 1305 eo
978 1258 1074 1303 versu
1098 1243 1136 1303 de
1160 1258 1222 1317 quo
1246 1258 1332 1303 nunc
1355 1243 1484 1317 agimus

214 1339 341 1400 nullum
375 1345 427 1402 est
457 1344 649 1408 imitationis
677 1349 858 1409 homericae
883 1346 1068 1421 vestigium,
1093 1361 1196 1418 neque
1221 1345 1399 1418 quidquam
1421 1345 1483 1404 nisi

214 1440 322 1514 ipsum
358 1444 491 1504 verbum
533 1445 685 1509 ὑποείδιιν
720 1465 794 1510 curn
826 1449 959 1509 Homeri
990 1461 1087 1508 versu
1121 1447 1352 1507 callimacheus
1387 1446 1484 1506 habet

214 1557 397 1606 commune.
422 1546 510 1609 Fecit
530 1554 640 1613 autem
659 1553 710 1613 hio
732 1551 949 1612 Callimachus
965 1550 1048 1623 quod
1059 1549 1092 1609 in
1105 1551 1198 1609 tauta
1208 1549 1482 1623 praepositionum

214 1644 363 1708 libertate
386 1637 493 1721 quivis
516 1667 575 1713 suo
602 1655 670 1715 iure
694 1654 770 1714 fecit
793 1655 888 1728 poeta
911 1651 1069 1713 Graecus:
1094 1650 1222 1711 diversa
1249 1648 1483 1723 significatione

215 1747 353 1808 diversis
384 1751 507 1812 duobus
538 1753 618 1816 locis
648 1756 735 1816 idem
764 1756 910 1816 adhibuit
940 1754 1166 1829 compositum,
1200 1755 1233 1813 et
1255 1753 1484 1828 praepositioni

215 1863 314 1922 qnam
337 1850 384 1911 ita
403 1853 593 1916 adhibuerat
613 1857 760 1934 111242,
780 1858 817 1916 ut
837 1857 1000 1917 Homerus
1019 1855 1135 1916 fecisse
1154 1854 1183 1914 ei
1203 1854 1373 1915 videbatur
1391 1852 1484 1930 (χὺπὸ

214 1958 267 2011 τοῦ
287 1952 450 2032 κιθαρίζειν
474 1952 616 2036 ἀείδειν”)
638 1975 722 2019 nuno
746 1959 845 2019 aliam
866 1959 933 2018 vim
953 1957 1131 2018 secundum
1149 1958 1366 2017 recentiorum
1386 1972 1484 2017 usum

214 2053 336 2114 tribuit.
360 2055 444 2117 Nam
467 2059 537 2118 suis
560 2061 667 2122 verbis
691 2060 898 2135 expositurus
921 2075 960 2120 ea
980 2074 1062 2132 quae
1083 2058 1244 2133 antiquior
1263 2059 1359 2132 poeta
1371 2059 1485 2133 hymni

216 2156 369 2217 homerici
392 2158 427 2217 in
450 2158 549 2236 Apoll.
577 2162 750 2224 160-163
774 2163 997 2222 enarraverat:

460 2261 645 2340 μνησάμεναι
668 2260 787 2342 ἀνδρῶν
810 2283 840 2322 τε
863 2265 998 2321 παλαιῶν
1022 2255 1075 2338 ι’χδέ
1096 2267 1248 2340 γυναικῶν

460 2361 557 2441 ὕμνον
580 2361 743 2441 ἀείδουσιν,
765 2361 907 2444 θέλγουσι
931 2359 963 2423 δὲ
986 2356 1052 2440 φῦλ’
1080 2359 1261 2440 ἀνθρώπων·

460 2464 581 2526 πάντων
606 2461 634 2527 δ’
661 2464 834 2545 ἀνθρώπων
857 2462 962 2542 φωνὰς
985 2461 1035 2524 καὶ
1069 2462 1305 2543 κρεμβαλιασιὺν

461 2563 589 2646 μιμεῖσθ’
614 2568 723 2646 ἴσασιν,

217 2667 264 2727 ita
297 2683 368 2729 rem
402 2671 479 2746 agit,
511 2672 549 2732 ut
578 2687 657 2732 suae
691 2671 811 2732 aetatis
838 2685 964 2731 morem
995 2669 1115 2744 teneat,
1139 2668 1317 2741 dividitque
1340 2668 1488 2743 chorum,

217 2783 295 2829 nam
329 2771 366 2830 ut
400 2771 561 2833 Lucianus
595 2773 682 2844 (Soli.
719 2774 772 2842 30)
807 2773 934 2832 monet:
969 2769 1079 2846 „adim
1110 2764 1163 2846 μὲν
1193 2766 1248 2849 γὰρ
1272 2767 1304 2827 oi
1328 2765 1415 2828 αὐτοὶ
1437 2765 1489 2826 καὶ

215 2862 291 2953 ᾖδον
325 2869 375 2930 καὶ
406 2867 565 2950 ὠρχοῦντο,
590 2867 637 2934 εἶτ’
663 2871 786 2951 ἄμεινον
810 2871 909 2946 ἔδοξεν
933 2869 1079 2943 ἄλλους
1108 2867 1248 2940 αὐτοῖς
1278 2867 1487 2952 ὑπᾴδειν”.

216 2971 251 3031 Id
275 2975 386 3034 nostro
408 2973 477 3034 loco
501 2991 626 3050 quoque
646 2976 767 3037 indicat
791 2975 1008 3036 Callimachus
1034 2973 1130 3034 verbo
1152 2969 1290 3053 ὑπᾴδειν,
1312 2972 1364 3032 cui
1390 2971 1489 3032 verbo

215 3073 323 3150 igitur,
358 3074 433 3135 licet
463 3078 627 3152 epicorum
661 3095 703 3139 ex
740 3092 829 3138 more
863 3090 882 3134 a
913 3091 998 3136 nunc
1030 3089 1155 3149 quoque
1186 3073 1220 3132 in
1251 3074 1317 3133 arsi
1351 3073 1489 3146 longum

216 3177 335 3251 servet,
366 3192 501 3238 sensum
532 3180 646 3241 tribuit
669 3181 779 3241 minus
802 3179 936 3240 solitum
959 3194 1019 3239 nec
1042 3180 1155 3238 tamen
1177 3175 1363 3250 obscurum,
1388 3189 1489 3247 quem

216 3278 382 3351 cognitum
416 3280 575 3340 habemns
605 3282 638 3342 in
670 3282 776 3343 verbis
804 3278 1030 3359 ὑιιοιιιθορίζιιν
1057 3276 1213 3353 travisio,
1244 3277 1341 3336 etex
1365 3275 1489 3336 Aristo·

215 3379 331 3453 phanis
354 3380 455 3442 Bullia
479 3398 527 3442 vs·
553 3384 617 3444 366
645 3382 807 3459 „uvailoror
831 3385 962 3461 χοροῖσιν
986 3378 1144 3464 ὑπᾴδων”.

260 3480 409 3543 Deliades
436 3499 518 3557 quae
549 3483 674 3561 „andoin
705 3482 927 3561 πλήσσουσι
954 3480 1094 3560 χορίτιδες
1120 3474 1250 3557 ἀσφαλὲς
1273 3468 1389 3550 οὖδας”
1413 3479 1488 3538 adu·

215 3583 412 3643 lescentulos
448 3585 632 3647 Phaeacum
666 3586 847 3661 imitantur,
885 3585 939 3658 qui
970 3585 1091 3644 11264
1130 3576 1300 3659 ,πέπληγον
1335 3575 1368 3638 δὲ
1398 3580 1488 3658 χορὸν

215 3689 302 3746 θεῖον
331 3686 451 3746 coola&
481 3688 556 3761 Ipsa
587 3689 699 3748 autem
723 3687 863 3747 imitatio
886 3686 993 3759 arguit
1017 3683 1262 3758 Callimachum,
1286 3681 1405 3742 collato
1427 3681 1487 3742 for·

215 3790 305 3849 tasse
335 3788 490 3851 vocabulo
517 3789 691 3868 χοροιτύπος
714 3788 918 3867 (χοροιιοιιίνγ,
944 3802 1057 3849 eorum
1080 3784 1338 3859 interpretationi
1365 3783 1487 3844 iarbae

217 3891 271 3964 qui
294 3892 328 3951 ln
359 3891 414 3952 illo
435 3891 598 3965 Odysseae
620 3907 718 3952 versu
740 3888 858 3969 χορὸν
882 3889 1065 3964 acciperent
1088 3888 1127 3948 de
1150 3881 1215 3947 eolo
1237 3900 1257 3944 a
1276 3885 1487 3948 saltatoribus

216 3994 344 4069 pulsato
372 3987 403 4069 ¹),
434 4009 538 4068 neque
561 4009 636 4054 oum
664 3993 704 4054 iis
727 3992 893 4054 censuisse
917 3992 972 4064 qui
995 3991 1034 4050 de
1058 3990 1128 4064 ipsa
1150 3988 1310 4048 οοῑοοιιοιιι
1333 3988 1486 4063 accipien-

216 4096 294 4155 dum
313 4095 474 4171 putarent,
495 4111 575 4169 quos
594 4097 707 4170 postea
726 4095 859 4155 secutus
879 4095 931 4155 est
950 4091 1112 4165 Vergilius
1124 4088 1201 4149 Aen.
1214 4088 1267 4148 Vl.
1282 4091 1347 4150 644
1360 4089 1406 4149 ita
1420 4104 1485 4149 vor·

216 4212 291 4257 sum
310 4197 510 4258 homericum
530 4197 778 4272 interpretatus:
794 4210 875 4271 pare
890 4188 1020 4270 pedibas
1033 4192 1192 4268 plaudunt
1211 4191 1346 4251 choreas.
1365 4190 1486 4264 Nequis

216 4298 347 4375 erraret,
372 4313 436 4359 non
467 4297 574 4378 ,χορὸν
605 4296 791 4376 ιιλήοσοοσι”
816 4297 899 4357 dixit
933 4294 1160 4368 Callimachus,
1187 4307 1301 4352 verum
1328 4290 1484 4370 ,χορίιιδις

216 4398 399 4477 ιιιήοοοοσιν
433 4395 608 4477 ἀσφαλὲς
642 4390 797 4470 oddae&
833 4399 939 4473 Atque
975 4398 1054 4459 haec
1088 4395 1205 4456 ultima
1239 4394 1337 4454 verba
1366 4407 1484 4454 novam

252 4628 701 4696 ¹)or.nenrsnretar0r.p.1oo.
777 4699 793 4716 ⁶
