3104 5286
564 405 566 408 Α
661 450 723 510 125

51 658 146 701 mam
167 642 256 699 enim
276 640 373 700 huius
388 640 435 700 rei
446 641 644 714 potestatem
664 640 818 713 quoniam
830 640 992 700 Artemidi
1004 641 1145 701 Lucinae
1157 642 1278 703 addicit
1293 635 1327 719 ¹),

51 743 220 817 nymphas
243 740 390 801 Deliacas
420 742 487 800 iam
511 742 588 800 nato
616 741 745 801 Phoebo
769 737 918 818 ἕλειθυίης
942 739 1022 820 ἱερὸν
1046 738 1131 815 μέλος
1155 742 1234 803 iacit
1257 759 1329 803 cau-

52 847 165 904 lantes
191 859 239 902 vs.
258 843 331 917 255,
355 842 412 901 sed
429 842 535 916 ipsam
552 841 647 901 deam
659 841 828 914 ilithyiam
839 842 935 916 plane
948 858 1023 903 cum
1035 842 1139 903 Diana
1151 845 1329 905 coniunxit.

52 947 170 1019 Itaque
213 960 288 1006 cum
330 944 487 1004 Lucinam
521 944 591 1018 ipse
632 959 758 1019 quoque
796 944 941 1005 invocari
978 944 1073 1020 fingit
1111 961 1131 1006 a
1165 947 1331 1021 puerperis

1 1045 2 1050 ’
55 1047 159 1107 veluti
184 1047 282 1121 epigr.
308 1047 368 1106 54:

271 1145 330 1233 ,καὶ
353 1146 443 1207 πάλιν
467 1146 622 1225 Εἰλήθυιαν
644 1146 831 1218 Λυκαινίδος
855 1144 925 1207 ilci
946 1149 1092 1227 καλεύσης

326 1245 445 1328 εὔλοχος
469 1244 587 1309 ὠδίνων
610 1238 669 1309 ὦδε
692 1247 748 1309 σὺν
773 1245 901 1333 νῦτοκίῃ·

283 1341 322 1422 ὧς
345 1350 412 1411 τόδε
434 1358 492 1410 νῦν
516 1346 585 1428 μὲν,
608 1347 739 1428 ilvam«,
760 1348 851 1429 κόρης
874 1349 963 1429 ὕπερ,
986 1347 1052 1410 ἀντὶ
1075 1347 1107 1410 δὲ
1129 1349 1237 1423 παιδὸς

327 1451 451 1532 ὕστερον
474 1450 589 1529 εὐώδης
611 1449 731 1512 ilion
754 1450 827 1529 νηὸς
850 1450 924 1530 ἔχοι,

1 1595 3 1617 r
54 1555 153 1630 plane
184 1555 345 1614 incertum
377 1557 428 1615 est
458 1556 568 1614 utrum
601 1555 746 1616 Aricinis
782 1570 823 1615 au
853 1551 986 1629 ilithyia
1016 1556 1197 1632 invocetur3
1229 1571 1333 1631 neque

56 1656 238 1730 quidquam
262 1656 360 1716 reiert
392 1648 424 1726 ²),

102 1965 192 2025 Rara
226 1967 338 2026 autem
368 1965 466 2027 huius
495 1965 624 2040 generis
655 1968 733 2026 sunt
764 1967 925 2043 exempla.
962 1966 1209 2030 eoncedendum
1245 1970 1333 2031 enim

59 2067 123 2126 erit
153 2067 288 2127 deorum
319 2082 437 2142 agmen
467 2067 575 2141 potius
607 2067 792 2140 aequalium
822 2083 913 2128 more
945 2069 1055 2144 augeri
1086 2086 1106 2130 a
1136 2069 1335 2131 Callimacho

61 2183 161 2241 quam
187 2168 375 2228 comminui.

105 2270 214 2330 Huius
233 2271 281 2329 rei
299 2270 382 2330 duae
401 2270 571 2345 praecipue
590 2272 668 2330 sunt
687 2271 918 2331 memorandae
931 2286 1062 2348 causae,
1083 2289 1221 2347 quarum
1233 2274 1337 2335 altera

10 2406 11 2454 ,
62 2372 171 2446 magis
191 2371 231 2431 ad
248 2371 420 2431 universae
439 2370 592 2431 Graeciae
611 2371 802 2445 religionem
822 2374 958 2448 spectat,
980 2372 1084 2434 altera
1102 2389 1177 2434 cum
1197 2375 1335 2436 Alexan·

0 2512 11 2550 a
62 2473 157 2533 drina
176 2472 310 2533 civitate
330 2471 531 2532 coniunctior
549 2473 609 2531 est.
632 2471 720 2546 Quod
740 2472 780 2532 ad
799 2473 941 2548 priorem
965 2475 1097 2551 attinet,
1116 2475 1336 2550 polytheismo

10 2614 11 2619 κ
62 2575 212 2635 inhaeret
238 2574 370 2633 licentia
395 2574 553 2647 quaedam
574 2588 677 2634 novos
697 2574 774 2635 deos
794 2575 965 2635 formandi.
994 2575 1128 2637 Praeter
1152 2577 1333 2654 Olympios,

10 2726 11 2730 ,
62 2676 239 2751 theogonia
253 2675 402 2749 legitima
417 2675 563 2735 munitos
582 2675 809 2749 stabilitosque
829 2676 919 2736 cuitu
935 2677 1082 2752 antiquo,
1104 2681 1338 2739 novenumina

62 2778 125 2837 sibi
157 2776 279 2851 fingere
308 2792 488 2850 numquam
519 2777 734 2852 desistebant,
766 2778 887 2837 terram
924 2779 1021 2851 atque
1055 2780 1173 2854 terras,
1205 2779 1336 2855 fluvios,

63 2880 166 2940 animi
197 2879 334 2952 denique
357 2879 503 2939 affectus.
533 2878 621 2953 Quae
644 2880 755 2939 omnia
773 2880 900 2952 quando
923 2880 1067 2955 primum
1090 2881 1210 2941 divinis
1232 2881 1339 2941 titulis

62 2981 282 3042 salutaverint
319 2983 447 3056 poetae,
484 2981 675 3055 quandoque
713 2996 756 3040 ex
785 2982 1016 3057 prosopopoeia
1043 2983 1148 3058 primo
1182 2997 1338 3057 personae

1 3103 2 3114 ¹
62 3084 245 3159 mythicae,
277 3098 357 3143 mox
387 3083 438 3142 dei
469 3085 557 3143 certo
588 3083 677 3142 cultu
708 3084 815 3143 ornati
846 3084 909 3144 orti
939 3083 1019 3158 siut,
1051 3083 1104 3143 hic
1135 3099 1199 3144 uon
1229 3083 1340 3144 licebit

63 3185 237 3260 exquirere
250 3177 287 3258 3);
319 3185 350 3243 id
382 3185 489 3244 solum
521 3184 760 3245 observandum
784 3185 913 3246 videtur
942 3201 1006 3246 uon
1033 3186 1113 3246 adeo
1141 3186 1235 3247 unice
1258 3187 1339 3247 anti-

62 3288 228 3362 quissima
256 3287 375 3346 dilecta
397 3286 499 3346 fuisse
523 3286 736 3362 Callimacho,
762 3289 799 3347 ut
822 3287 969 3348 carmina
991 3302 1150 3348 exornare
1174 3291 1341 3349 vereretur

63 3389 224 3463 mythicis
255 3389 401 3462 personis
432 3403 514 3462 quas
543 3388 676 3447 Hesiodi
708 3387 872 3462 theologia
895 3390 1063 3464 respueret
1085 3391 1143 3449 aut
1165 3389 1338 3464 ignoraret.

61 3492 174 3551 Immo
191 3489 327 3549 ulterius
340 3504 438 3563 quam
455 3488 580 3561 antiqui
592 3488 750 3564 procedit,
763 3488 859 3548 itaut
871 3489 955 3564 apud
968 3505 1044 3550 eum
1056 3504 1099 3549 ex
1109 3492 1342 3568 prosopopoeia

62 3593 223 3653 nascatur
256 3606 334 3651 vera
371 3590 583 3664 mythologie.
625 3589 815 3649 Fluviorum
854 3591 942 3650 enim
977 3592 1055 3652 deos
1088 3592 1118 3651 si
1151 3595 1340 3668 praesentes

63 3694 165 3754 rebus
196 3693 312 3768 sacris,
348 3692 378 3751 si
400 3692 534 3752 deorum
561 3706 747 3751 sermonem
779 3691 965 3768 loquentes,
998 3693 1027 3752 si
1059 3693 1203 3754 adiectos
1233 3694 1341 3755 dolore

62 3794 333 3855 misericordiave
362 3793 455 3868 iacit,
494 3792 624 3867 qualem
659 3793 854 3867 praesertim
884 3793 1031 3868 depinxit
1064 3794 1224 3871 Peneum,
1260 3796 1342 3856 nihil

63 3895 146 3957 novi
177 3895 311 3955 molitur
322 3888 356 3964 ⁴).
388 3896 433 3955 At
463 3896 496 3954 in
527 3897 633 3954 terrae
662 3894 862 3970 regionibus,
895 3896 928 3954 in
958 3894 1105 3971 urbibus,
1133 3894 1342 3957 montibusve

103 4139 124 4199 ¹)
144 4141 207 4188 Vide
225 4154 303 4201 supra
320 4154 378 4201 pag.
399 4142 443 4197 28;
462 4143 493 4189 to
511 4155 544 4204 sq.

101 4218 124 4284 ²)
143 4222 182 4270 Oi.
191 4223 292 4270 Authoi.
311 4221 365 4270 Pal.
375 4222 417 4269 v1.
427 4222 475 4269 200
484 4236 533 4285 sqq.
544 4220 654 4278 -Quid
668 4221 700 4268 do
718 4218 838 4280 Ilithyiae
856 4222 927 4267 cuitu
946 4220 1016 4280 apud
1034 4221 1181 4268 Oreteneee.
1201 4221 1245 4280 qui
1260 4224 1342 4268 ortam

61 4301 140 4365 apud
166 4316 194 4349 ce
220 4303 297 4350 huius
319 4302 383 4349 deae
404 4302 554 4361 religionem
577 4300 688 4359 indeque
709 4301 823 4348 Athenas
845 4301 979 4347 advectum
1000 4300 1176 4359 gloriabantur
1192 4299 1236 4355 (ci.
1254 4300 1342 4360 Steph.

62 4385 131 4445 Byr..
150 4385 164 4430 i.
182 4397 205 4429 ν.
220 4384 327 4444 Piratae)
345 4382 518 4430 callimachus
534 4380 694 4440 iudicaverit,
711 4393 761 4426 nou
779 4382 926 4426 constater
945 4380 975 4426 ir.
996 4381 1051 4426 too.

100 4461 126 4527 ³)
143 4464 277 4510 Materiam
304 4462 496 4509 accuratissime
523 4460 657 4506 collectam
685 4459 734 4506 rite
757 4459 886 4518 disposuit
905 4459 1059 4518 Steudiuger
1077 4457 1344 4522 „Lokalpersonificati-

59 4543 146 4594 θηρί’
164 4541 257 4588 Roeoh.
274 4541 335 4588 Lex.
353 4540 388 4587 11.
407 4540 480 4587 toll.

100 4621 126 4684 ⁴)
144 4621 200 4669 Nou
218 4621 301 4679 magis
318 4623 405 4666 tamen
423 4631 499 4678 quam
518 4619 597 4665 ceteri
614 4620 706 4677 poetae
724 4617 823 4676 antiqui
840 4618 866 4663 iu
882 4617 931 4663 heo
945 4630 974 4663 re
986 4616 1036 4663 sibi
1051 4620 1151 4664 consui
1163 4618 1344 4667 callimachus.
