3068 5294
813 466 876 523 220
1236 465 1278 523 11.
1308 463 1459 525 loo-113
1526 501 1528 504 -

208 667 294 713 nunc
316 668 373 727 per
396 668 491 714 aures
515 668 630 714 sonare
653 654 767 727 poetae
791 655 902 715 monet
925 649 1052 728 οὔατα,
1073 653 1107 712 in
1127 652 1242 714 eadem
1266 652 1343 715 sede
1364 667 1462 715 versus
1524 724 1525 728 Ἰ

210 754 403 816 collocatum
426 770 524 830 quam
549 756 615 816 iere
638 756 824 816 constanter
847 756 944 816 huius
969 754 1115 816 vocabuli
1142 754 1266 816 formae
1290 756 1465 831 trisyllabus

210 858 294 933 apud
324 857 505 919 Homerum
535 859 725 932 servarunt;
757 862 869 919 monet
899 857 978 919 illud
1014 855 1186 937 „Konopion
1218 863 1364 935 ποταμοῖο
1391 854 1468 937 μέγας
1527 867 1528 876 ’

210 957 300 1038 ῥόος”
335 960 419 1034 quod
454 961 655 1021 homericum
691 975 822 1021 versum
868 957 981 1038 „udrdp
1016 956 1078 1020 ἐπεὶ
1112 962 1256 1036 ποταμοῖο
1291 958 1377 1019 λίπεν
1409 958 1470 1040 ῥόον

207 1056 384 1121 Ὠκεανοῖο”
409 1067 448 1138 (μ.
475 1064 503 1132 1)
529 1062 612 1124 ultro
635 1064 767 1124 revocat
789 1062 823 1123 in
846 1062 1058 1143 memoriam;
1091 1064 1163 1122 tum
1186 1063 1270 1136 quod
1295 1077 1393 1123 versu
1417 1063 1470 1123 111

212 1180 271 1225 suo
302 1180 392 1226 more
422 1164 537 1225 leviter
568 1164 702 1226 Homeri
734 1180 866 1225 versum
887 1165 1055 1225 inmutans
1077 1164 1161 1225 ludit
1183 1164 1217 1224 in
1242 1163 1351 1226 verbis
1374 1166 1471 1225 home-

211 1267 287 1328 riois
321 1267 360 1324 Π.
392 1265 456 1327 825
491 1265 635 1342 „aliunde
668 1260 738 1343 ἀμφ’
774 1261 894 1346 ilipa&
926 1281 1008 1340 quae
1039 1267 1086 1327 ita
1117 1266 1238 1327 reddit:
1277 1265 1423 1342 „altenag
1451 1263 1474 1338 ἐξ

213 1367 292 1447 ἱερῆς
316 1362 399 1447 ὀλίγη
423 1366 547 1445 1οβάς”;
579 1369 612 1429 et
642 1368 726 1442 quod
751 1369 927 1443 opportune
950 1369 1138 1429 recordatus
1160 1369 1300 1443 Neptuni
1325 1369 1381 1442 qui
1405 1368 1474 1430 olim

212 1471 432 1531 Phaeacorum
455 1485 573 1530 navem
598 1472 803 1531 converterat
824 1470 858 1531 in
881 1470 1020 1546 lapidem
1045 1467 1135 1550 „xerat
1154 1474 1343 1549 καταπρηνεῖ
1358 1468 1477 1541 ἐλάσας”

213 1578 249 1643 (ν.
272 1574 346 1643 164)
369 1573 439 1632 sive
462 1571 605 1648 Intimilii,
629 1587 711 1646 quae
738 1568 829 1650 „pupi
852 1576 1039 1651 καταπρηνεῖ
1058 1567 1086 1631 δ’
1113 1569 1197 1632 ἔλασε
1219 1571 1318 1651 χθόνα
1337 1568 1389 1631 καὶ
1410 1570 1479 1647 φάτο

213 1676 336 1752 podest
369 1675 487 1751 (hymn.
519 1674 601 1734 bom.
634 1675 669 1733 in
693 1674 792 1749 Apoll.
819 1675 904 1750 333),
927 1675 967 1735 de
990 1674 1137 1749 Apolline
1158 1674 1285 1735 infenso
1308 1674 1397 1735 idem
1420 1674 1480 1734 fere

214 1777 396 1837 narratus.
425 1777 485 1836 107
514 1772 604 1851 „noll
628 1769 649 1834 α’
674 1772 854 1853 ἤλαυν’.

158 1877 161 1883 ’
257 1877 299 1937 Et
332 1878 421 1953 haec,
457 1878 608 1951 quamvis
639 1893 695 1952 per
726 1893 762 1938 se
797 1879 882 1939 haud
914 1878 1024 1951 magni
1051 1878 1220 1953 momenti,
1254 1877 1352 1951 digua
1374 1880 1479 1939 tamen

215 1979 406 2039 videbantur
437 1994 519 2053 quae
543 1994 772 2056 memorarem,
797 1995 837 2040 ne
864 1983 988 2041 temere
1020 1979 1253 2040 assentiremur
1280 1979 1478 2054 Schneidero,

216 2096 312 2141 versu
345 2082 407 2141 110
439 2096 495 2155 pro
526 2079 609 2161 ὕδωρ
641 2082 704 2157 legi
734 2083 857 2143 iubenti
886 2079 986 2153 ὕδεας.
1016 2081 1100 2142 Nam
1131 2080 1277 2141 codicum
1300 2081 1478 2156 lectionem,

214 2199 297 2258 quae
328 2186 362 2244 et
392 2183 456 2244 alia
486 2183 625 2245 fortasse
656 2185 787 2246 habebit
813 2185 931 2259 quibus
965 2200 1001 2245 se
1031 2183 1191 2259 defendat,
1224 2182 1276 2243 vel
1302 2197 1341 2243 eo
1366 2182 1480 2244 mutari

217 2289 368 2347 vetamur
397 2287 480 2359 qnod
510 2287 544 2347 in
575 2287 682 2348 verbis
716 2285 791 2363 „oda
821 2284 881 2346 ἀπὸ
905 2284 1015 2358 παναὸς
1037 2284 1119 2364 ὕδωρ
1143 2281 1306 2362 pupione?
1331 2284 1479 2345 homerici

216 2404 332 2448 versus
366 2386 437 2464 „ccl
465 2409 516 2447 κεν
538 2386 621 2467 ὕδωρ
644 2386 764 2468 φορέοις
788 2388 962 2467 Μεσσηίδος
984 2384 1004 2466 ἢ
1023 2382 1193 2466 Ἵπερείης”
1218 2388 1262 2456 (Ζ.
1287 2387 1364 2456 457)
1389 2386 1480 2447 mani·

216 2489 301 2551 festa
335 2493 386 2551 est
419 2490 607 2551 recordatio
638 2491 749 2565 Neque
781 2491 887 2564 magis
912 2490 1086 2566 persuadet
1108 2489 1188 2549 mihi
1212 2488 1429 2550 Schneiderus
1450 2487 1481 2547 ut

215 2607 264 2653 vs.
291 2592 352 2653 108
382 2587 417 2651 αὰ
448 2588 542 2651 πολλὰ
570 2608 646 2653 cum
669 2593 817 2668 sequenti
842 2608 919 2654 voce
942 2591 1056 2670 λύμααα
1081 2590 1340 2664 coniungendam
1364 2592 1479 2665 putem,

214 2694 262 2756 ita
289 2694 376 2754 enim
407 2692 545 2755 moleste
577 2693 752 2755 abundabit
775 2694 947 2770 articulus;
972 2693 1136 2755 contrasi
1160 2689 1312 2752 τὰπολλὰ
1337 2693 1480 2767 interpre

213 2797 324 2857 temur
358 2791 417 2873 „uic
448 2792 496 2854 ἐπὶ
526 2797 682 2857 πλεῖστον’
714 2797 861 2858 maxime
892 2796 1062 2857 conveniet
1086 2810 1200 2856 versus
1224 2796 1391 2855 structura
1414 2807 1480 2855 cum

215 2900 284 2959 arte
316 2897 521 2973 Callimacb15
558 2898 754 2960 adiectivum
788 2899 875 2960 enim
906 2895 1017 2961 nolim
1047 2912 1111 2958 non
1140 2897 1248 2957 solum
1275 2896 1315 2957 ad
1339 2892 1480 2974 συρφετὸν

215 3001 356 3076 pertinet
378 3001 434 3062 sed
459 3001 688 3061 retrahendum
711 3016 837 3075 quoque
861 3000 975 3062 estad
995 2999 1109 3076 λύματα
1132 2998 1182 3068 (cf.
1205 3012 1304 3072 supra
1323 2997 1364 3058 ad
1385 3012 1433 3058 vs.
1446 2996 1479 3065 8).

216 3103 385 3163 Postremo
403 3117 518 3163 moneo
535 3103 732 3163 adiectivum
745 3099 918 3179 ἀχράαναας,
929 3116 1128 3175 quamquam
1141 3115 1204 3161 non
1216 3099 1359 3160 Homero
1372 3112 1479 3160 verum

216 3205 400 3278 tragoediae
430 3204 574 3265 debitum
606 3205 655 3277 (ci.
688 3204 827 3279 Euripid.
856 3204 924 3280 1ch
949 3203 1021 3264 Aul.
1049 3204 1144 3272 1574)
1167 3200 1323 3264 consulto
1348 3218 1368 3263 a
1395 3202 1481 3276 poeta

217 3307 411 3367 distractum
434 3322 506 3367 esse
531 3322 572 3368 ex
590 3306 688 3367 solita
706 3305 811 3367 forma
831 3302 984 3384 ἄχραντος,
1002 3307 1039 3365 ut
1058 3306 1165 3365 sonitu
1186 3318 1342 3364 revocans
1363 3299 1481 3362 adiecti·

221 3423 298 3468 vum
321 3408 522 3469 homericum
546 3405 721 3489 ἀκράαναας,
747 3408 856 3482 opicae
879 3408 1010 3468 dictioni
1033 3407 1196 3483 proprium
1219 3420 1293 3466 esse
1316 3404 1480 3465 videretur.
