3068 5288
826 405 866 462 72

209 592 357 652 Aristeae
389 592 560 668 miracula,
588 592 779 665 fabulaeque
804 591 843 675 de
867 591 1067 668 Arimaspis,
1091 592 1131 653 de
1154 592 1316 667 Grypibus
1339 607 1533 653 summo‘

208 708 283 770 pere
314 693 454 754 Graecos
484 693 750 754 delectaveraut?
785 693 876 753 Haec
909 696 1020 754 autem
1051 694 1153 754 animi
1176 693 1361 754 oblectandi
1385 709 1520 754 causa»

207 795 300 856 initio
330 793 407 855 licta
438 810 513 855 cum
536 795 691 869 religione
714 795 836 854 arctius
871 795 1021 868 coniungi
1053 797 1168 870 coepta
1198 797 1305 872 erant,
1340 811 1414 856 cum
1440 795 1485 855 ad

208 897 435 972 Hyperboreos
476 896 637 972 Apollinis
676 896 846 957 ministros
884 897 1132 970 antiquissimos
1180 896 1389 957 referrentur.
1430 895 1477 955 Vi·

208 1001 301 1061 derat
331 998 551 1061 Callimachus
581 998 613 1058 id
639 985 816 1058 facientem
839 998 1055 1075 Hecataeum,
1087 999 1142 1073 qui
1166 998 1200 1058 in
1224 1000 1343 1058 ceteris
1366 996 1480 1059 studiis

208 1117 312 1175 neque
342 1101 392 1161 dis
424 1100 555 1160 Graecis
578 1114 681 1173 neque
705 1100 838 1160 omnino
862 1100 1009 1174 religioni
1032 1099 1162 1176 favens,
1188 1100 1330 1160 eundem
1350 1100 1479 1160 Graeco-

208 1219 282 1263 rum
313 1202 485 1262 numinum
516 1201 655 1275 cultum,
688 1216 785 1275 quem
808 1201 889 1261 libro
912 1201 952 1261 de
976 1201 1071 1261 rebus
1102 1201 1313 1277 Aegyptiacis
1337 1201 1482 1261 funditus

207 1306 381 1380 everteret,
414 1300 499 1363 fictis
523 1305 634 1364 tamen
658 1302 777 1363 fabulis
801 1306 973 1376 tamquam
996 1304 1065 1363 1616
1084 1302 1278 1378 postliminii
1298 1303 1481 1364 restituisse

208 1406 387 1481 videbatur,
409 1420 487 1465 narn
507 1406 547 1465 ad
568 1405 731 1466 elementa
751 1404 888 1480 physica
906 1404 1047 1479 rettulit,
1069 1407 1127 1466 aut
1146 1405 1321 1466 interram
1346 1404 1482 1464 detrusit

208 1508 286 1568 deos
328 1506 474 1582 Olympi;
523 1509 671 1567 attamen
713 1516 846 1581 prorsus
884 1521 902 1566 e
933 1506 1003 1567 vita
1036 1506 1215 1566 tollendam
1250 1521 1324 1567 esse
1342 1521 1344 1525 ·
1360 1505 1480 1580 religio

209 1624 286 1669 nem
316 1608 465 1683 negabat.
502 1609 569 1684 Quo
603 1607 728 1668 1661661
763 1622 836 1668 6666
866 1608 1004 1684 videtur,
1037 1610 1074 1669 ut
1105 1606 1340 1684 Callimachus,
1374 1622 1480 1682 quam·

208 1725 307 1786 quam
343 1710 497 1771 Hecataei
523 1709 653 1785 placitis
680 1710 887 1770 adversarius
914 1709 1075 1785 1111611666,
1100 1709 1242 1770 taliade
1266 1708 1480 1784 Hyperboreis

209 1815 407 1873 memoraret
448 1827 531 1886 quae
573 1811 730 1871 Hecataei
768 1810 990 1871 narrationem
1025 1811 1184 1886 respicere
1215 1811 1268 1871 hic
1302 1810 1371 1872 illic
1400 1811 1478 1870 vide·

209 1913 336 1974 bantur.
361 1914 399 1973 In
422 1915 573 1973 extrema
596 1912 762 1973 occidente
781 1912 885 1972 -ita
909 1912 937 1971 is
961 1911 1027 1972 1616
1046 1914 1200 1973 —extra
1222 1913 1295 1973 vias
1314 1912 1478 1986 Aquilonis

209 2015 294 2076 iacet
328 2015 425 2076 tellus
460 2014 552 2074 ouius
587 2012 712 2073 incolae
747 2010 806 2072 ἀπὸ
842 2020 894 2072 τοῦ
925 2011 1113 2090 6666661666
1144 2017 1263 2073 κεῖσθαι
1289 2021 1342 2091 τῆς
1366 2013 1478 2092 βορείου
1531 2015 1533 2080 ἶ

211 2124 306 2193 πνοῆς
336 2114 537 2191 Hyperborei
569 2115 728 2191 dicuntur,
761 2114 869 2175 insula
899 2115 1025 2175 scilicet
1055 2112 1087 2174 ἐν
1111 2119 1171 2186 τοῖς
1193 2111 1412 2194 καταντιαέραν
1432 2122 1477 2191 τῆς

213 2219 355 2294 Κελτικῆς
397 2217 477 2291 6116,
520 2216 747 2291 magnitudine
788 2231 853 2303 non
895 2217 1001 2276 minor
1036 2232 1134 2291 quam
1170 2217 1290 2278 Sicilia.
1326 2217 1477 2277 Helixoea

210 2318 339 2379 insulae
382 2333 515 2394 nomen,
558 2332 641 2393 quae
683 2319 717 2378 61
754 2317 923 2378 fertilitate
957 2320 1103 2394 praestat
1136 2318 1289 2380 omnibus
1322 2320 1420 2380 terris
1449 2319 1477 2378 61

211 2420 400 2496 sanctitate,
423 2420 577 2494 quoniam
600 2418 743 2479 Latonae
767 2421 819 2478 est
840 2419 956 2493 patria.
981 2418 1110 2480 Incolae
1132 2421 1244 2480 autem
1263 2435 1379 2480 sacrae
1401 2420 1476 2480 insu·

211 2521 261 2581 lae
292 2522 362 2581 sive
392 2520 553 2596 Apollinis
581 2523 658 2580 sunt
686 2520 872 2580 sacerdotes
897 2520 974 2580 sive
997 2521 1199 2597 citharistae,
1225 2536 1366 2595 quorum
1390 2522 1477 2581 cantu

211 2623 342 2683 cottidie
376 2623 479 2683 honor
514 2622 694 2682 celebratur
724 2621 798 2698 Dei,
830 2623 907 2682 ante
934 2622 1182 2682 sanctissimum
1212 2623 1283 2683 eius
1314 2622 1476 2698 templum.

209 2724 293 2785 Illud
320 2724 427 2785 1611116
456 2723 596 2784 rotunda
617 2722 719 2782 161666
750 2722 834 2782 dixit
857 2723 1056 2800 Hecataeus,
1082 2720 1284 2800 σφαιροειδές,
1307 2727 1345 2784 61
1368 2723 1475 2798 ligura,

210 2827 331 2902 opinor,
362 2825 505 2887 universi
529 2823 708 2899 imaginem
728 2823 877 2884 redderet
896 2824 1023 2899 mundi,
1045 2839 1123 2885 nam
1142 2825 1204 2886 1611
1222 2825 1285 2885 hoc
1304 2825 1339 2884 in
1358 2825 1477 2900 placitis

208 2928 406 3004 philosophi,
427 2926 587 2985 mundum
606 2924 763 3000 sphaerae
775 2924 882 2985 forma
894 2940 967 2985 esse
978 2926 1162 3000 praeditum
1177 2920 1208 2996 ¹).
1229 2926 1366 3001 Propria
1377 2926 1478 3000 lingua

210 3029 411 3105 Hyperborei
434 3030 584 3101 utuntur;
616 3027 696 3087 nulli
719 3027 809 3102 genti
833 3028 938 3102 magis
962 3042 1061 3102 quam
1085 3028 1226 3089 Graecae
1249 3027 1377 3104 favent,
1403 3029 1478 3087 inter

210 3132 351 3192 Graecos
374 3132 486 3190 autem
510 3129 659 3189 maxima
682 3129 910 3189 benevolentia
933 3129 1044 3190 colunt
1064 3129 1282 3190 Athenienses
1299 3114 1344 3190 wet
1367 3129 1477 3190 Delios.

211 3233 251 3292 icc
281 3232 424 3307 proiecto
454 3231 516 3292 1611
546 3246 621 3291 cum
653 3231 693 3291 ad
716 3231 942 3306 Hyperboreos
965 3232 1097 3305 quidam
1122 3230 1478 3307 Graecorum'perveni·

210 3335 300 3407 rent;
333 3333 472 3393 Graecos
504 3346 630 3406 quoque
660 3332 944 3408 Hyperboreorum
975 3330 1034 3393 filii
1064 3334 1213 3394 adierunt
1243 3332 1347 3393 veluti
1370 3331 1479 3393 Aharis

210 3436 278 3511 ille,
311 3435 422 3510 quiin
446 3434 615 3494 Graeciam
638 3434 802 3509 profectus
826 3449 901 3494 cum
924 3434 1026 3494 Deliis
1049 3435 1230 3495 amicitiam
1254 3437 1286 3494 et
1309 3435 1478 3495 necessitu-

211 3538 321 3598 dinem
351 3537 520 3609 antiquam
552 3536 731 3595 renovavit.
754 3569 794 3578 —
816 3535 906 3596 Haec
928 3537 995 3596 1616
1019 3551 1061 3596 ex
1084 3537 1247 3597 Hecataeo
1271 3534 1430 3597 Diodorus
1449 3529 1477 3603 ²).

210 3640 317 3700 Pauca
340 3638 500 3698 addantur
523 3652 565 3697 ex
588 3635 724 3696 Aeliano
749 3635 800 3707 (N.
813 3635 855 3696 H.
880 3636 936 3696 XI.
954 3639 992 3713 1),
1022 3653 1060 3698 66
1083 3637 1203 3697 saltem
1226 3651 1309 3710 quae
1333 3637 1478 3711 quodam·

208 3740 305 3801 modo
337 3755 356 3799 a
387 3737 585 3799 Callimacho
615 3737 845 3812 respiciuntur;
878 3739 986 3798 cetera
1015 3739 1103 3798 enim
1131 3737 1301 3812 Hecataei,
1334 3736 1480 3812 quamvis

210 3857 266 3917 per
300 3855 335 3900 66
371 3838 597 3899 observatione
628 3837 835 3913 dignissima,
869 3838 931 3897 huc
963 3853 1027 3898 non
1057 3839 1230 3914 pertinent.
1256 3838 1366 3899 Adicit
1388 3838 1480 3912 igitur

210 3942 380 4016 Aelianus,
405 3939 591 3999 sacerdotes
613 3953 686 3999 esse
709 3936 869 4013 Apollinis
896 3939 929 3998 in
953 3939 1061 3999 insula
1083 3954 1177 3999 sacra
1200 3937 1285 3999 filios
1308 3939 1430 4000 Boreae
1451 3939 1480 3997 et

210 4043 365 4117 Chiones,
402 4045 477 4118 τρεῖς
511 4038 563 4099 τὸν
597 4037 741 4117 ἀριθμὸν,
770 4035 895 4115 ἀδελφοὶ
926 4038 981 4116 τὴν
1011 4044 1114 4116 φύσιν,
1144 4037 1297 4118 ἑξαπήχεις
1327 4038 1361 4100 τὸ
1385 4048 1479 4117 μῆκος.

210 4144 269 4219 Qui
300 4158 376 4203 cum
406 4143 493 4202 stato
525 4143 672 4217 tempore
703 4141 849 4202 solemne
882 4141 1041 4217 Apollinis
1064 4140 1261 4202 sacrificium
1284 4141 1477 4214 instaurant,

209 4260 283 4306 ecce
315 4240 368 4320 ,ἐκ
397 4250 457 4302 τῶν
474 4236 615 4302 Ῥινοαίων
643 4240 720 4302 οὕτω
744 4238 937 4319 καλουμένων
960 4236 1027 4321 παρ’
1050 4241 1152 4315 αὐτοῖς
1171 4238 1250 4323 ὀρῶν
1273 4240 1478 4303 καταπέτονται

240 4496 261 4551 ¹l
278 4501 384 4560 Diogen.
405 4500 489 4549 laert.
506 4499 526 4546 Ι.
548 4503 586 4547 10.

237 4576 349 4643 Ξ16161.
368 4580 402 4626 11.
421 4581 462 4626 rr.
482 4579 575 4626 unirer
593 4578 621 4627 r.
639 4579 673 4627 rr.
691 4579 719 4628 6.
738 4580 774 4626 11.
791 4582 848 4628 aaa.
