3104 5296
29 474 82 534 ΙΙΙ.
112 473 286 533 raa-195
647 473 688 532 95

26 662 88 721 llos
123 662 222 734 igitur
256 660 316 720 sibi
349 659 531 733 sequendos
561 659 692 733 elegans
722 675 786 719 non
817 661 928 720 tamen
960 659 1124 721 homerica
1149 661 1299 736 neglegit.

27 765 100 825 Mox
124 764 213 823 enim
240 777 351 823 vocem
376 762 518 822 Homero
545 761 708 836 propriam
743 758 904 837 ελαμενη
929 766 1019 832 (num
1042 763 1208 837 scripserit
1230 777 1301 823 nos·

26 868 76 926 ter
113 861 275 942 ,εἰαμένη”
309 865 341 924 in
372 864 519 925 codicum
550 863 708 924 varietate
739 863 899 924 incertum
920 866 980 933 est)
1005 864 1161 940 adhibuit,
1184 865 1301 940 plurali

26 968 132 1029 forma
162 982 245 1040 quae
275 966 359 1041 apud
387 967 567 1027 Homerum
591 982 655 1027 non
679 966 828 1041 occurrit,
853 967 888 1025 at
910 966 1032 1040 placuit
1055 969 1128 1041 post
1153 965 1301 1028 Callima·

26 1071 126 1131 chum
150 1069 318 1143 Apollonio
341 1070 392 1139 (ΙΙ.
419 1070 503 1138 795).
517 1067 563 1127 De
590 1067 677 1129 vocis
697 1067 895 1128 derivatione
915 1067 1113 1127 sententiam
1139 1083 1203 1128 non
1226 1068 1302 1128 tulit

26 1172 147 1245 noster,
173 1170 239 1229 vim
264 1171 376 1230 autem
401 1169 555 1231 vocabulo
575 1169 661 1230 dedit
682 1184 766 1245 eam,
783 1185 865 1242 quae
889 1168 983 1243 plane
1001 1169 1213 1238 conveniebat
1225 1185 1299 1231 cum

27 1271 291 1346 interpretatione
326 1271 618 1344 grammaticorum
653 1270 686 1330 ln
722 1271 854 1332 scholiis
886 1270 926 1331 ad
953 1273 988 1329 A.
1012 1272 1094 1347 431;
1123 1271 1154 1332 0.
1179 1274 1253 1347 631,
1278 1273 1300 1332 ii

29 1376 115 1434 enirn
147 1390 210 1435 non
240 1375 370 1433 tantum
404 1371 561 1450 κάθυγρον
594 1372 653 1433 sed
687 1372 787 1432 etiam
824 1371 981 1447 σύμφυτον
1016 1371 1107 1433 τόπον
1142 1390 1214 1435 esse
1251 1390 1300 1435 vo·

27 1475 167 1537 luerunt.
192 1476 243 1535 lta
267 1472 502 1534 Callimachum
530 1487 655 1546 quoque
684 1472 877 1533 vocabulum
902 1473 1106 1547 interpretari
1129 1491 1182 1536 res
1209 1476 1279 1551 ipsa

27 1577 186 1651 declarat;
212 1592 289 1637 nam
307 1576 369 1635 nisi
393 1575 548 1652 ούμφυιος
567 1575 685 1635 inisset
702 1572 805 1651 τόπος,
824 1576 969 1649 nympha
989 1574 1090 1637 latere
1112 1577 1166 1637 vix
1185 1579 1300 1652 potuit.

72 1679 495 1752 llinosautempernovem
508 1692 639 1737 menses
663 1672 824 1752 ,ἐφοίτα
844 1674 1024 1734 παίπαλά
1043 1697 1080 1736 νε
1099 1679 1302 1755 κρημνούς

29 1781 84 1839 νι”
107 1781 252 1854 vs.194;
273 1780 320 1839 lta
332 1779 419 1839 enim
444 1787 552 1854 φοιτᾶν
572 1793 647 1838 cum
662 1778 848 1838 accusativo
861 1778 1053 1851 coniungere
1067 1777 1301 1841 Callimachum

31 1884 142 1956 tragici
163 1883 338 1942 docuerant
357 1881 412 1954 qui
438 1880 558 1957 ,πηδᾶν
577 1878 697 1956 πεδία”,
718 1878 890 1958 ,διφριύειν
902 1876 1049 1958 riceyo?
1062 1882 1187 1943 attalia
1197 1883 1302 1945 dicero

31 1984 236 2057 adamabant,
250 2017 289 2025 -
300 1981 434 2041 παίπαλα
453 1997 529 2042 vero
549 1984 583 2042 et
594 1977 721 2060 νρημνολ
733 1982 808 2053 quia
821 1981 934 2042 eodem
946 1981 1096 2059 redirent,
1110 1984 1302 2046 Schneidero

34 2086 200 2147 videbatur
229 2085 453 2158 corrigendum
488 2098 561 2144 esse
591 2081 733 2159 ννημούς.
757 2082 914 2156 Equidem
938 2098 1011 2143 eam
1038 2083 1144 2159 ipsam
1168 2087 1207 2147 ob
1231 2102 1302 2148 cau·

33 2202 101 2247 sam
137 2188 214 2260 quia
248 2188 378 2246 tantum
413 2201 476 2246 non
511 2185 598 2245 idem
629 2184 750 2245 indicat
780 2187 955 2258 utrumque
990 2187 1194 2264 vocabulum,
1222 2189 1303 2249 nihil

33 2290 226 2350 mutandum
261 2289 453 2350 censuerim.
489 2288 547 2348 Est
578 2288 666 2348 enim
696 2287 959 2363 glossographiae
986 2288 1217 2351 callimacheae
1239 2290 1303 2365 dig·

33 2407 110 2452 num
134 2390 333 2465 exemplum.
365 2390 449 2450 Nam
473 2403 673 2462 quemquam
696 2388 735 2449 de
759 2387 993 2463 significatione
1018 2390 1168 2450 adiectivi
1191 2411 1303 2449 παιπα-

32 2493 105 2566 λόεις
140 2494 223 2553 satis
258 2494 342 2552 inter
377 2491 610 2566 grammaticos
641 2491 820 2566 constabat,
861 2490 995 2551 dubium
1025 2491 1144 2552 inicere
1178 2494 1304 2567 poterat

33 2595 248 2671 compositum
270 2591 492 2654 πολυπαίπαλοι
512 2594 551 2653 de
575 2591 788 2652 Phoenicibus
806 2592 929 2652 dictum
952 2613 979 2652 ο.
1001 2593 1075 2653 419.
1102 2593 1143 2654 ut
1161 2595 1303 2668 proiecto

34 2698 142 2759 iniecit
164 2695 329 2758 nonnullis
348 2696 415 2756 iam
439 2697 515 2755 ante
534 2693 779 2769 Callimachum,
800 2695 953 2767 quoniam
973 2694 1124 2755 callidum
1137 2695 1304 2755 hominem

33 2800 266 2874 Aristophanes
296 2795 473 2874 παιπάλημα
504 2796 632 2856 dixerat
662 2795 729 2865 (Αν.
755 2797 831 2865 430)
855 2797 944 2856 etin
972 2794 1116 2857 Nubibus
1139 2796 1305 2858 Socratem

34 2901 209 2977 Strepsiadi
230 2899 438 2975 pollicentem
461 2898 634 2958 induxerat
658 2901 717 2967 (ve.
743 2898 837 2968 idol:

302 2997 413 3080 ,λέγειν
436 2997 552 3078 γενήσει
580 3003 688 3077 τρῖμμα
712 2997 855 3076 κρόταλον
878 2996 1044 3075 παιπάλη.”

33 3105 71 3165 Et
97 3106 131 3165 in
159 3105 210 3164 his
233 3103 312 3163 locis
334 3101 505 3162 variabant
530 3102 733 3177 interpretes,
762 3115 839 3159 nam
867 3101 900 3159 in
923 3100 1055 3161 scholiis
1074 3100 1114 3160 ad
1136 3100 1214 3161 Aves
1236 3100 1256 3162 l.
1282 3100 1302 3160 l.

32 3207 205 3267 adnotatur
243 3203 445 3280 ,παιπάλημα
480 3200 512 3262 τὸ
543 3199 649 3262 λεπτὸν
681 3197 847 3280 άλευρου”;
873 3203 985 3262 contra
1008 3202 1047 3263 ad
1070 3201 1213 3262 Notium
1236 3218 1303 3263 ver·

32 3324 105 3369 sum
125 3308 335 3368 observatum
350 3305 491 3380 legimus
513 3302 674 3381 ,παιπάλη
694 3301 801 3381 τραχὺς
822 3301 1073 3380 δυσκατάληπτος,
1088 3300 1150 3363 ἐπεὶ
1169 3303 1304 3363 παλποιλα

30 3414 179 3488 καλοῦμεν
201 3405 237 3468 ιὰ
259 3416 317 3467 νῶν
340 3405 454 3485 χωρίον
478 3405 641 3485 diodoto?
662 3405 757 3465 Haud
778 3405 952 3464 obscurum
972 3405 1071 3478 igitur
1088 3420 1150 3479 quo
1170 3406 1303 3467 consilio

31 3529 146 3575 vocem
169 3510 344 3572 admodum
366 3509 565 3582 incognitam
585 3506 718 3567 παίπαλα
739 3507 921 3567 adhibuerit
946 3504 1173 3568 Callimachus
1193 3507 1304 3569 Voluit

30 3616 145 3677 docere
176 3628 254 3673 suos
284 3625 396 3672 revera
420 3612 533 3671 extare
564 3609 762 3670 adiectivum
785 3607 933 3678 παίπαλος
961 3623 1000 3668 ex
1025 3623 1087 3682 quo
1110 3609 1190 3669 illud
1211 3613 1303 3669 πολυ-

29 3716 179 3786 παίπαλος
203 3715 292 3774 esset
311 3712 545 3787 compositum;
569 3712 668 3771 simul
693 3713 805 3771 eutem
829 3711 1049 3772 obscuriorem
1074 3726 1186 3772 vocem
1209 3711 1303 3771 inter-

29 3819 179 3893 pretatus
211 3814 328 3876 adiecit
360 3812 521 3891 κρημνοὺς,
551 3814 648 3874 solito
672 3828 761 3874 more
784 3813 953 3874 doctorum
982 3813 1111 3874 illorum
1133 3815 1303 3887 poetarum

28 3915 203 3980 difficiliori
226 3915 353 3989 glossae
373 3915 515 3975 adiciens
538 3914 787 3988 explicationem
808 3914 995 3974 adiunctam
1018 3913 1171 3974 vocabulo
1192 3928 1302 3988 epexe-

28 4021 138 4095 getico
165 4018 246 4093 ,τε”.

73 4122 113 4181 ln
148 4118 262 4179 eodem
296 4133 391 4178 versu
428 4118 523 4178 verbo
551 4120 702 4178 notemus
733 4113 939 4177 ἀνέπαυσε
962 4118 1092 4178 insolite
1115 4133 1190 4179 cum
1214 4133 1303 4180 accu-

27 4223 138 4284 sativo
165 4220 383 4294 coniunctum,
415 4219 469 4279 ubi
494 4234 574 4279 usus
599 4218 732 4279 verbum
758 4220 903 4280 medium
924 4236 999 4281 cum
1023 4221 1173 4294 genetivo
1196 4223 1303 4296 postu·

28 4325 131 4400 labat,
172 4324 205 4382 et
240 4319 420 4396 διανομάς,
454 4321 538 4394 quod
572 4320 736 4381 novicium
772 4323 823 4380 est
863 4321 919 4381 sed
955 4323 1041 4382 recte
1080 4321 1121 4382 ad
1153 4337 1304 4383 normam

28 4426 240 4499 antiquorum
289 4423 568 4483 substantivorum
611 4421 791 4482 verbalium
834 4421 958 4500 (βρωνὺς
1000 4418 1143 4501 ὀρχηστάς
1188 4420 1303 4502 idetis)

28 4528 220 4600 formatum,
263 4525 371 4597 qualia
412 4526 445 4584 et
487 4524 562 4584 alibi
603 4523 820 4584 Callimachus
859 4525 988 4586 adhibet
1030 4526 1129 4587 veluti
1163 4526 1303 4606 μιλασιάς

30 4631 85 4692 IV.
110 4631 185 4690 324.
