3090 5294
823 461 864 520 10

556 647 656 709 δεινὸν
681 648 699 708 l
705 643 713 668 ²
740 645 869 728 ἑρπετῶν
891 643 945 726 μὲν
967 645 1079 728 ἀγρίαν

513 747 572 828 ἄκη
594 752 724 830 βροτοῖσι
746 755 828 811 θεῶν
851 749 1032 828 καταστῆσαί
1051 767 1133 810 τινα·

514 847 531 912 ‘o'
554 847 584 912 δ’
611 847 665 913 ἔστ’
692 850 808 932 ἐχίδνης
831 849 881 912 καὶ
903 850 997 932 πυρὸς
1020 848 1190 932 περαιτέρω,

514 951 613 1027 οὐδεὶς
634 952 775 1035 γυναικὸς
799 948 928 1034 φάρμακ’
953 950 1096 1033 ἔξηύρηιιί
1118 975 1165 1014 ποι

513 1074 614 1134 κακης·

202 1156 301 1218 Paulo
332 1158 438 1232 magis
468 1159 508 1220 ad
543 1175 618 1220 eum
653 1175 762 1236 usum,
797 1175 895 1233 quem
926 1160 978 1221 bic
1009 1158 1153 1220 illustrat
1176 1157 1403 1233 Callimachus,
1428 1173 1477 1218 ac·

202 1260 286 1320 cedit
321 1260 498 1336 Xenophon
533 1261 712 1331 (Memorob.
749 1263 774 1322 Ι.
809 1262 839 1321 4.
876 1263 926 1332 11)
958 1277 1032 1322 cum
1061 1261 1173 1323 scribit
1198 1263 1277 1336 ,τοῖς
1300 1255 1354 1336 μὲν
1377 1255 1478 1331 ἄλλοις

203 1357 332 1439 ἑρπετοῖς
362 1359 459 1435 πόδας
490 1360 606 1423 ἔδωκαν
626 1363 655 1423 οἳ
677 1360 709 1422 τὸ
732 1363 915 1442 πορεύεσθαι
938 1362 1032 1440 μόνον
1055 1359 1242 1441 παρέχουσιν·
1266 1357 1420 1445 ἀνθρώπῳ
1446 1354 1478 1419 δὲ

202 1459 253 1522 uel
282 1467 379 1542 χεῖρας
409 1463 630 1544 προσέθεσαι”,
660 1467 888 1526 verumtamen
918 1464 962 1526 ibi
994 1466 1104 1540 aperte
1126 1463 1250 1525 bomini
1272 1464 1478 1538 opponuntur

202 1581 241 1626 ea
275 1566 429 1628 animalia
460 1582 541 1640 quae
572 1582 672 1642 prona
695 1570 781 1628 sunt.
807 1566 1025 1628 Callimachus
1048 1582 1124 1627 vero
1147 1567 1181 1626 et
1203 1565 1355 1638 aequales
1380 1565 1476 1624 inter·

202 1668 393 1742 precationis
427 1668 609 1729 homericae
644 1669 739 1744 periti
772 1669 909 1730 libenter
938 1668 1143 1729 substantivo
1175 1682 1249 1728 eam
1272 1664 1479 1740 significatio·

202 1783 278 1829 nem
303 1769 507 1830 vindicarunt
530 1784 629 1842 quam
652 1770 749 1831 verbo
772 1766 871 1849 ἕρπειν
894 1766 1051 1849 (ἑρπύζιιν)
1075 1769 1206 1844 saepius
1233 1768 1317 1842 apud
1341 1767 1479 1828 Poetam

202 1870 367 1945 obtingere
401 1871 486 1931 haud
519 1871 720 1948 ignorabant,
756 1887 793 1933 eo
827 1872 1018 1948 praesertim
1051 1871 1120 1932 loco
1152 1885 1250 1943 quern
1274 1884 1389 1930 omnes
1413 1885 1479 1930 me·

204 1971 308 2033 moria
329 1972 485 2033 tenebant
507 1975 549 2044 (Ρ.
575 1974 651 2044 446)

426 2072 463 2133 οὐ
486 2070 540 2152 μὲν
562 2072 618 2153 γάρ
640 2073 670 2134 τί
689 2067 760 2134 ποθ’
785 2072 864 2134 ἔστιν
887 2070 1080 2153 ὀιζυρώτερον
1103 2069 1213 2152 ἀνδρὸς

426 2173 546 2234 πάντων
568 2172 641 2233 ὅσσα
664 2196 693 2234 τε
714 2179 804 2255 γαῖαν
826 2173 873 2235 ἔπι
897 2175 990 2235 πνείει
1014 2171 1116 2235 τεκαὶ
1139 2171 1227 2254 ἕρπει.

207 2277 246 2337 ci.
284 2276 360 2337 Gall.
397 2276 517 2351 Hymn.
553 2276 590 2337 V.
627 2278 657 2338 3.
693 2277 797 2352 Epigr.
831 2279 883 2339 41.
917 2279 946 2338 6.
973 2311 1014 2320 -
1039 2276 1228 2338 conferendi
1253 2289 1378 2349 quoque
1403 2277 1483 2336 sunt

205 2377 395 2451 Apollonius
419 2377 520 2439 Rhod.
544 2378 569 2438 I.
593 2380 673 2454 5023
697 2379 749 2439 IV.
776 2381 870 2441 1240.
894 2380 1052 2442 Nicander
1079 2379 1166 2440 itur.
1193 2381 1244 2439 21.

250 2479 389 2540 Versum
427 2481 466 2540 13
501 2482 535 2540 et
565 2479 746 2555 superiores
777 2482 957 2555 quicunque
993 2481 1229 2557 comparaverit
1261 2496 1337 2542 cum
1369 2479 1482 2557 01η.

207 2582 381 2642 243-247
774 2634 776 2643 ,

449 2677 573 2765 Ὠγυγίη
597 2706 639 2757 τις
663 2692 754 2763 νῆσος
777 2682 953 2764 ἀπόπροθεν
977 2683 1022 2743 εἰν
1045 2679 1094 2743 ἁλί
1116 2687 1217 2761 κεῖται,

450 2783 527 2845 ἔνθα
551 2782 605 2864 μὲν
622 2783 778 2859 ’Ἄτλαντος
800 2786 937 2867 θυγάτηρ
962 2784 1102 2846 δολόεσσα
1127 2782 1263 2860 Καλυψὼ

448 2888 525 2948 ναίει
548 2885 743 2966 ἐυπλόκαμος,
766 2886 849 2966 δεινὴ
873 2887 960 2960 θεός·
986 2884 1080 2947 οὐδέ
1102 2909 1158 2959 τις
1182 2885 1283 2970 αὕτη

451 2987 635 3068 μίσγεται
659 2986 726 3049 οὔτε
749 2994 832 3049 θεῶν
855 2986 922 3049 οὔτε
945 2993 1067 3067 θνητῶν
1091 2985 1273 3067 ἀνθρώπων,

206 3089 235 3149 is
269 3089 390 3150 videbit
424 3090 587 3173 Odysseae
620 3092 728 3152 locum
762 3092 796 3152 in
826 3093 936 3152 mente
966 3092 1119 3152 babuisse
1147 3093 1297 3151 nostrum
1322 3105 1398 3152 cum
1421 3091 1483 3152 bos

207 3205 321 3252 versus
345 3195 560 3266 componeret.
585 3192 667 3253 Sunt
690 3193 788 3267 igitur
812 3194 914 3254 nostri
934 3207 1050 3253 versus
1068 3194 1238 3265 tamquam
1255 3191 1483 3266 interpretatio

208 3293 269 3353 loci
300 3293 455 3354 homerici
479 3296 513 3356 et
535 3297 667 3370 apparet
692 3294 935 3371 callimachum,
960 3295 1025 3368 qul,
1050 3296 1087 3354 ut
1110 3294 1240 3354 aliunde
1263 3293 1401 3367 constat,
1427 3291 1482 3352 Oa·

207 3396 321 3470 lypsus
346 3395 488 3456 insulam
512 3399 599 3456 certo
626 3396 810 3456 destinabat
832 3396 911 3472 loco,
935 3395 1135 3469 eandemque
1159 3410 1234 3455 eam
1257 3408 1329 3454 esse
1354 3394 1482 3454 conten·

208 3496 304 3556 debat
337 3511 419 3570 quae
453 3500 567 3572 postea
598 3499 713 3568 Γαῦλος
749 3496 913 3568 (factori)
949 3496 1114 3558 dicebatur
1148 3495 1199 3567 (cf.
1233 3495 1352 3555 Lurius.
1385 3493 1482 3555 Arist.

208 3614 238 3673 p.
264 3598 360 3673 248.),
385 3600 492 3674 ipsum
516 3599 641 3660 insulae
665 3615 783 3660 nomen
807 3599 1055 3674 interpretatum
1080 3614 1152 3659 esse
1172 3595 1312 3657 παλαιάν.
1336 3597 1381 3657 De
1401 3597 1482 3657 anti·

207 3696 271 3773 quo
312 3715 386 3773 rege
428 3700 538 3775 Ogygo
579 3700 655 3774 quid
693 3702 856 3761 censuerit
887 3702 1007 3776 noster,
1039 3700 1070 3760 id
1105 3715 1168 3760 non
1205 3699 1342 3773 constat,
1377 3712 1483 3771 neque

208 3802 341 3863 indicari
371 3803 478 3876 potest
502 3803 662 3876 quomodo
685 3802 723 3862 de
747 3802 879 3863 Hesiodi
903 3802 972 3862 loco
1003 3801 1108 3877 (throp.
1142 3802 1214 3870 106)
1243 3795 1376 3877 ,Στυγὸς
1399 3797 1484 3878 ὕδωρ

204 3897 367 3982 Ὠγύγιον”
401 3904 608 3977 iudicaverit;
645 3903 678 3963 in
716 3903 786 3978 ipso
819 3918 894 3964 vero
925 3903 1056 3964 nomine
1089 3902 1209 3976 Ogygio
1241 3900 1343 3962 audiit
1372 3899 1485 3973 opinor

208 4006 383 4066 Pindarum
415 4008 449 4066 et
480 4006 621 4078 tragicos
653 4005 789 4080 Atticos,
822 4019 959 4078 quorum
991 4004 1044 4064 ille
1069 4003 1159 4064 Nem.
1183 4003 1236 4064 VI.
1261 4003 1304 4062 44
1331 3999 1485 4077 ,δασκίοις

211 4110 374 4178 Φλιοῦντος
393 4100 442 4166 ὑπ’
464 4100 592 4185 ὠγυγίοί
615 4101 753 4184 ὄρεσσιν”
775 4121 908 4180 prorsus
927 4107 1039 4167 eodem
1058 4106 1152 4166 modo
1164 4105 1300 4180 dixerat,
1317 4105 1354 4164 ut
1366 4102 1484 4177 Sopho·

209 4210 275 4270 cles
298 4208 421 4271 Pbr‘loot.
439 4209 511 4269 141.
539 4203 589 4284 ,ci
613 4202 655 4282 δ’,
678 4198 701 4266 ὦ
720 4203 834 4283 τέκνον,
852 4206 904 4267 τόδ
910 4200 918 4226 ’
940 4204 1085 4285 ἐλήλυθεν
1107 4215 1169 4265 πᾶν
1193 4204 1299 4284 ιιροίτος
1322 4199 1484 4283 ὠγύγιον.”

209 4310 255 4372 cf.
279 4324 405 4383 quoque
429 4309 505 4371 cau.
529 4309 583 4370 IV.
611 4311 673 4371 160
696 4301 729 4385 ι).
753 4343 793 4352 -
814 4310 852 4370 In
876 4311 1023 4370 extremo
1048 4324 1144 4370 versu
1167 4323 1246 4368 num
1267 4305 1486 4367 Callimachus

210 4412 352 4473 Arcades
383 4411 502 4472 dixerit
535 4410 774 4488 Ἀπιδανῆες
809 4425 971 4471 nomena
1001 4412 1098 4471 verbo
1128 4408 1226 4468 πίνειν
1257 4409 1418 4485 derivem,
1447 4411 1486 4469 ut

245 4643 263 4710 ¹)
281 4646 312 4693 In
331 4658 392 4693 voce
409 4648 505 4704 ὼγσγιος
521 4645 627 4692 secutus
644 4646 684 4692 est
701 4645 818 4691 nostrum
837 4642 943 4704 Dionys.
962 4640 1019 4690 Per.
1037 4643 1085 4690 911
1100 4642 1203 4703 Ὠγυγίη
1223 4645 1303 4706 προς,
1321 4643 1353 4690 ei.
1371 4641 1428 4690 623.
