3068 5288
820 438 861 498 10

246 625 405 698 Apollinis
436 640 556 684 numen
589 625 721 683 effertur
747 624 870 698 hymno
901 627 1015 697 quarto
1046 640 1084 683 ao
1114 625 1285 697 praecipue
1317 625 1462 695 secundo,

201 725 418 785 abundantius
441 726 536 800 paulo
561 741 657 799 quam
683 725 779 785 Iovis.
801 726 910 799 Fingit
933 726 1020 784 enim
1044 729 1140 800 poeta
1163 726 1463 800 adpropinquantem

201 826 323 901 templo
346 842 406 886 suo
428 827 525 886 deum
549 843 605 900 per
628 827 835 901 epiphaniam
859 828 892 885 et
914 841 1069 886 versuum
1094 830 1239 888 numeris
1259 829 1327 889 fere
1346 829 1467 904 paribus

201 929 272 987 eius
294 928 467 987 facultates
497 928 644 1002 singulas
675 927 824 988 celebrat.
854 928 989 987 Laetam
1020 928 1149 989 extollit
1175 931 1226 990 dei
1251 933 1465 1005 maiestatem,

202 1044 265 1102 qua
287 1033 458 1103 praesente
478 1046 534 1105 per
553 1033 658 1090 meria
678 1031 788 1090 omnia
808 1046 846 1089 ac
869 1033 991 1090 terram
1016 1029 1148 1106 εὐφημία
1168 1035 1296 1108 regnet,
1319 1032 1468 1104 sileatque

200 1131 308 1190 luctus
326 1132 443 1191 omnis.
462 1132 634 1192 Summam
651 1135 849 1207 potestatem
867 1135 1029 1192 memorat
1045 1133 1164 1194 Phoebi
1183 1136 1237 1208 qui
1254 1134 1294 1194 ad
1307 1134 1468 1194 dexteram

202 1233 290 1292 Iovis
320 1233 430 1291 sedem
463 1236 605 1308 positam
636 1235 763 1294 habeat.
797 1235 913 1294 Gratos
937 1235 1048 1295 vultus
1076 1250 1114 1294 ac
1136 1236 1277 1296 formam
1302 1238 1470 1295 venustam

202 1335 313 1394 laudat
337 1335 548 1410 habitumque
572 1337 738 1410 decorum,
765 1336 815 1405 (II.
842 1337 895 1404 36)
920 1335 1036 1409 quibus
1060 1337 1174 1410 Apollo

514 1436 558 1496 ἀεὶ
581 1437 670 1508 καλὸς
693 1436 743 1495 καὶ
766 1435 811 1496 ἀεὶ
835 1433 909 1508 νέος·
933 1433 1041 1496 οὔποτε
1068 1437 1183 1516 Φοίβου

468 1538 604 1616 θηλείαις
628 1533 695 1598 οὐδ’
723 1537 812 1598 ὅσσον
836 1535 884 1597 ἐπὶ
906 1536 993 1617 χαόος
1017 1529 1092 1616 ἦλθε
1114 1544 1265 1617 παρειαῖς,

470 1640 503 1698 αἶ
524 1637 556 1700 δὲ
579 1640 666 1717 κόμαι
691 1639 823 1699 θυόεντα
846 1637 931 1700 πέδοι
955 1639 1106 1717 λείβουσιν
1129 1638 1220 1699 ἔλαια.

247 1743 329 1801 Tum
361 1743 455 1802 celeri
490 1759 586 1803 cursu
617 1743 727 1801 variae
750 1741 871 1802 Phoebi
895 1745 1128 1802 enumerantur
1151 1743 1273 1803 laudes
1300 1744 1476 1803 Medicinae

202 1860 334 1919 praeses
353 1847 416 1919 est,
438 1846 683 1919 sagittariorum
700 1845 864 1920 princeps,
885 1845 961 1904 huic
980 1846 1039 1904 deo
1059 1845 1131 1919 lyra
1150 1848 1331 1918 cantusque
1347 1847 1476 1918 parent,

203 1946 431 2006 vaticiniorum
455 1948 605 2006 inventor
629 1948 680 2005 est
703 1961 740 2006 ac
764 1946 915 2006 dominus
931 1941 961 2015 ¹).
990 1946 1030 2005 Mt
1052 1946 1150 2007 sicuti
1174 1946 1213 2006 ab
1238 1946 1375 2005 Homeri
1399 1949 1478 2005 tem-

202 2047 333 2121 poribus
367 2063 468 2121 osqua
501 2057 559 2106 eoo
595 2045 727 2124 ἀρρένων
762 2047 868 2107 fuerat
904 2046 1106 2124 κουροτρόφος
1121 2042 1142 2118 ²)
1178 2062 1332 2123 quocum,
1367 2049 1406 2107 ut
1441 2047 1480 2106 ab

203 2148 345 2208 Hesiodo
380 2149 520 2210 relatum
555 2153 638 2225 erat,
674 2149 839 2223 nymphae
871 2165 982 2209 curam
1014 2150 1194 2210 iuventutis
1222 2148 1402 2222 habebant,
1435 2150 1482 2207 ita

203 2249 405 2324 κουροτρόφος
437 2255 487 2310 est
516 2251 724 2312 Callimacho.
757 2251 854 2311 Porro
879 2252 994 2327 Νόμιος
1018 2253 1084 2326 est,
1112 2255 1184 2311 tum
1208 2249 1338 2310 urbium
1363 2250 1482 2309 coloni·

203 2366 359 2424 arumque
384 2353 542 2429 conditor,
571 2354 783 2413 Boedromius
806 2354 984 2428 nonnullis,
1014 2353 1088 2413 aliie
1112 2352 1251 2427 Clarius,
1276 2352 1338 2426 ipsi
1364 2355 1483 2426 poetae

203 2453 360 2527 carneus,
386 2454 537 2514 omnibus
562 2471 637 2515 vero
662 2455 778 2514 Paean.

248 2554 357 2628 Longo
381 2555 520 2615 Dianam
544 2558 679 2616 exornat
707 2556 847 2630 hymno;
872 2555 964 2615 cuius
988 2558 1099 2616 tamen
1123 2557 1152 2616 si
1175 2556 1284 2629 apicas
1308 2555 1483 2630 ambages,

205 2658 243 2718 de
263 2658 379 2731 quibus
398 2660 534 2733 posthac
550 2659 722 2719 dicendum
742 2661 817 2734 erit,
839 2660 1027 2735 recidimus
1053 2661 1178 2733 manet,
1199 2672 1297 2730 quam
1318 2657 1483 2731 cantavit,

204 2760 362 2819 venatrix
390 2776 519 2835 semper
542 2762 646 2835 virgo,
679 2761 827 2820 Lucifera
854 2762 1017 2821 montium
1037 2762 1160 2835 custos,
1186 2758 1324 2818 Latonia
1343 2757 1484 2833 Lucina,

204 2877 335 2936 praeses
365 2861 494 2921 urbium
526 2865 559 2921 et
586 2862 760 2937 conditrix,
786 2878 882 2936 quam
909 2864 1003 2922 coetu
1026 2861 1264 2923 Oceaninarum
1287 2858 1388 2919 Pater
1413 2875 1485 2919 con·

203 2964 350 3039 donavit,
372 2965 473 3023 armis
491 2965 649 3025 instruxit
665 2963 841 3037 Volcanus;
863 2965 978 3037 primis
989 2962 1174 3023 venationis
1186 2960 1338 3020 laudibus
1351 2962 1486 3020 ornavit

204 3066 356 3141 Arcadia,
375 3081 473 3138 quam
490 3066 647 3125 Thracius
663 3066 810 3125 Haemus
824 3080 934 3141 curru,
955 3065 1025 3125 face
1038 3068 1171 3125 aeterna
1183 3063 1344 3136 Olympus
1357 3062 1487 3136 Mysius

204 3167 335 3241 ditavit;
360 3182 443 3240 quae
467 3183 543 3227 arcu
567 3168 685 3242 impios
705 3183 742 3227 ac
762 3167 919 3228 scelestos
938 3168 1064 3228 invadit
1077 3159 1113 3242 ³),
1136 3169 1170 3225 at
1189 3164 1331 3239 protegit
1350 3178 1411 3224 eos
1431 3164 1487 3237 qui

240 3481 258 3548 ¹)
278 3486 348 3549 θριὰς
366 3498 470 3544 quoque
487 3486 598 3546 Apollini
616 3486 707 3532 tribuit
722 3485 895 3533 Callimachus
910 3484 943 3531 ll.
960 3485 1000 3531 4ο.
1014 3485 1052 3531 De
1069 3482 1165 3544 qulbus
1181 3482 1245 3529 haee
1260 3482 1341 3528 refert
1354 3482 1488 3531 Zenobiae

204 3562 326 3628 (Proverb.
352 3568 412 3612 ceni.
440 3565 467 3612 V.
495 3563 564 3629 leel:
593 3567 746 3626 „speldyopdc
771 3581 842 3626 φησιν
867 3565 901 3609 ὅτι
929 3567 1017 3625 νύμφαι
1044 3571 1153 3622 κατεῖχον
1179 3561 1220 3607 τὸν
1246 3561 1377 3625 Παρνασὸν
1404 3565 1488 3625 τροφοὶ

205 3648 347 3698 Ἀπόλλωνος
363 3653 421 3707 τρεῖς
437 3649 576 3704 καλούμεναι
596 3647 672 3709 derel,
685 3645 724 3704 ἀφ’
743 3642 773 3689 ύιν
788 3648 812 3690 αἱ
826 3646 935 3700 μαντικοὶ
952 3651 1027 3702 ψῆφοι
1042 3643 1108 3706 θριαὶ
1125 3645 1254 3687 καλοῦνται.
1270 3639 1334 3685 ἄλλοι
1350 3639 1377 3685 ‹il
1392 3641 1488 3698 λέγουσι

206 3725 246 3783 τὴν
272 3727 376 3784 Ἀθηνᾶν
398 3728 470 3786 εύρεῖν
492 3725 533 3784 τὴν
559 3725 598 3771 διὰ
623 3732 669 3770 τῶν
694 3728 781 3785 ψήφων
806 3723 930 3781 μαντικὴν,
950 3720 973 3781 ἧς
995 3721 1161 3779 εὐδοκιμούσας
1184 3722 1271 3777 μᾶλλον
1292 3726 1338 3764 τῶν
1361 3723 1489 3781 Δελφικῶν

204 3814 317 3868 χρησμῶν
335 3805 375 3849 τὸν
392 3809 439 3851 Δια
456 3807 608 3869 χαριζόμενον
624 3813 656 3866 τῷ
674 3806 799 3850 Ἀπόλλωνι
816 3803 893 3860 ψευδῆ
911 3809 1055 3860 καταστῆσαι
1073 3800 1114 3858 τὴν
1130 3803 1215 3858 ψήφων
1229 3798 1368 3856 μοιντιιιήν.”
1387 3798 1490 3847 Neutra

205 3883 291 3942 opinio
313 3883 399 3942 placet
421 3883 591 3944 callimacho,
610 3895 765 3942 quamquem
788 3885 815 3928 et
835 3882 893 3940 ipse
910 3880 1036 3928 Athonem
1054 3892 1156 3938 quoque
1174 3878 1270 3935 hymno
1288 3876 1308 3921 V
1327 3878 1490 3926 vatioinandi

205 3961 265 4009 dote
287 3966 367 4010 ornat.
391 3963 479 4021 Neque
502 3964 586 4021 magis
608 3966 710 4021 poetam
726 3960 851 4007 homerici
869 3960 956 4017 hymni
973 3960 1000 4006 iu
1018 3958 1174 4006 Mercurium
1192 3954 1309 4012 sequitur
1327 3955 1373 4014 qui
1394 3957 1490 4004 Thr-ias

206 4053 264 4087 oum
289 4041 416 4088 Mercurio
438 4042 569 4102 coniungit
592 4037 639 4103 (ve.
664 4042 711 4086 552
729 4036 797 4103 eqo).
818 4039 901 4086 Oenea
919 4040 945 4085 iu
962 4042 1052 4099 apertu
1072 4040 1118 4083 eet.
1137 4033 1298 4082 vaticinandi
1315 4034 1385 4081 euim
1406 4036 1490 4083 tacul-

206 4124 284 4167 tstem
303 4133 318 4166 a
335 4121 396 4167 Iove
414 4122 470 4181 ipso
488 4121 541 4168 filio
559 4120 645 4166 datam
663 4133 719 4166 esee
738 4123 833 4166 oeuset.

239 4195 259 4259 ²)
287 4200 324 4246 cf.
351 4216 371 4246 ν.
399 4202 439 4256 86,
465 4201 511 4246 dll'
542 4200 583 4259 ἤδη
605 4208 658 4252 παῖς
683 4208 744 4252 τοῖος
766 4198 908 4250 Ἀπόλλωνός
930 4214 955 4254 γε
979 4198 1041 4255 ἵκηαι
1065 4194 1132 4254 (vide
1156 4191 1246 4239 scholi.
1270 4192 1296 4236 01
1320 4191 1353 4238 uf.
1379 4193 1489 4242 Heeiod

210 4278 294 4340 Theop.
313 4279 361 4325 sel
377 4273 432 4342 ορ).

239 4353 260 4418 ³)
292 4358 329 4405 Eo
355 4358 430 4404 titulo
459 4361 609 4411 Τιεοοκεόοος
634 4372 736 4418 quoque
763 4358 835 4404 audit
860 4356 906 4403 ΙΙΙ.
936 4358 991 4402 110.
1019 4354 1088 4412 Tityi
1115 4352 1207 4400 caedes
1235 4365 1294 4399 oum
1320 4353 1429 4413 saepius
1454 4354 1489 4401 ab

205 4437 324 4497 Apolline
350 4441 376 4483 et
401 4438 482 4484 Diana
505 4437 658 4483 coniunctim
682 4441 830 4498 perpetrata
855 4448 911 4481 esee
938 4434 1080 4489 dicebatur,
1106 4444 1174 4478 nuuo
1200 4431 1299 4491 placuit
1326 4432 1487 4481 Oellimauho

206 4517 308 4575 Αηεοοιύι
328 4521 451 4579 Παρθενία
469 4515 539 4561 illiue
556 4528 654 4575 poenae
671 4515 777 4574 gloriam
797 4515 864 4561 dare.
885 4513 1002 4559 Fortasse
1020 4511 1046 4558 ld
1064 4512 1087 4558 el
1105 4511 1187 4557 sumit
1204 4509 1332 4558 Pindarus
1347 4508 1424 4572 Pyrr.
1442 4512 1486 4560 iv.

207 4598 239 4644 90
257 4597 311 4652 „nal
326 4596 374 4654 μὰν
394 4595 477 4642 Τιτυὸν
492 4597 559 4656 μύλος
576 4594 708 4658 Ἀρτέμιδος
725 4598 826 4656 θήρευσε
844 4593 956 4658 κραιπνὸν
975 4590 997 4645 le
1014 4594 1125 4639 ύνειεάνοιι
1141 4590 1258 4653 φαρέτρας
1276 4588 1426 4655 ύρνύμενον.”
