3104 5296
818 454 881 514 150
1221 455 1275 515 IV.
1307 453 1472 514 163-166

208 663 306 721 quem
329 647 424 707 modo
447 645 577 706 laudavi
600 642 804 704 Macedonlus
828 640 1101 715 epigrammatum
1122 643 1216 716 poeta
1240 641 1375 701 minime
1395 641 1477 700 inve·

208 755 325 810 nuetus
345 748 461 809 Sardes
485 747 650 808 celebrans
680 744 788 815 (Antb.
813 743 869 803 IX.
895 744 970 814 645)
994 743 1108 804 urbem
1132 743 1294 805 dicentem
1321 742 1415 803 iecit:

430 847 527 907 πάντα
550 868 585 925 με
608 845 803 922 κοσμήσανιο·
826 843 919 916 πολὺς
943 838 973 903 ‹l’
1000 840 1049 921 ἐμὲ
1072 844 1211 917 πολλάκις
1234 843 1309 905 αἰὼν

477 945 596 1008 ἄστεσιν
619 943 763 1025 ὀλβίστοις
791 937 857 1023 εὗρε
884 943 1195 1026 μεγαιρομένην,

210 1053 266 1113 sed
301 1052 407 1126 prima
438 1065 563 1124 quoque
588 1048 776 1110 eruditionis
800 1047 1038 1108 Alexandrinae
1062 1049 1179 1109 aetate.
1204 1048 1333 1110 Etenim
1358 1046 1479 1122 Apollo·

211 1157 285 1215 nius
320 1153 474 1229 Rhodiae,
512 1153 565 1226 qui
601 1152 658 1211 ΙΙΙ.
695 1150 759 1210 486
799 1147 881 1224 ,οὔτι
912 1149 1061 1230 μεραίρω”
1093 1151 1256 1212 homerico
1279 1151 1374 1226 plane
1398 1165 1483 1209 more

210 1256 354 1332 adhibet,
380 1270 514 1330 prorsus
538 1254 669 1314 insolita
691 1252 841 1325 loquendi
864 1253 988 1312 ratione
1011 1267 1091 1312 usus
1114 1253 1193 1313 dicit
1215 1252 1268 1314 IV.
1296 1254 1381 1314 1669

845 1345 851 1367 ’
969 1351 1179 1432 ἐχθοδοποῖσιν

435 1454 545 1535 ὄμμασι
568 1455 713 1535 χαλκείοιο
741 1456 825 1515 Τάλω
848 1451 1042 1535 ἐμέγηρεν
1065 1451 1199 1533 ὀκωκοίς,

220 1559 459 1622 constructione
490 1572 553 1617 non
577 1559 707 1617 tantum
731 1557 787 1617 sed
811 1558 911 1616 etiam
935 1556 1169 1631 significatione
1196 1558 1236 1618 ab
1260 1558 1403 1618 Homero
1425 1557 1486 1616 lon·

221 1663 356 1737 gissime
374 1661 530 1722 remotus.
554 1659 673 1720 Subest
696 1660 806 1719 autem
831 1659 863 1718 in
884 1660 944 1720 boc
963 1660 1053 1720 verbi
1072 1676 1144 1736 usu,
1166 1675 1229 1733 quo
1250 1659 1316 1720 iere
1333 1659 1489 1734 [αοακοκο

220 1763 391 1837 significat,
416 1761 478 1822 odii
505 1761 593 1821 notio
617 1776 699 1834 quae
722 1777 741 1821 a
764 1762 874 1820 nostro
897 1761 966 1821 loco
988 1776 1052 1821 uon
1075 1761 1177 1837 abest,
1200 1762 1276 1821 licet
1298 1761 1429 1835 propius
1453 1759 1490 1819 ed

220 1866 388 1938 antiquam
424 1865 491 1923 vim
522 1862 612 1922 verbi
642 1862 773 1922 accedat
801 1859 1034 1934 callimachus;
1059 1866 1169 1923 nostro
1193 1863 1279 1923 enim
1306 1877 1404 1921 versu
1426 1860 1489 1921 fere

217 1967 303 2026 idem
329 1965 435 2025 valere
459 1964 588 2024 videtur
612 1979 650 2024 ac
672 1962 812 2023 latinum
830 1978 982 2039 opernm.
1005 1963 1096 2024 Hanc
1117 1964 1205 2025 verbi
1222 1961 1490 2036 significationem

219 2082 294 2127 cum
324 2065 457 2126 Homeri
487 2081 549 2125 usu
581 2064 717 2124 minime
748 2065 919 2125 convenire
951 2065 1019 2139 ipse
1058 2080 1184 2138 quoque
1224 2066 1320 2140 poeta
1354 2063 1491 2123 fortasse

224 2183 287 2229 non
311 2167 495 2241 ignorabat;
520 2165 589 2226 lieri
613 2168 724 2227 tamen
748 2166 855 2241 potest
878 2167 915 2225 ut
936 2166 1100 2240 putaverit
1122 2165 1273 2241 exempla
1293 2179 1357 2226 non
1382 2164 1492 2225 deesse

222 2271 255 2329 in
288 2268 460 2329 homericis
491 2267 670 2329 accusativi
701 2283 776 2328 cum
804 2267 900 2327 verbo
923 2266 1072 2347 peyolpsrv
1095 2267 1268 2344 coniuncti,
1292 2267 1369 2340 quia
1392 2267 1493 2341 primo

224 2372 341 2433 saltem
366 2371 480 2432 obtutu
504 2370 551 2430 ita
575 2369 698 2430 iactum
722 2383 794 2429 esse
818 2369 981 2430 videretur
1004 2370 1032 2448 β.
1057 2371 1120 2430 235

444 2463 504 2530 ἀλλ’
530 2462 549 2548 ἦ
571 2491 616 2530 τοι
639 2476 808 2548 μνηστῆρας
831 2466 981 2549 ἀγήνορας
1006 2467 1042 2530 οὔ
1065 2493 1092 2529 ιι
1115 2469 1244 2550 μεγαίρω

445 2570 541 2652 ἕρδειν
564 2570 634 2652 ἔργα
659 2571 743 2651 βίαια
765 2572 984 2657 κακορραφίῃσι
1006 2571 1098 2633 νόοιο.

269 2677 372 2737 Versu
406 2677 467 2736 166
499 2675 642 2750 genetivi
677 2674 781 2735 forma
812 2671 981 2752 μοιρέων
1005 2675 1099 2735 docet
1131 2675 1232 2735 etiarn
1256 2675 1290 2734 in
1313 2675 1355 2734 iis
1378 2674 1494 2748 geneti-

224 2779 285 2854 vis,
306 2792 386 2851 quos
410 2777 572 2837 Homerus
595 2776 628 2835 ln
652 2772 708 2835 ίαν
733 2778 890 2837 exeuntes
914 2791 977 2836 non
1001 2774 1151 2852 finxerat,
1175 2777 1259 2836 hanc
1281 2776 1424 2835 formam
1447 2774 1495 2835 ad·

224 2881 368 2939 hibuisse
401 2878 646 2941 Callimachum.
683 2878 821 2951 Legerat
850 2879 937 2938 enim
971 2879 1005 2938 in
1039 2877 1180 2939 Homero
1214 2891 1274 2938 ouo
1309 2877 1496 2950 genetivum

225 2981 357 3059 μοιράων
392 2981 427 3037 Κ.
452 2981 526 3056 263,
563 2980 626 3040 nisi
661 2979 755 3052 (quod
794 2980 848 3038 vix
883 2979 1078 3053 dictaverim)
1110 2980 1148 3038 ut
1177 2977 1340 3039 Zenodoto
1375 2980 1409 3037 et
1431 2977 1496 3036 Ari·

226 3081 375 3157 stephani
403 3081 449 3141 sic
476 3082 539 3141 iam
562 3081 623 3155 ipsi
651 3096 776 3154 quoque
805 3081 905 3155 spurii
928 3080 975 3140 illi
1001 3095 1115 3141 versus
1138 3081 1200 3140 visi
1223 3081 1317 3154 sunt;
1339 3078 1496 3154 pluralem

227 3184 338 3245 autem
373 3197 545 3242 numerum
577 3183 610 3243 in
638 3184 698 3243 bac
725 3183 796 3257 ipsa
820 3197 897 3242 voce
921 3183 1030 3242 minus
1053 3181 1137 3256 apud
1161 3181 1342 3242 Homerum
1366 3180 1499 3241 solitum

228 3301 269 3345 ex
292 3283 343 3343 sui
366 3283 522 3357 temporis
545 3299 607 3343 usu
630 3284 783 3346 adhibuit.
810 3318 850 3328 -
874 3284 982 3345 illato
1006 3284 1113 3345 deberi
1136 3285 1233 3344 deum
1257 3283 1351 3343 illum
1374 3280 1499 3343 insulae

227 3386 336 3446 dicens
372 3384 468 3444 verbo
499 3378 741 3460 ὀφείλεσθαι
771 3386 884 3447 utitur.
920 3384 1011 3446 Hanc
1039 3385 1179 3446 formam
1206 3385 1304 3459 igitur
1336 3385 1370 3444 in
1394 3385 1500 3445 horne·

229 3487 304 3547 ricis
335 3499 460 3558 quoque
493 3486 586 3546 unice
628 3486 825 3561 probandam
856 3487 1006 3562 opinatus
1032 3487 1293 3548 noniecitcum
1318 3485 1446 3558 eisqui
1468 3485 1500 3544 in

232 3587 387 3662 Odyssea,
408 3585 462 3645 ubi
482 3587 613 3660 passiva
636 3587 741 3648 forma
752 3583 898 3664 ὀφείλεται
910 3587 1070 3663 legeretur
1080 3611 1106 3668 γ.
1120 3589 1183 3648 367
1197 3588 1247 3659 (ci.
1260 3592 1292 3646 A
1305 3587 1501 3661 686-698),

230 3689 348 3750 melius
378 3686 537 3748 aeolicum
569 3682 720 3764 ὀφέλλεται
744 3689 807 3764 legi
830 3690 1043 3764 perhiberent.
1077 3689 1227 3751 Ceterum
1251 3689 1416 3750 homerico
1439 3703 1501 3748 non

230 3792 346 3852 dicitur
366 3788 462 3849 alicui
485 3804 526 3849 ex
546 3790 613 3850 fato
633 3790 736 3852 deberi
758 3792 889 3868 aliquid,
913 3794 947 3852 et
970 3792 1091 3852 sumsit
1109 3791 1143 3851 ni
1162 3790 1257 3852 fallor
1274 3791 1358 3850 hanc
1377 3789 1502 3850 dicendi

232 3892 391 3954 rationem
416 3892 526 3950 noster
545 3907 588 3952 ex
607 3893 777 3968 Aeschylo,
802 3894 895 3953 cuius
919 3895 1014 3954 notus
1038 3895 1089 3954 est
1112 3908 1227 3954 versus
1251 3892 1300 3962 (ir.
1326 3893 1390 3952 306
1411 3893 1451 3961 Α)

744 4004 782 4078 τῷ
805 4003 949 4055 πονοῦντι
974 3990 1002 4054 δ’
1028 3992 1060 4055 ἐκ
1083 4000 1165 4055 θεῶν

500 4087 646 4169 ὀφείλεται
670 4092 803 4173 τέκναμα
825 4105 878 4157 τοῦ
902 4096 999 4158 πόνον
1022 4094 1113 4169 κλέος.

277 4197 322 4255 At
357 4195 389 4254 ln
420 4194 505 4268 regis
539 4197 591 4256 sui
624 4199 824 4276 cognomine,
857 4215 952 4262 versu
987 4202 1060 4277 166,
1092 4198 1217 4274 epicam
1236 4197 1388 4273 formam,
1414 4197 1504 4257 cuius

235 4299 337 4358 maior
357 4296 428 4356 erat
446 4296 600 4373 gravitas,
621 4301 775 4363 servavit.
796 4302 958 4363 Homerus
977 4304 1032 4364 ille
1052 4303 1182 4377 quidem
1201 4303 1370 4362 servatores
1389 4320 1417 4379 ρ.
1434 4300 1505 4373 187,

235 4400 298 4459 223
333 4396 461 4476 ῥυτῆρας
497 4399 633 4476 dixerat,
666 4404 701 4462 at
731 4403 763 4463 in
788 4405 919 4478 hymnis
946 4405 996 4465 bis
1023 4405 1075 4466 vel
1098 4404 1200 4465 semel
1224 4403 1364 4464 occurrit
1387 4415 1506 4462 nomen

234 4496 340 4577 σωτὴρ,
359 4498 441 4573 quod
462 4501 582 4577 noster,
607 4504 644 4562 ut
667 4503 707 4564 ad
726 4506 942 4580 antiquiorem
965 4509 1072 4583 epioes
1092 4507 1231 4568 formam
1253 4505 1424 4580 redigeret,
1448 4503 1507 4563 sol·

236 4603 283 4662 vit
318 4602 351 4661 in
383 4600 546 4679 σαωτήρ.
577 4603 687 4678 Neque
714 4608 845 4686 mirum,
869 4611 1033 4687 quoniam,
1058 4610 1086 4671 si
1111 4625 1158 4671 vs.
1185 4608 1248 4669 150
1271 4608 1369 4667 huius
1394 4605 1509 4681 hymni
