3104 5296
836 440 876 501 78
1229 439 1284 498 iii.
1312 439 1482 499 114-115

216 631 327 705 carpit.
352 630 432 707 Quid
451 627 692 690 Callimachus?
717 626 853 702 corrigit
873 626 1109 701 quodammodo
1130 641 1262 687 versum
1283 627 1480 687 homericum

216 732 392 807 effugitque
415 729 640 791 difficultatem
664 730 788 791 Borean
814 729 921 790 solum
946 743 1132 790 memorans
1154 721 1185 798 ¹).

261 832 411 895 ueterum
446 848 521 894 cum
556 831 789 907 septentrionis
821 831 919 892 ssatus
951 827 1098 910 βορέαο
1121 827 1259 901 κατάιξ
1282 830 1322 891 ab
1346 844 1385 890 eo
1407 828 1483 889 dice·

215 936 311 996 batur
333 934 452 1008 aliquid
481 935 568 995 certe
590 933 742 1010 novavit;
766 948 844 994 nam
872 934 941 1009 ipse
960 932 1124 994 Homerus
1146 947 1166 993 a
1189 931 1285 992 verbo
1309 927 1483 991 diatonon

215 1037 279 1097 nisi
309 1037 553 1097 substantivum
584 1033 653 1113 ἀιιιὴ
688 1036 887 1097 formaverat
911 1036 959 1106 (0.
986 1035 1048 1095 709
1080 1033 1172 1106 ιόξων
1194 1029 1301 1110 daig),
1329 1033 1485 1094 adiectiva

216 1154 293 1201 vero
323 1139 356 1200 in
379 1138 395 1212 ξ
417 1138 598 1201 desinentia
628 1136 774 1218 κοροθάιξ
797 1136 923 1210 noivit}
946 1135 1064 1217 ιριχάιξ.
1099 1136 1237 1197 Novatio
1259 1137 1370 1196 autem
1397 1133 1483 1195 (lalli-

88 1238 89 1241 ’
216 1240 324 1302 machi
357 1240 498 1316 profecto
535 1242 662 1303 vacabit
692 1241 795 1317 culpa.
821 1239 1024 1302 substantivi
1052 1239 1139 1299 enim
1164 1236 1302 1298 verbalis
1321 1237 1430 1320 ‘forma
1453 1237 1483 1296 in

216 1341 231 1413 ξ
266 1341 445 1403 desinentis
478 1343 558 1403 nihil
588 1343 685 1404 habet
717 1343 800 1416 quod
830 1341 981 1403 offendat.
1014 1341 1103 1401 Inter
1133 1353 1215 1414 quae
1244 1354 1320 1400 cum
1343 1337 1484 1400 nonnulli

216 1443 374 1517 paulatim
408 1445 600 1506 nominativi
634 1444 774 1506 formam
805 1444 1007 1506 immutarent
1037 1444 1075 1502 ut
1097 1439 1167 1521 φρὶξ
1191 1438 1293 1520 papini,
1316 1438 1413 1519 ἅρπαξ
1436 1435 1484 1518 ἁρ-

216 1543 308 1625 παγὴ,
340 1546 405 1608 alia
438 1547 505 1608 iam
536 1547 620 1624 apud
653 1547 762 1623 ipsum
793 1546 973 1608 Homerum
1007 1545 1169 1605 variarent
1201 1538 1275 1620 ι’ωιιή
1302 1540 1387 1619 idac,
1413 1538 1485 1617 ἀλκὴ

217 1643 293 1723 ἀλαί,
314 1647 400 1709 haud
419 1663 575 1723 magnum
595 1649 657 1710 fuit
680 1647 870 1710 Callimachi
894 1647 927 1708 in
947 1647 1008 1708 hac
1027 1661 1063 1707 ro
1083 1659 1211 1706 ausum.
1232 1645 1376 1719 Apparet
1387 1644 1484 1704 etiam

217 1748 304 1808 idern
335 1750 374 1811 de
404 1751 465 1812 hac
495 1766 573 1812 voce
604 1751 685 1811 alios
708 1751 869 1812 iudicasse
892 1749 1126 1824 grammaticos
1155 1747 1260 1808 exiis
1283 1761 1367 1820 quae
1391 1745 1485 1807 Hero·

218 1850 333 1911 dianus
360 1851 482 1926 optime
505 1850 631 1913 rettulit
653 1852 693 1912 ad
720 1852 755 1913 Ο.
781 1853 844 1913 709
869 1852 980 1922 (Lenta
1004 1851 1045 1912 II.
1070 1851 1123 1910 91.
1149 1849 1201 1920 32)
1225 1844 1329 1924 „anta
1351 1843 1393 1920 ὡς
1415 1851 1487 1907 aoi-

217 1951 316 2024 λακάς·
349 1949 400 2012 καὶ
434 1948 546 2032 ἐγένετο
579 1950 661 2031 παρὰ
693 1950 726 2012 τὸ
757 1949 849 2013 ἀίσσω
881 1950 950 2030 ἀικὴ
982 1948 1021 2023 ὡς
1052 1949 1194 2028 φυλάσσω
1226 1946 1345 2026 φυλακὴ
1369 1947 1487 2009 ὑλάσσω

217 2050 321 2131 ὑλακή.
344 2051 402 2114 ἔστι
427 2051 525 2132 μέντοι
548 2052 598 2114 καὶ
621 2051 703 2134 ἑτέρα
723 2049 865 2132 addetur}
889 2051 947 2131 ἅιξ,
968 2051 1031 2132 ἥτις
1052 2048 1085 2112 έν
1104 2047 1245 2112 συνθέσει
1265 2047 1324 2111 έστὶ
1346 2047 1398 2110 καὶ
1420 2044 1486 2129 παρ’

217 2151 297 2238 αὐτῷ
319 2177 346 2214 ιι.
365 2177 388 2214 ι.
407 2159 433 2217 i.
466 2156 653 2233 simplicem
683 2158 823 2219 formam
853 2156 1008 2232 producta
1030 2155 1135 2217 vocali
1150 2166 1169 2213 ι
1194 2152 1339 2215 adhibuit
1362 2152 1488 2228 Apollo·

219 2256 294 2317 nius
316 2257 370 2318 IV.
395 2256 469 2318 820.

261 2358 394 2420 velih
419 2356 568 2420 δασαέα
590 2358 744 2440 κρυμὸν
777 2376 851 2421 cum
882 2360 966 2421 dixit
984 2362 1095 2421 noster
1117 2357 1322 2420 substantivo
1345 2372 1428 2418 usus
1452 2358 1492 2418 ab

216 2460 390 2523 homericis
411 2461 554 2523 alienum
577 2462 709 2523 deflexit
733 2462 772 2523 ab
792 2462 943 2523 adiectivi
964 2478 1027 2523 usu
1047 2461 1220 2537 homerico,
1244 2475 1322 2521 nam
1342 2460 1429 2533 quod
1441 2461 1492 2521 hic

219 2564 258 2625 de
292 2563 362 2640 ipso
397 2566 493 2625 vento
521 2564 665 2639 graviter
694 2565 837 2640 spirante
861 2564 998 2646 dixerat,
1026 2563 1057 2624 id
1083 2562 1299 2625 Callimachus
1323 2562 1364 2623 ad
1388 2562 1493 2636 frigus

220 2667 382 2742 exipsius
402 2667 490 2729 venti
509 2667 589 2728 flatu
613 2669 720 2729 ortum
741 2668 826 2729 haud
847 2667 1051 2729 incommode
1071 2665 1249 2727 transtulit.
1275 2662 1358 2724 Oriri
1376 2665 1491 2726 tamen

220 2768 359 2844 suspicio
383 2770 510 2846 poterit,
533 2784 632 2843 quam
659 2784 763 2843 noque
786 2783 844 2843 ego
868 2768 1035 2846 reticeam,
1060 2767 1295 2829 Callimachum
1317 2765 1359 2825 iis
1383 2766 1493 2827 verbis

218 2870 400 2946 respexisse
424 2872 464 2933 ad
488 2873 525 2930 E.
549 2873 612 2934 865

483 2972 632 3051 καύματος
650 2969 685 3045 t}
708 2968 829 3050 ἀνέμοιο
853 2968 980 3043 δυσαέος
1004 2966 1180 3051 ὀρνυμένοιο

217 3072 323 3147 ibique
358 3089 432 3135 eum
467 3070 496 3146 ἐξ
530 3075 648 3150 legisse
682 3090 746 3137 non
772 3070 807 3147 έξ
838 3076 872 3135 et
894 3069 1019 3144 δυσαέος
1044 3067 1220 3153 ὀρνυμένου
1248 3088 1323 3134 eum
1346 3073 1491 3134 traxisse

217 3175 258 3235 ad
287 3173 446 3252 καύματος.
477 3176 617 3239 Gravem
650 3177 737 3239 euim
757 3176 993 3238 dissensionem
1013 3174 1052 3236 de
1075 3175 1136 3237 hoc
1159 3191 1255 3237 vorsu
1279 3175 1380 3236 fuisse
1405 3176 1491 3237 inter

217 3275 455 3338 Grammaticos
488 3277 611 3339 scholia
644 3278 878 3353 demonstrant,
904 3279 937 3338 et
966 3276 1160 3352 posteriores
1183 3291 1261 3338 sane
1284 3276 1331 3336 ita
1354 3291 1488 3337 versum

217 3378 380 3452 accepisse
415 3379 559 3441 effeceris
593 3396 635 3441 ex
669 3379 779 3457 Quinti
813 3379 985 3455 Smyrnaei
1020 3379 1202 3441 imitatione
1229 3378 1284 3452 qui
1309 3377 1406 3450 xlii„
1429 3379 1491 3438 184

217 3480 277 3539 hoo
301 3479 419 3541 habet:
618 3542 624 3555 ,

439 3581 589 3660 καύματος
612 3578 785 3662 έσσυμένοιο
810 3579 936 3655 δυσαέος
959 3579 1049 3661 ἤματι
1072 3577 1177 3667 μέσσρο.

219 3680 340 3744 Verum
371 3683 513 3758 iniquius
543 3685 681 3747 fortasse
715 3686 775 3746 erit
806 3685 1010 3746 imitatorum
1041 3699 1175 3746 suorum
1207 3682 1367 3744 erroribus
1399 3680 1493 3745 (talli-

220 3785 382 3845 machum'
397 3785 579 3862 impugnari
602 3787 755 3862 quoniam
778 3788 836 3848 tali
857 3788 1032 3863 suspicioni
1048 3802 1152 3862 neque
1172 3786 1282 3847 noster
1298 3784 1387 3845 favet
1399 3784 1493 3847 locus

219 3900 323 3959 neque
347 3902 461 3948 versus
483 3887 536 3949 IV.
560 3890 622 3951 139
641 3889 696 3950 ubi
714 3888 786 3951 loca
805 3904 931 3963 quoque
952 3892 1049 3951 vento
1069 3889 1217 3965 exposita
1236 3885 1319 3947 dixit
1341 3883 1493 3962 „docatus

220 3982 381 4064 έσχοιτιάς”.
640 4052 641 4056 1

264 4088 406 4163 Denique
428 4091 480 4154 hic
514 4109 629 4154 versus
662 4094 764 4169 lyrica
793 4109 919 4168 quoque
948 4093 1056 4155 studia
1087 4091 1276 4154 Callimachi
1305 4091 1425 4169 arguit,
1459 4093 1492 4153 in

220 4189 378 4252 adiectivo
409 4193 495 4255 enim
519 4190 747 4273 ἀχλαίνοισι
769 4211 833 4256 non
856 4198 926 4257 tarn
948 4196 1150 4258 homericum
1173 4194 1252 4255 illud
1279 4191 1450 4272 „pictoriae
1469 4187 1491 4253 ι’

219 4288 463 4369 ἀνιμοσιιειιέων”
484 4295 625 4367 (11224)
649 4297 803 4372 cogitavit
826 4312 924 4371 quam
944 4297 1130 4359 Simoniden
1150 4296 1226 4358 ante
1245 4295 1357 4357 oculos
1376 4295 1494 4358 habuit

223 4457 442 4469 ——

253 4538 273 4608 ¹)
290 4543 322 4590 In
339 4542 466 4590 adiectivo
482 4546 563 4608 Opim
577 4544 695 4593 hocloco
710 4559 769 4593 cum
786 4546 937 4606 aequalibus
955 4546 1083 4604 rlongum
1101 4543 1180 4591 habet
1195 4540 1382 4595 Callimachum
1399 4540 1492 4591 home·

220 4623 297 4670 ricarn
317 4622 485 4682 quantitatem
504 4626 589 4671 semet
609 4623 650 4672 IV.
669 4623 701 4670 db
721 4628 819 4690 Θρήικος
837 4627 924 4684 Αἴνιον,
942 4626 975 4672 ci.
994 4626 1025 4671 ir.
1045 4625 1092 4672 109
1112 4626 1229 4688 epqrxiqa
