<?xml version="1.0" encoding="UTF-8"?>
<!DOCTYPE html PUBLIC "-//W3C//DTD XHTML 1.0 Transitional//EN"
    "http://www.w3.org/TR/xhtml1/DTD/xhtml1-transitional.dtd">
<html xmlns="http://www.w3.org/1999/xhtml" xml:lang="en" lang="en">
 <head>
  <title>
</title>
<meta http-equiv="Content-Type" content="text/html;charset=utf-8" />
  <meta name='ocr-system' content='tesseract 3.04.00' />
  <meta name='ocr-capabilities' content='ocr_page ocr_carea ocr_par ocr_line ocrx_word'/>
</head>
<body>
  <div class='ocr_page' id='page_1' title='image "./studiacallimach01kuipgoog_0311.png"; bbox 0 0 3068 5288; ppageno 0'>
   <div class='ocr_carea' id='block_1_1' title="bbox 856 453 898 514">
    <p class='ocr_par' dir='ltr' id='par_1_1' title="bbox 856 453 898 514">
     <span class='ocr_line' id='line_1_1' title="bbox 856 453 898 514; baseline -0.024 0"><span class='ocrx_word' id='word_1_1' title='bbox 856 453 898 514; x_wconf 83' lang='lat'><strong>50</strong></span> 
     </span>
    </p>
   </div>
   <div class='ocr_carea' id='block_1_2' title="bbox 223 642 1530 3572">
    <p class='ocr_par' dir='ltr' id='par_1_2' title="bbox 235 642 1508 1538">
     <span class='ocr_line' id='line_1_2' title="bbox 236 642 1508 724; baseline 0.004 -20"><span class='ocrx_word' id='word_1_2' title='bbox 236 644 407 719; x_wconf 84' lang='lat' dir='ltr'><strong>poetarum</strong></span> <span class='ocrx_word' id='word_1_3' title='bbox 438 642 638 703; x_wconf 78' lang='lat' dir='ltr'><strong>testimoniis</strong></span> <span class='ocrx_word' id='word_1_4' title='bbox 666 657 781 702; x_wconf 90' lang='lat' dir='ltr'><strong>ornare</strong></span> <span class='ocrx_word' id='word_1_5' title='bbox 811 644 948 704; x_wconf 87' lang='lat' dir='ltr'><strong>numina</strong></span> <span class='ocrx_word' id='word_1_6' title='bbox 978 659 1060 718; x_wconf 87' lang='lat' dir='ltr'><strong>quaa</strong></span> <span class='ocrx_word' id='word_1_7' title='bbox 1090 646 1245 724; x_wconf 78' lang='lat' dir='ltr'><strong>celebrat,</strong></span> <span class='ocrx_word' id='word_1_8' title='bbox 1276 648 1325 708; x_wconf 91' lang='lat' dir='ltr'><strong>ita</strong></span> <span class='ocrx_word' id='word_1_9' title='bbox 1359 664 1447 709; x_wconf 91' lang='lat' dir='ltr'><strong>nunc</strong></span> <span class='ocrx_word' id='word_1_10' title='bbox 1479 649 1508 709; x_wconf 90' lang='lat' dir='ltr'><strong>iu</strong></span> 
     </span>
     <span class='ocr_line' id='line_1_3' title="bbox 237 744 793 816; baseline -0.005 -9"><span class='ocrx_word' id='word_1_11' title='bbox 237 746 450 807; x_wconf 89' lang='lat' dir='ltr'><strong>memoranda</strong></span> <span class='ocrx_word' id='word_1_12' title='bbox 473 744 617 806; x_wconf 90' lang='lat' dir='ltr'><strong>Coronea</strong></span> <span class='ocrx_word' id='word_1_13' title='bbox 640 749 699 816; x_wconf 83' lang='lat' dir='ltr'><strong>(vs.</strong></span> <span class='ocrx_word' id='word_1_14' title='bbox 725 746 793 816; x_wconf 85' lang='grc'><strong>63);</strong></span> 
     </span>
     <span class='ocr_line' id='line_1_4' title="bbox 680 843 1107 926; baseline 0.009 -21"><span class='ocrx_word' id='word_1_15' title='bbox 680 845 731 906; x_wconf 76' lang='grc' dir='ltr'><strong>ἵνα</strong></span> <span class='ocrx_word' id='word_1_16' title='bbox 754 845 783 906; x_wconf 76' lang='grc' dir='ltr'><strong>οἳ</strong></span> <span class='ocrx_word' id='word_1_17' title='bbox 804 843 996 926; x_wconf 75' lang='grc' dir='ltr'><strong><em>τεθυωμένον</em></strong></span> <span class='ocrx_word' id='word_1_18' title='bbox 1018 845 1107 920; x_wconf 75' lang='grc' dir='ltr'><strong><em>ἄλσος</em></strong></span> 
     </span>
     <span class='ocr_line' id='line_1_5' title="bbox 457 943 1136 1035; baseline 0.003 -28"><span class='ocrx_word' id='word_1_19' title='bbox 457 945 508 1008; x_wconf 72' lang='grc' dir='ltr'><strong>καὶ</strong></span> <span class='ocrx_word' id='word_1_20' title='bbox 530 945 627 1027; x_wconf 73' lang='grc' dir='ltr'><strong><em>βωμοὶ</em></strong></span> <span class='ocrx_word' id='word_1_21' title='bbox 649 958 771 1031; x_wconf 76' lang='grc' dir='ltr'><strong><em>ποταμῷ</em></strong></span> <span class='ocrx_word' id='word_1_22' title='bbox 794 943 880 1009; x_wconf 72' lang='lat' dir='ltr'><strong>nrfm’</strong></span> <span class='ocrx_word' id='word_1_23' title='bbox 905 947 952 1009; x_wconf 67' lang='lat' dir='ltr'><strong>tut</strong></span> <span class='ocrx_word' id='word_1_24' title='bbox 976 950 1136 1035; x_wconf 77' lang='grc' dir='ltr'><strong><em>Κωραλίῳ,</em></strong></span> 
     </span>
     <span class='ocr_line' id='line_1_6' title="bbox 235 1051 1140 1127; baseline 0 -16"><span class='ocrx_word' id='word_1_25' title='bbox 235 1052 346 1112; x_wconf 85' lang='lat' dir='ltr'><strong>Alcaei</strong></span> <span class='ocrx_word' id='word_1_26' title='bbox 369 1053 497 1127; x_wconf 91' lang='lat' dir='ltr'><strong>spectat</strong></span> <span class='ocrx_word' id='word_1_27' title='bbox 520 1066 635 1112; x_wconf 89' lang='lat' dir='ltr'><strong>versus</strong></span> <span class='ocrx_word' id='word_1_28' title='bbox 659 1066 740 1125; x_wconf 89' lang='lat' dir='ltr'><strong>quos</strong></span> <span class='ocrx_word' id='word_1_29' title='bbox 763 1052 850 1112; x_wconf 89' lang='lat' dir='ltr'><strong>idem</strong></span> <span class='ocrx_word' id='word_1_30' title='bbox 873 1051 985 1117; x_wconf 87' lang='lat' dir='ltr'><strong>laudat</strong></span> <span class='ocrx_word' id='word_1_31' title='bbox 1007 1052 1140 1113; x_wconf 84' lang='lat' dir='ltr'><strong>Strabo:</strong></span> 
     </span>
     <span class='ocr_line' id='line_1_7' title="bbox 450 1145 978 1230; baseline 0.002 -19"><span class='ocrx_word' id='word_1_32' title='bbox 450 1145 578 1212; x_wconf 84' lang='grc' dir='ltr'><strong><em>Ὦνασσ’</em></strong></span> <span class='ocrx_word' id='word_1_33' title='bbox 604 1151 738 1211; x_wconf 65' lang='lat' dir='ltr'><strong>litando</strong></span> <span class='ocrx_word' id='word_1_34' title='bbox 759 1151 978 1230; x_wconf 66' lang='grc' dir='ltr'><strong><em>πολεμαδόκοις,</em></strong></span> 
     </span>
     <span class='ocr_line' id='line_1_8' title="bbox 457 1251 947 1333; baseline 0.002 -18"><span class='ocrx_word' id='word_1_35' title='bbox 457 1251 552 1315; x_wconf 72' lang='grc' dir='ltr'><strong>ὅποι</strong></span> <span class='ocrx_word' id='word_1_36' title='bbox 575 1253 742 1333; x_wconf 80' lang='grc' dir='ltr'><strong><em>Κορονήας</em></strong></span> <span class='ocrx_word' id='word_1_37' title='bbox 765 1251 814 1315; x_wconf 72' lang='grc' dir='ltr'><strong>ἐπὶ</strong></span> <span class='ocrx_word' id='word_1_38' title='bbox 836 1255 947 1316; x_wconf 71' lang='lat' dir='ltr'><strong>mierum</strong></span> 
     </span>
     <span class='ocr_line' id='line_1_9' title="bbox 545 1354 1017 1436; baseline 0.002 -20"><span class='ocrx_word' id='word_1_39' title='bbox 545 1356 630 1418; x_wconf 86' lang='grc' dir='ltr'><strong><em>ναύω</em></strong></span> <span class='ocrx_word' id='word_1_40' title='bbox 653 1355 802 1435; x_wconf 75' lang='grc' dir='ltr'><strong>πάροιθεν</strong></span> <span class='ocrx_word' id='word_1_41' title='bbox 825 1354 1017 1436; x_wconf 65' lang='lat' dir='ltr'><strong>&amp;perdomare</strong></span> 
     </span>
     <span class='ocr_line' id='line_1_10' title="bbox 547 1453 1109 1538; baseline 0 -20"><span class='ocrx_word' id='word_1_42' title='bbox 547 1457 692 1535; x_wconf 82' lang='grc' dir='ltr'><strong><em>Κωραλίω</em></strong></span> <span class='ocrx_word' id='word_1_43' title='bbox 714 1458 837 1537; x_wconf 69' lang='lat' dir='ltr'><strong>morotum</strong></span> <span class='ocrx_word' id='word_1_44' title='bbox 859 1453 926 1537; x_wconf 79' lang='grc' dir='ltr'><strong>παρ’</strong></span> <span class='ocrx_word' id='word_1_45' title='bbox 952 1456 1066 1538; x_wconf 83' lang='grc' dir='ltr'><strong><em>ὄχθαις.</em></strong></span> <span class='ocrx_word' id='word_1_46' title='bbox 1090 1453 1109 1529; x_wconf 88' lang='lat'><strong>¹)</strong></span> 
     </span>
    </p>

    <p class='ocr_par' dir='ltr' id='par_1_3' title="bbox 231 1560 1495 2045">
     <span class='ocr_line' id='line_1_11' title="bbox 278 1560 1495 1638; baseline 0 -16"><span class='ocrx_word' id='word_1_47' title='bbox 278 1560 359 1622; x_wconf 91' lang='lat' dir='ltr'><strong>Cum</strong></span> <span class='ocrx_word' id='word_1_48' title='bbox 376 1561 540 1622; x_wconf 86' lang='lat' dir='ltr'><strong>Minervae</strong></span> <span class='ocrx_word' id='word_1_49' title='bbox 556 1562 683 1636; x_wconf 83' lang='lat' dir='ltr'><strong>Minyae</strong></span> <span class='ocrx_word' id='word_1_50' title='bbox 697 1562 786 1622; x_wconf 89' lang='lat' dir='ltr'><strong>cultu</strong></span> <span class='ocrx_word' id='word_1_51' title='bbox 799 1561 962 1623; x_wconf 90' lang='lat' dir='ltr'><strong>Coronaeo</strong></span> <span class='ocrx_word' id='word_1_52' title='bbox 972 1562 1078 1637; x_wconf 88' lang='lat' dir='ltr'><strong>iungit</strong></span> <span class='ocrx_word' id='word_1_53' title='bbox 1089 1560 1275 1622; x_wconf 76' lang='lat' dir='ltr'><strong>Haliartum</strong></span> <span class='ocrx_word' id='word_1_54' title='bbox 1289 1566 1323 1623; x_wconf 88' lang='lat' dir='ltr'><strong>et</strong></span> <span class='ocrx_word' id='word_1_55' title='bbox 1334 1562 1495 1638; x_wconf 79' lang='lat' dir='ltr'><strong>Thespias,</strong></span> 
     </span>
     <span class='ocr_line' id='line_1_12' title="bbox 233 1663 1495 1739; baseline 0 -17"><span class='ocrx_word' id='word_1_56' title='bbox 233 1665 330 1736; x_wconf 88' lang='lat' dir='ltr'><strong>atque</strong></span> <span class='ocrx_word' id='word_1_57' title='bbox 361 1663 392 1723; x_wconf 91' lang='lat' dir='ltr'><strong>id</strong></span> <span class='ocrx_word' id='word_1_58' title='bbox 420 1666 522 1739; x_wconf 89' lang='lat' dir='ltr'><strong>recte,</strong></span> <span class='ocrx_word' id='word_1_59' title='bbox 555 1678 633 1723; x_wconf 91' lang='lat' dir='ltr'><strong>nam</strong></span> <span class='ocrx_word' id='word_1_60' title='bbox 661 1665 745 1724; x_wconf 90' lang='lat' dir='ltr'><strong>inter</strong></span> <span class='ocrx_word' id='word_1_61' title='bbox 765 1664 944 1726; x_wconf 81' lang='lat' dir='ltr'><strong>Coroneam</strong></span> <span class='ocrx_word' id='word_1_62' title='bbox 967 1667 1000 1725; x_wconf 89' lang='lat' dir='ltr'><strong>et</strong></span> <span class='ocrx_word' id='word_1_63' title='bbox 1023 1663 1209 1724; x_wconf 86' lang='lat' dir='ltr'><strong>Haliartum</strong></span> <span class='ocrx_word' id='word_1_64' title='bbox 1233 1664 1495 1725; x_wconf 89' lang='lat' dir='ltr'><strong>Alalcomeneidis</strong></span> 
     </span>
     <span class='ocr_line' id='line_1_13' title="bbox 231 1759 1493 1839; baseline 0.002 -15"><span class='ocrx_word' id='word_1_65' title='bbox 231 1764 345 1824; x_wconf 80' lang='lat' dir='ltr'><strong>fanum</strong></span> <span class='ocrx_word' id='word_1_66' title='bbox 369 1767 440 1826; x_wconf 90' lang='lat' dir='ltr'><strong>erat</strong></span> <span class='ocrx_word' id='word_1_67' title='bbox 463 1763 520 1825; x_wconf 83' lang='lat' dir='ltr'><strong>vix</strong></span> <span class='ocrx_word' id='word_1_68' title='bbox 539 1766 649 1825; x_wconf 93' lang='lat' dir='ltr'><strong>minus</strong></span> <span class='ocrx_word' id='word_1_69' title='bbox 673 1781 772 1839; x_wconf 83' lang='lat' dir='ltr'><strong>quam</strong></span> <span class='ocrx_word' id='word_1_70' title='bbox 795 1766 941 1827; x_wconf 90' lang='lat' dir='ltr'><strong>Coraliae</strong></span> <span class='ocrx_word' id='word_1_71' title='bbox 964 1766 1061 1826; x_wconf 87' lang='lat' dir='ltr'><strong>aedes</strong></span> <span class='ocrx_word' id='word_1_72' title='bbox 1084 1764 1279 1839; x_wconf 84' lang='lat' dir='ltr'><strong>antiquitate</strong></span> <span class='ocrx_word' id='word_1_73' title='bbox 1298 1759 1493 1833; x_wconf 69' lang='lat' dir='ltr'><strong>sacratuml</strong></span> 
     </span>
     <span class='ocr_line' id='line_1_14' title="bbox 231 1866 1490 1943; baseline -0.001 -17"><span class='ocrx_word' id='word_1_74' title='bbox 231 1868 328 1940; x_wconf 88' lang='lat' dir='ltr'><strong>atque</strong></span> <span class='ocrx_word' id='word_1_75' title='bbox 356 1867 451 1927; x_wconf 83' lang='lat' dir='ltr'><strong>iuxta</strong></span> <span class='ocrx_word' id='word_1_76' title='bbox 481 1868 571 1927; x_wconf 87' lang='lat' dir='ltr'><strong>viam</strong></span> <span class='ocrx_word' id='word_1_77' title='bbox 595 1883 677 1941; x_wconf 86' lang='lat' dir='ltr'><strong>quae</strong></span> <span class='ocrx_word' id='word_1_78' title='bbox 707 1867 865 1943; x_wconf 78' lang='lat' dir='ltr'><strong>Thespias</strong></span> <span class='ocrx_word' id='word_1_79' title='bbox 896 1868 997 1943; x_wconf 85' lang='lat' dir='ltr'><strong>ducit,</strong></span> <span class='ocrx_word' id='word_1_80' title='bbox 1022 1867 1062 1927; x_wconf 88' lang='lat' dir='ltr'><strong>ad</strong></span> <span class='ocrx_word' id='word_1_81' title='bbox 1086 1866 1211 1927; x_wconf 90' lang='lat' dir='ltr'><strong>montis</strong></span> <span class='ocrx_word' id='word_1_82' title='bbox 1233 1868 1401 1929; x_wconf 88' lang='lat' dir='ltr'><strong>Heliconis</strong></span> <span class='ocrx_word' id='word_1_83' title='bbox 1422 1867 1490 1928; x_wconf 89' lang='lat' dir='ltr'><strong>radi·</strong></span> 
     </span>
     <span class='ocr_line' id='line_1_15' title="bbox 231 1968 1144 2045; baseline -0.001 -17"><span class='ocrx_word' id='word_1_84' title='bbox 231 1983 299 2045; x_wconf 84' lang='lat' dir='ltr'><strong>ces,</strong></span> <span class='ocrx_word' id='word_1_85' title='bbox 325 1968 528 2044; x_wconf 85' lang='lat' dir='ltr'><strong>Hippocrene</strong></span> <span class='ocrx_word' id='word_1_86' title='bbox 553 1969 609 2030; x_wconf 89' lang='lat' dir='ltr'><strong>illa</strong></span> <span class='ocrx_word' id='word_1_87' title='bbox 631 1968 774 2030; x_wconf 87' lang='lat' dir='ltr'><strong>Palladis</strong></span> <span class='ocrx_word' id='word_1_88' title='bbox 797 1970 928 2030; x_wconf 89' lang='lat' dir='ltr'><strong>lavacro</strong></span> <span class='ocrx_word' id='word_1_89' title='bbox 952 1969 1144 2029; x_wconf 88' lang='lat' dir='ltr'><strong>clarissima.</strong></span> 
     </span>
    </p>

    <p class='ocr_par' dir='ltr' id='par_1_4' title="bbox 223 2069 1530 3572">
     <span class='ocr_line' id='line_1_16' title="bbox 274 2069 1487 2147; baseline 0 -18"><span class='ocrx_word' id='word_1_90' title='bbox 274 2071 408 2145; x_wconf 88' lang='lat' dir='ltr'><strong>Propter</strong></span> <span class='ocrx_word' id='word_1_91' title='bbox 438 2070 523 2131; x_wconf 89' lang='lat' dir='ltr'><strong>hano</strong></span> <span class='ocrx_word' id='word_1_92' title='bbox 553 2071 654 2131; x_wconf 89' lang='lat' dir='ltr'><strong>talem</strong></span> <span class='ocrx_word' id='word_1_93' title='bbox 684 2071 717 2130; x_wconf 93' lang='lat' dir='ltr'><strong>in</strong></span> <span class='ocrx_word' id='word_1_94' title='bbox 748 2070 910 2131; x_wconf 90' lang='lat' dir='ltr'><strong>Boeoticis</strong></span> <span class='ocrx_word' id='word_1_95' title='bbox 934 2069 1136 2144; x_wconf 85' lang='lat' dir='ltr'><strong>diligentiam</strong></span> <span class='ocrx_word' id='word_1_96' title='bbox 1160 2074 1345 2132; x_wconf 88' lang='lat' dir='ltr'><strong>memoratu</strong></span> <span class='ocrx_word' id='word_1_97' title='bbox 1369 2071 1487 2147; x_wconf 91' lang='lat' dir='ltr'><strong>dignum</strong></span> 
     </span>
     <span class='ocr_line' id='line_1_17' title="bbox 230 2171 1529 2249; baseline 0 -18"><span class='ocrx_word' id='word_1_98' title='bbox 230 2173 294 2247; x_wconf 85' lang='lat' dir='ltr'><strong>est,</strong></span> <span class='ocrx_word' id='word_1_99' title='bbox 328 2172 411 2245; x_wconf 87' lang='lat' dir='ltr'><strong>quod</strong></span> <span class='ocrx_word' id='word_1_100' title='bbox 434 2171 473 2231; x_wconf 89' lang='lat' dir='ltr'><strong>de</strong></span> <span class='ocrx_word' id='word_1_101' title='bbox 496 2171 628 2232; x_wconf 86' lang='lat' dir='ltr'><strong>Tritone</strong></span> <span class='ocrx_word' id='word_1_102' title='bbox 651 2171 796 2249; x_wconf 83' lang='lat' dir='ltr'><strong>fluviolo,</strong></span> <span class='ocrx_word' id='word_1_103' title='bbox 820 2172 875 2232; x_wconf 94' lang='lat' dir='ltr'><strong>ubi</strong></span> <span class='ocrx_word' id='word_1_104' title='bbox 898 2174 1011 2232; x_wconf 88' lang='lat' dir='ltr'><strong>natam</strong></span> <span class='ocrx_word' id='word_1_105' title='bbox 1035 2188 1107 2232; x_wconf 84' lang='lat' dir='ltr'><strong>esse</strong></span> <span class='ocrx_word' id='word_1_106' title='bbox 1129 2173 1310 2233; x_wconf 86' lang='lat' dir='ltr'><strong>Minervam</strong></span> <span class='ocrx_word' id='word_1_107' title='bbox 1334 2172 1485 2235; x_wconf 88' lang='lat' dir='ltr'><strong>contende·</strong></span> <span class='ocrx_word' id='word_1_108' title='bbox 1528 2243 1529 2247; x_wconf 7' lang='grc' dir='ltr'><strong>Ἰ</strong></span> 
     </span>
     <span class='ocr_line' id='line_1_18' title="bbox 229 2271 1484 2349; baseline 0.004 -18"><span class='ocrx_word' id='word_1_109' title='bbox 229 2272 320 2348; x_wconf 91' lang='lat' dir='ltr'><strong>bant,</strong></span> <span class='ocrx_word' id='word_1_110' title='bbox 342 2271 561 2334; x_wconf 80' lang='lat' dir='ltr'><strong>Callimachus</strong></span> <span class='ocrx_word' id='word_1_111' title='bbox 580 2274 678 2333; x_wconf 90' lang='lat' dir='ltr'><strong>tacet.</strong></span> <span class='ocrx_word' id='word_1_112' title='bbox 702 2272 865 2332; x_wconf 88' lang='lat' dir='ltr'><strong>Dissensit</strong></span> <span class='ocrx_word' id='word_1_113' title='bbox 884 2273 972 2332; x_wconf 89' lang='lat' dir='ltr'><strong>enim</strong></span> <span class='ocrx_word' id='word_1_114' title='bbox 992 2273 1024 2332; x_wconf 91' lang='lat' dir='ltr'><strong>in</strong></span> <span class='ocrx_word' id='word_1_115' title='bbox 1044 2274 1106 2334; x_wconf 91' lang='lat' dir='ltr'><strong>hac</strong></span> <span class='ocrx_word' id='word_1_116' title='bbox 1124 2290 1159 2334; x_wconf 88' lang='lat' dir='ltr'><strong>re</strong></span> <span class='ocrx_word' id='word_1_117' title='bbox 1178 2274 1218 2334; x_wconf 91' lang='lat' dir='ltr'><strong>ab</strong></span> <span class='ocrx_word' id='word_1_118' title='bbox 1238 2275 1389 2349; x_wconf 88' lang='lat' dir='ltr'><strong>opinione</strong></span> <span class='ocrx_word' id='word_1_119' title='bbox 1404 2274 1484 2348; x_wconf 81' lang='lat' dir='ltr'><strong>vulgo</strong></span> 
     </span>
     <span class='ocr_line' id='line_1_19' title="bbox 229 2367 1482 2450; baseline 0 -16"><span class='ocrx_word' id='word_1_120' title='bbox 229 2377 362 2449; x_wconf 89' lang='lat' dir='ltr'><strong>accepta</strong></span> <span class='ocrx_word' id='word_1_121' title='bbox 383 2367 419 2450; x_wconf 72' lang='lat'><strong>⁸),</strong></span> <span class='ocrx_word' id='word_1_122' title='bbox 444 2376 477 2435; x_wconf 90' lang='lat' dir='ltr'><strong>et</strong></span> <span class='ocrx_word' id='word_1_123' title='bbox 504 2374 637 2435; x_wconf 83' lang='lat' dir='ltr'><strong>Tritona</strong></span> <span class='ocrx_word' id='word_1_124' title='bbox 660 2373 797 2434; x_wconf 86' lang='lat' dir='ltr'><strong>fluvium</strong></span> <span class='ocrx_word' id='word_1_125' title='bbox 820 2374 944 2449; x_wconf 89' lang='lat' dir='ltr'><strong>patriae</strong></span> <span class='ocrx_word' id='word_1_126' title='bbox 965 2390 1044 2435; x_wconf 89' lang='lat' dir='ltr'><strong>suae</strong></span> <span class='ocrx_word' id='word_1_127' title='bbox 1063 2376 1245 2437; x_wconf 86' lang='lat' dir='ltr'><strong>adscribere</strong></span> <span class='ocrx_word' id='word_1_128' title='bbox 1264 2377 1391 2438; x_wconf 89' lang='lat' dir='ltr'><strong>maluit.</strong></span> <span class='ocrx_word' id='word_1_129' title='bbox 1413 2376 1482 2436; x_wconf 84' lang='lat' dir='ltr'><strong>llum</strong></span> 
     </span>
     <span class='ocr_line' id='line_1_20' title="bbox 228 2476 1530 2560; baseline 0 -26"><span class='ocrx_word' id='word_1_130' title='bbox 228 2477 298 2537; x_wconf 93' lang='lat' dir='ltr'><strong>ideo</strong></span> <span class='ocrx_word' id='word_1_131' title='bbox 322 2477 503 2552; x_wconf 89' lang='lat' dir='ltr'><strong>putandum</strong></span> <span class='ocrx_word' id='word_1_132' title='bbox 526 2477 571 2536; x_wconf 92' lang='lat' dir='ltr'><strong>sit</strong></span> <span class='ocrx_word' id='word_1_133' title='bbox 594 2476 763 2551; x_wconf 89' lang='lat' dir='ltr'><strong>probatam</strong></span> <span class='ocrx_word' id='word_1_134' title='bbox 786 2477 889 2537; x_wconf 86' lang='lat' dir='ltr'><strong>fuisse</strong></span> <span class='ocrx_word' id='word_1_135' title='bbox 908 2478 1023 2552; x_wconf 88' lang='lat' dir='ltr'><strong>poetae</strong></span> <span class='ocrx_word' id='word_1_136' title='bbox 1043 2492 1116 2537; x_wconf 88' lang='lat' dir='ltr'><strong>eom</strong></span> <span class='ocrx_word' id='word_1_137' title='bbox 1136 2479 1346 2540; x_wconf 86' lang='lat' dir='ltr'><strong>traditionem</strong></span> <span class='ocrx_word' id='word_1_138' title='bbox 1365 2477 1480 2554; x_wconf 86' lang='lat' dir='ltr'><strong>quaein</strong></span> <span class='ocrx_word' id='word_1_139' title='bbox 1529 2537 1530 2560; x_wconf 14' lang='grc' dir='ltr'>χ</span> 
     </span>
     <span class='ocr_line' id='line_1_21' title="bbox 227 2574 1530 2654; baseline -0.001 -17"><span class='ocrx_word' id='word_1_140' title='bbox 227 2578 329 2653; x_wconf 86' lang='lat' dir='ltr'><strong>Libya</strong></span> <span class='ocrx_word' id='word_1_141' title='bbox 352 2581 466 2639; x_wconf 90' lang='lat' dir='ltr'><strong>natam</strong></span> <span class='ocrx_word' id='word_1_142' title='bbox 489 2593 615 2653; x_wconf 88' lang='lat' dir='ltr'><strong>quoque</strong></span> <span class='ocrx_word' id='word_1_143' title='bbox 638 2577 803 2638; x_wconf 90' lang='lat' dir='ltr'><strong>Athenam</strong></span> <span class='ocrx_word' id='word_1_144' title='bbox 821 2578 932 2654; x_wconf 83' lang='lat' dir='ltr'><strong>ferret,</strong></span> <span class='ocrx_word' id='word_1_145' title='bbox 954 2578 1130 2639; x_wconf 92' lang='lat' dir='ltr'><strong>admodum</strong></span> <span class='ocrx_word' id='word_1_146' title='bbox 1149 2580 1312 2641; x_wconf 91' lang='lat' dir='ltr'><strong>incertum</strong></span> <span class='ocrx_word' id='word_1_147' title='bbox 1336 2574 1428 2651; x_wconf 60' lang='lat' dir='ltr'><strong>esth.</strong></span> <span class='ocrx_word' id='word_1_148' title='bbox 1448 2577 1480 2636; x_wconf 73' lang='lat' dir='ltr'><strong>lit</strong></span> <span class='ocrx_word' id='word_1_149' title='bbox 1529 2575 1530 2608; x_wconf 73' lang='lat'>³</span> 
     </span>
     <span class='ocr_line' id='line_1_22' title="bbox 227 2674 1476 2759; baseline 0.007 -19"><span class='ocrx_word' id='word_1_150' title='bbox 227 2681 309 2740; x_wconf 91' lang='lat' dir='ltr'><strong>mihi</strong></span> <span class='ocrx_word' id='word_1_151' title='bbox 334 2681 481 2756; x_wconf 88' lang='lat' dir='ltr'><strong>quidem,</strong></span> <span class='ocrx_word' id='word_1_152' title='bbox 508 2680 571 2740; x_wconf 88' lang='lat' dir='ltr'><strong>etsi</strong></span> <span class='ocrx_word' id='word_1_153' title='bbox 595 2679 793 2739; x_wconf 83' lang='lat' dir='ltr'><strong>Tritonidem</strong></span> <span class='ocrx_word' id='word_1_154' title='bbox 827 2678 879 2739; x_wconf 87' lang='lat' dir='ltr'><strong>hic</strong></span> <span class='ocrx_word' id='word_1_155' title='bbox 911 2679 977 2738; x_wconf 92' lang='lat' dir='ltr'><strong>illic</strong></span> <span class='ocrx_word' id='word_1_156' title='bbox 1000 2680 1179 2741; x_wconf 84' lang='lat' dir='ltr'><strong>Minervam</strong></span> <span class='ocrx_word' id='word_1_157' title='bbox 1202 2685 1433 2759; x_wconf 86' lang='lat' dir='ltr'><strong>nuncupaverit</strong></span> <span class='ocrx_word' id='word_1_158' title='bbox 1448 2674 1476 2752; x_wconf 75' lang='lat'><strong>⁵),</strong></span> 
     </span>
     <span class='ocr_line' id='line_1_23' title="bbox 226 2776 1530 2859; baseline 0.003 -15"><span class='ocrx_word' id='word_1_159' title='bbox 226 2786 396 2858; x_wconf 89' lang='lat' dir='ltr'><strong>poetarum</strong></span> <span class='ocrx_word' id='word_1_160' title='bbox 426 2797 553 2843; x_wconf 90' lang='lat' dir='ltr'><strong>morem</strong></span> <span class='ocrx_word' id='word_1_161' title='bbox 583 2783 732 2856; x_wconf 87' lang='lat' dir='ltr'><strong>secutus,</strong></span> <span class='ocrx_word' id='word_1_162' title='bbox 764 2795 881 2855; x_wconf 91' lang='lat' dir='ltr'><strong>parum</strong></span> <span class='ocrx_word' id='word_1_163' title='bbox 908 2781 940 2840; x_wconf 87' lang='lat' dir='ltr'><strong>id</strong></span> <span class='ocrx_word' id='word_1_164' title='bbox 963 2781 1092 2842; x_wconf 88' lang='lat' dir='ltr'><strong>videtur</strong></span> <span class='ocrx_word' id='word_1_165' title='bbox 1114 2776 1288 2858; x_wconf 89' lang='lat' dir='ltr'><strong>probabile.</strong></span> <span class='ocrx_word' id='word_1_166' title='bbox 1313 2785 1476 2859; x_wconf 86' lang='lat' dir='ltr'><strong>Numquam</strong></span> <span class='ocrx_word' id='word_1_167' title='bbox 1528 2837 1530 2848; x_wconf 23' lang='grc' dir='ltr'><em>Α</em></span> 
     </span>
     <span class='ocr_line' id='line_1_24' title="bbox 225 2880 1476 2959; baseline -0.002 -15"><span class='ocrx_word' id='word_1_168' title='bbox 225 2885 343 2945; x_wconf 91' lang='lat' dir='ltr'><strong>saltem</strong></span> <span class='ocrx_word' id='word_1_169' title='bbox 376 2885 496 2946; x_wconf 88' lang='lat' dir='ltr'><strong>diserte</strong></span> <span class='ocrx_word' id='word_1_170' title='bbox 523 2884 729 2959; x_wconf 84' lang='lat' dir='ltr'><strong>memoravit,</strong></span> <span class='ocrx_word' id='word_1_171' title='bbox 755 2899 773 2943; x_wconf 88' lang='lat' dir='ltr'><strong>e</strong></span> <span class='ocrx_word' id='word_1_172' title='bbox 800 2882 887 2942; x_wconf 85' lang='lat' dir='ltr'><strong>Iovis</strong></span> <span class='ocrx_word' id='word_1_173' title='bbox 911 2884 1016 2958; x_wconf 91' lang='lat' dir='ltr'><strong>capite</strong></span> <span class='ocrx_word' id='word_1_174' title='bbox 1039 2885 1152 2943; x_wconf 87' lang='lat' dir='ltr'><strong>natam</strong></span> <span class='ocrx_word' id='word_1_175' title='bbox 1173 2899 1246 2945; x_wconf 87' lang='lat' dir='ltr'><strong>esse</strong></span> <span class='ocrx_word' id='word_1_176' title='bbox 1269 2880 1476 2948; x_wconf 85' lang='lat' dir='ltr'><strong>Athenamad</strong></span> 
     </span>
     <span class='ocr_line' id='line_1_25' title="bbox 225 2983 1530 3088; baseline -0.003 -43"><span class='ocrx_word' id='word_1_177' title='bbox 225 2987 383 3060; x_wconf 89' lang='lat' dir='ltr'><strong>Libycum</strong></span> <span class='ocrx_word' id='word_1_178' title='bbox 401 2988 510 3047; x_wconf 88' lang='lat' dir='ltr'><strong>lacum</strong></span> <span class='ocrx_word' id='word_1_179' title='bbox 530 2984 744 3059; x_wconf 78' lang='lat' dir='ltr'><strong>Tritonidem,</strong></span> <span class='ocrx_word' id='word_1_180' title='bbox 770 2985 803 3044; x_wconf 90' lang='lat' dir='ltr'><strong>et</strong></span> <span class='ocrx_word' id='word_1_181' title='bbox 826 2983 1031 3059; x_wconf 82' lang='lat' dir='ltr'><strong>neglegentia</strong></span> <span class='ocrx_word' id='word_1_182' title='bbox 1053 2984 1205 3045; x_wconf 90' lang='lat' dir='ltr'><strong>omittere</strong></span> <span class='ocrx_word' id='word_1_183' title='bbox 1224 2986 1306 3047; x_wconf 91' lang='lat' dir='ltr'><strong>talia</strong></span> <span class='ocrx_word' id='word_1_184' title='bbox 1322 3003 1385 3048; x_wconf 92' lang='lat' dir='ltr'><strong>non</strong></span> <span class='ocrx_word' id='word_1_185' title='bbox 1402 2985 1475 3046; x_wconf 87' lang='lat' dir='ltr'><strong>solet</strong></span> <span class='ocrx_word' id='word_1_186' title='bbox 1529 3005 1530 3088; x_wconf 18' lang='grc' dir='ltr'><strong><em>ἦ</em></strong></span> 
     </span>
     <span class='ocr_line' id='line_1_26' title="bbox 224 3085 1530 3163; baseline -0.002 -17"><span class='ocrx_word' id='word_1_187' title='bbox 224 3087 362 3147; x_wconf 81' lang='lat' dir='ltr'><strong>Gravius</strong></span> <span class='ocrx_word' id='word_1_188' title='bbox 386 3089 497 3148; x_wconf 89' lang='lat' dir='ltr'><strong>autem</strong></span> <span class='ocrx_word' id='word_1_189' title='bbox 517 3087 602 3161; x_wconf 88' lang='lat' dir='ltr'><strong>quod</strong></span> <span class='ocrx_word' id='word_1_190' title='bbox 622 3086 747 3146; x_wconf 86' lang='lat' dir='ltr'><strong>cultum</strong></span> <span class='ocrx_word' id='word_1_191' title='bbox 770 3085 919 3146; x_wconf 81' lang='lat' dir='ltr'><strong>Athenae</strong></span> <span class='ocrx_word' id='word_1_192' title='bbox 943 3085 1138 3159; x_wconf 80' lang='lat' dir='ltr'><strong>Cyrenaicae</strong></span> <span class='ocrx_word' id='word_1_193' title='bbox 1162 3101 1237 3147; x_wconf 91' lang='lat' dir='ltr'><strong>cum</strong></span> <span class='ocrx_word' id='word_1_194' title='bbox 1263 3087 1476 3163; x_wconf 82' lang='lat' dir='ltr'><strong>Spartanorum</strong></span> <span class='ocrx_word' id='word_1_195' title='bbox 1528 3115 1530 3144; x_wconf 61' lang='lat' dir='ltr'><strong>r</strong></span> 
     </span>
     <span class='ocr_line' id='line_1_27' title="bbox 223 3187 1475 3265; baseline -0.002 -17"><span class='ocrx_word' id='word_1_196' title='bbox 223 3188 377 3263; x_wconf 88' lang='lat' dir='ltr'><strong>religione</strong></span> <span class='ocrx_word' id='word_1_197' title='bbox 397 3204 627 3263; x_wconf 83' lang='lat' dir='ltr'><strong>huncquoque</strong></span> <span class='ocrx_word' id='word_1_198' title='bbox 648 3187 825 3262; x_wconf 85' lang='lat' dir='ltr'><strong>coniungit,</strong></span> <span class='ocrx_word' id='word_1_199' title='bbox 846 3190 944 3260; x_wconf 89' lang='lat' dir='ltr'><strong>atque</strong></span> <span class='ocrx_word' id='word_1_200' title='bbox 967 3187 999 3247; x_wconf 90' lang='lat' dir='ltr'><strong>id</strong></span> <span class='ocrx_word' id='word_1_201' title='bbox 1012 3188 1208 3265; x_wconf 88' lang='lat' dir='ltr'><strong>rectissime,</strong></span> <span class='ocrx_word' id='word_1_202' title='bbox 1223 3189 1299 3262; x_wconf 87' lang='lat' dir='ltr'><strong>quia</strong></span> <span class='ocrx_word' id='word_1_203' title='bbox 1311 3188 1475 3259; x_wconf 85' lang='lat' dir='ltr'><strong>iamaerat,</strong></span> 
     </span>
     <span class='ocr_line' id='line_1_28' title="bbox 223 3288 1530 3364; baseline -0.001 -15"><span class='ocrx_word' id='word_1_204' title='bbox 223 3290 363 3351; x_wconf 85' lang='lat' dir='ltr'><strong>Theram</strong></span> <span class='ocrx_word' id='word_1_205' title='bbox 383 3291 571 3351; x_wconf 90' lang='lat' dir='ltr'><strong>Autesionis</strong></span> <span class='ocrx_word' id='word_1_206' title='bbox 590 3288 694 3349; x_wconf 86' lang='lat' dir='ltr'><strong>fllium</strong></span> <span class='ocrx_word' id='word_1_207' title='bbox 715 3289 748 3348; x_wconf 92' lang='lat' dir='ltr'><strong>in</strong></span> <span class='ocrx_word' id='word_1_208' title='bbox 771 3288 913 3348; x_wconf 87' lang='lat' dir='ltr'><strong>insulam</strong></span> <span class='ocrx_word' id='word_1_209' title='bbox 937 3288 1077 3349; x_wconf 82' lang='lat' dir='ltr'><strong>Theram</strong></span> <span class='ocrx_word' id='word_1_210' title='bbox 1101 3289 1228 3364; x_wconf 87' lang='lat' dir='ltr'><strong>Minyas</strong></span> <span class='ocrx_word' id='word_1_211' title='bbox 1251 3292 1383 3353; x_wconf 87' lang='lat' dir='ltr'><strong>colonos</strong></span> <span class='ocrx_word' id='word_1_212' title='bbox 1400 3289 1476 3352; x_wconf 87' lang='lat' dir='ltr'><strong>dedu·</strong></span> <span class='ocrx_word' id='word_1_213' title='bbox 1529 3291 1530 3327; x_wconf 68' lang='lat' dir='ltr'><strong>r</strong></span> 
     </span>
     <span class='ocr_line' id='line_1_29' title="bbox 224 3390 1530 3467; baseline -0.002 -16"><span class='ocrx_word' id='word_1_214' title='bbox 224 3394 366 3467; x_wconf 90' lang='lat' dir='ltr'><strong>cturum,</strong></span> <span class='ocrx_word' id='word_1_215' title='bbox 399 3392 548 3452; x_wconf 84' lang='lat' dir='ltr'><strong>Athenae</strong></span> <span class='ocrx_word' id='word_1_216' title='bbox 570 3425 609 3434; x_wconf 94' lang='lat'>-</span> <span class='ocrx_word' id='word_1_217' title='bbox 631 3392 709 3451; x_wconf 89' lang='lat' dir='ltr'><strong>deae</strong></span> <span class='ocrx_word' id='word_1_218' title='bbox 733 3390 860 3466; x_wconf 88' lang='lat' dir='ltr'><strong>gentili,</strong></span> <span class='ocrx_word' id='word_1_219' title='bbox 886 3405 968 3464; x_wconf 87' lang='lat' dir='ltr'><strong>quae</strong></span> <span class='ocrx_word' id='word_1_220' title='bbox 991 3406 1011 3451; x_wconf 91' lang='lat' dir='ltr'><strong>a</strong></span> <span class='ocrx_word' id='word_1_221' title='bbox 1034 3390 1152 3465; x_wconf 82' lang='lat' dir='ltr'><strong>Minyis</strong></span> <span class='ocrx_word' id='word_1_222' title='bbox 1176 3393 1277 3452; x_wconf 89' lang='lat' dir='ltr'><strong>etiam</strong></span> <span class='ocrx_word' id='word_1_223' title='bbox 1302 3394 1336 3454; x_wconf 92' lang='lat' dir='ltr'><strong>in</strong></span> <span class='ocrx_word' id='word_1_224' title='bbox 1363 3391 1477 3455; x_wconf 87' lang='lat' dir='ltr'><strong>Boeotia</strong></span> <span class='ocrx_word' id='word_1_225' title='bbox 1529 3414 1530 3435; x_wconf 45' lang='lat' dir='ltr'><strong>r</strong></span> 
     </span>
     <span class='ocr_line' id='line_1_30' title="bbox 224 3491 1479 3572; baseline -0.001 -18"><span class='ocrx_word' id='word_1_226' title='bbox 224 3494 303 3555; x_wconf 91' lang='lat' dir='ltr'><strong>olim</strong></span> <span class='ocrx_word' id='word_1_227' title='bbox 327 3494 415 3555; x_wconf 90' lang='lat' dir='ltr'><strong>culta</strong></span> <span class='ocrx_word' id='word_1_228' title='bbox 437 3495 607 3555; x_wconf 83' lang='lat' dir='ltr'><strong>fuisset-</strong></span> <span class='ocrx_word' id='word_1_229' title='bbox 621 3494 655 3553; x_wconf 92' lang='lat' dir='ltr'><strong>in</strong></span> <span class='ocrx_word' id='word_1_230' title='bbox 674 3492 752 3553; x_wconf 91' lang='lat' dir='ltr'><strong>urbe</strong></span> <span class='ocrx_word' id='word_1_231' title='bbox 773 3492 889 3567; x_wconf 83' lang='lat' dir='ltr'><strong>Sparta</strong></span> <span class='ocrx_word' id='word_1_232' title='bbox 912 3491 1079 3552; x_wconf 85' lang='lat' dir='ltr'><strong>dedicasse</strong></span> <span class='ocrx_word' id='word_1_233' title='bbox 1101 3493 1269 3555; x_wconf 85' lang='lat' dir='ltr'><strong>sacellum.</strong></span> <span class='ocrx_word' id='word_1_234' title='bbox 1294 3495 1377 3557; x_wconf 81' lang='lat' dir='ltr'><strong>Eum</strong></span> <span class='ocrx_word' id='word_1_235' title='bbox 1397 3496 1479 3572; x_wconf 89' lang='lat' dir='ltr'><strong>igitur</strong></span> 
     </span>
    </p>
   </div>
   <div class='ocr_carea' id='block_1_3' title="bbox 220 3762 1530 4545">
    <p class='ocr_par' dir='ltr' id='par_1_5' title="bbox 221 3762 1530 4068">
     <span class='ocr_line' id='line_1_31' title="bbox 258 3762 1477 3830; baseline -0.005 -16"><span class='ocrx_word' id='word_1_236' title='bbox 258 3764 277 3827; x_wconf 91' lang='lat'><strong>¹)</strong></span> <span class='ocrx_word' id='word_1_237' title='bbox 295 3768 379 3826; x_wconf 80' lang='lat' dir='ltr'><strong>Bergk</strong></span> <span class='ocrx_word' id='word_1_238' title='bbox 405 3767 471 3815; x_wconf 84' lang='lat' dir='ltr'><strong>Poet.</strong></span> <span class='ocrx_word' id='word_1_239' title='bbox 496 3763 565 3830; x_wconf 75' lang='lat' dir='ltr'><strong>Lyr.⁴</strong></span> <span class='ocrx_word' id='word_1_240' title='bbox 589 3768 652 3815; x_wconf 69' lang='lat' dir='ltr'><strong>iat</strong></span> <span class='ocrx_word' id='word_1_241' title='bbox 676 3767 733 3826; x_wconf 89' lang='lat' dir='ltr'>(III.</span> <span class='ocrx_word' id='word_1_242' title='bbox 754 3781 779 3827; x_wconf 92' lang='lat' dir='ltr'><strong>p.</strong></span> <span class='ocrx_word' id='word_1_243' title='bbox 800 3762 865 3830; x_wconf 77' lang='lat'>151).</span> <span class='ocrx_word' id='word_1_244' title='bbox 891 3766 1032 3813; x_wconf 74' lang='lat' dir='ltr'><strong>Pausanias</strong></span> <span class='ocrx_word' id='word_1_245' title='bbox 1061 3768 1186 3813; x_wconf 76' lang='lat' dir='ltr'><strong>memorat</strong></span> <span class='ocrx_word' id='word_1_246' title='bbox 1214 3766 1392 3824; x_wconf 76' lang='lat' dir='ltr'><strong>Agoracritum</strong></span> <span class='ocrx_word' id='word_1_247' title='bbox 1416 3765 1477 3811; x_wconf 84' lang='lat' dir='ltr'><strong>Coro·</strong></span> 
     </span>
     <span class='ocr_line' id='line_1_32' title="bbox 223 3842 1478 3896; baseline -0.004 -3"><span class='ocrx_word' id='word_1_248' title='bbox 223 3849 294 3894; x_wconf 80' lang='lat' dir='ltr'><strong>naeis</strong></span> <span class='ocrx_word' id='word_1_249' title='bbox 317 3848 410 3896; x_wconf 82' lang='lat' dir='ltr'><strong>iaoiesa</strong></span> <span class='ocrx_word' id='word_1_250' title='bbox 432 3848 569 3895; x_wconf 76' lang='lat' dir='ltr'><strong>simulacra</strong></span> <span class='ocrx_word' id='word_1_251' title='bbox 594 3860 673 3894; x_wconf 74' lang='lat' dir='ltr'><strong>aenea</strong></span> <span class='ocrx_word' id='word_1_252' title='bbox 693 3846 809 3893; x_wconf 76' lang='lat' dir='ltr'><strong>Athenae</strong></span> <span class='ocrx_word' id='word_1_253' title='bbox 826 3846 926 3892; x_wconf 82' lang='lat' dir='ltr'><strong>Itoniae</strong></span> <span class='ocrx_word' id='word_1_254' title='bbox 944 3850 970 3892; x_wconf 84' lang='lat' dir='ltr'><strong>et</strong></span> <span class='ocrx_word' id='word_1_255' title='bbox 987 3846 1062 3893; x_wconf 84' lang='lat' dir='ltr'><strong>Iovis.</strong></span> <span class='ocrx_word' id='word_1_256' title='bbox 1080 3845 1149 3892; x_wconf 80' lang='lat' dir='ltr'><strong>Iovis</strong></span> <span class='ocrx_word' id='word_1_257' title='bbox 1166 3847 1252 3892; x_wconf 79' lang='lat' dir='ltr'><strong>autem</strong></span> <span class='ocrx_word' id='word_1_258' title='bbox 1271 3845 1395 3893; x_wconf 74' lang='grc' dir='ltr'><strong>Οοτοοιοί</strong></span> <span class='ocrx_word' id='word_1_259' title='bbox 1408 3842 1478 3891; x_wconf 78' lang='lat' dir='ltr'><strong>enims</strong></span> 
     </span>
     <span class='ocr_line' id='line_1_33' title="bbox 223 3923 1530 3987; baseline -0.003 -15"><span class='ocrx_word' id='word_1_260' title='bbox 223 3940 273 3973; x_wconf 88' lang='lat' dir='ltr'><strong>non</strong></span> <span class='ocrx_word' id='word_1_261' title='bbox 291 3927 375 3974; x_wconf 86' lang='lat' dir='ltr'><strong>minus</strong></span> <span class='ocrx_word' id='word_1_262' title='bbox 394 3940 471 3987; x_wconf 78' lang='lat' dir='ltr'><strong>quam</strong></span> <span class='ocrx_word' id='word_1_263' title='bbox 488 3927 604 3974; x_wconf 82' lang='lat' dir='ltr'><strong>Athenae</strong></span> <span class='ocrx_word' id='word_1_264' title='bbox 626 3925 751 3984; x_wconf 86' lang='lat' dir='ltr'><strong>originem</strong></span> <span class='ocrx_word' id='word_1_265' title='bbox 768 3924 848 3971; x_wconf 85' lang='lat' dir='ltr'><strong>habet</strong></span> <span class='ocrx_word' id='word_1_266' title='bbox 864 3939 895 3972; x_wconf 84' lang='lat' dir='ltr'><strong>ex</strong></span> <span class='ocrx_word' id='word_1_267' title='bbox 913 3924 1018 3984; x_wconf 84' lang='lat' dir='ltr'><strong>Minyis:</strong></span> <span class='ocrx_word' id='word_1_268' title='bbox 1038 3924 1196 3984; x_wconf 76' lang='lat' dir='ltr'><strong>Laphystius</strong></span> <span class='ocrx_word' id='word_1_269' title='bbox 1212 3925 1281 3972; x_wconf 88' lang='lat' dir='ltr'><strong>onim</strong></span> <span class='ocrx_word' id='word_1_270' title='bbox 1300 3927 1341 3972; x_wconf 81' lang='lat' dir='ltr'><strong>ost</strong></span> <span class='ocrx_word' id='word_1_271' title='bbox 1358 3925 1400 3985; x_wconf 79' lang='lat' dir='ltr'><strong>(oi.</strong></span> <span class='ocrx_word' id='word_1_272' title='bbox 1416 3923 1477 3971; x_wconf 73' lang='lat' dir='ltr'><strong>Pru</strong></span> <span class='ocrx_word' id='word_1_273' title='bbox 1528 3960 1530 3965; x_wconf 81' lang='lat'><em>.</em></span> 
     </span>
     <span class='ocr_line' id='line_1_34' title="bbox 221 4000 1413 4068; baseline -0.003 -16"><span class='ocrx_word' id='word_1_274' title='bbox 221 4006 264 4053; x_wconf 81' lang='lat' dir='ltr'><strong>ix.</strong></span> <span class='ocrx_word' id='word_1_275' title='bbox 284 4008 407 4068; x_wconf 76' lang='lat'><strong>34.1,4;</strong></span> <span class='ocrx_word' id='word_1_276' title='bbox 426 4007 491 4053; x_wconf 67' lang='grc' dir='ltr'><em>Μ</em></span> <span class='ocrx_word' id='word_1_277' title='bbox 510 4009 536 4053; x_wconf 85' lang='lat' dir='ltr'><strong>et</strong></span> <span class='ocrx_word' id='word_1_278' title='bbox 554 4005 647 4052; x_wconf 85' lang='lat' dir='ltr'><strong>Herod.</strong></span> <span class='ocrx_word' id='word_1_279' title='bbox 667 4004 721 4051; x_wconf 81' lang='lat' dir='ltr'><strong>VII.</strong></span> <span class='ocrx_word' id='word_1_280' title='bbox 741 4000 808 4068; x_wconf 77' lang='lat' dir='ltr'><strong>rol).</strong></span> <span class='ocrx_word' id='word_1_281' title='bbox 1411 4017 1413 4020; x_wconf 63' lang='grc'>’</span> 
     </span>
    </p>

    <p class='ocr_par' dir='ltr' id='par_1_6' title="bbox 254 4081 793 4140">
     <span class='ocr_line' id='line_1_35' title="bbox 254 4081 793 4140; baseline -0.006 -7"><span class='ocrx_word' id='word_1_282' title='bbox 254 4081 274 4140; x_wconf 76' lang='lat'><strong>²1</strong></span> <span class='ocrx_word' id='word_1_283' title='bbox 291 4086 383 4133; x_wconf 80' lang='lat' dir='ltr'><strong>Strabo</strong></span> <span class='ocrx_word' id='word_1_284' title='bbox 400 4085 444 4132; x_wconf 82' lang='lat' dir='ltr'><strong>IX.</strong></span> <span class='ocrx_word' id='word_1_285' title='bbox 463 4085 548 4133; x_wconf 75' lang='lat'>41³0.</span> <span class='ocrx_word' id='word_1_286' title='bbox 566 4086 641 4132; x_wconf 79' lang='lat' dir='ltr'><strong>Pons.</strong></span> <span class='ocrx_word' id='word_1_287' title='bbox 658 4084 702 4131; x_wconf 82' lang='lat' dir='ltr'><strong>ix.</strong></span> <span class='ocrx_word' id='word_1_288' title='bbox 721 4084 793 4131; x_wconf 73' lang='lat' dir='ltr'><strong>aut.</strong></span> 
     </span>
    </p>

    <p class='ocr_par' dir='ltr' id='par_1_7' title="bbox 222 4161 1522 4309">
     <span class='ocr_line' id='line_1_36' title="bbox 254 4161 1474 4225; baseline -0.006 -13"><span class='ocrx_word' id='word_1_289' title='bbox 254 4161 274 4223; x_wconf 83' lang='lat'><strong>³)</strong></span> <span class='ocrx_word' id='word_1_290' title='bbox 291 4166 372 4213; x_wconf 86' lang='lat' dir='ltr'><strong>Aliter</strong></span> <span class='ocrx_word' id='word_1_291' title='bbox 388 4165 517 4213; x_wconf 84' lang='lat' dir='ltr'><strong>iudicasse</strong></span> <span class='ocrx_word' id='word_1_292' title='bbox 534 4164 636 4212; x_wconf 83' lang='lat' dir='ltr'><strong>videtur</strong></span> <span class='ocrx_word' id='word_1_293' title='bbox 659 4164 810 4223; x_wconf 83' lang='lat' dir='ltr'><strong>Apollonius</strong></span> <span class='ocrx_word' id='word_1_294' title='bbox 828 4163 872 4222; x_wconf 85' lang='lat' dir='ltr'><strong>qui</strong></span> <span class='ocrx_word' id='word_1_295' title='bbox 889 4162 979 4225; x_wconf 72' lang='lat' dir='ltr'><strong>Aryon.</strong></span> <span class='ocrx_word' id='word_1_296' title='bbox 997 4163 1017 4211; x_wconf 93' lang='lat'><strong>1.</strong></span> <span class='ocrx_word' id='word_1_297' title='bbox 1037 4165 1084 4211; x_wconf 82' lang='lat'><strong>109</strong></span> <span class='ocrx_word' id='word_1_298' title='bbox 1102 4162 1202 4223; x_wconf 72' lang='lat' dir='ltr'><strong>Tiphyn</strong></span> <span class='ocrx_word' id='word_1_299' title='bbox 1221 4162 1406 4222; x_wconf 76' lang='lat' dir='ltr'><strong>Thespiousem</strong></span> <span class='ocrx_word' id='word_1_300' title='bbox 1421 4162 1474 4208; x_wconf 75' lang='lat' dir='ltr'><strong>inter</strong></span> 
     </span>
     <span class='ocr_line' id='line_1_37' title="bbox 222 4234 1522 4309; baseline -0.004 -17"><span class='ocrx_word' id='word_1_301' title='bbox 222 4248 382 4304; x_wconf 70' lang='lat' dir='ltr'><strong>Argonautas</strong></span> <span class='ocrx_word' id='word_1_302' title='bbox 400 4259 545 4293; x_wconf 76' lang='lat' dir='ltr'><strong>memorans</strong></span> <span class='ocrx_word' id='word_1_303' title='bbox 562 4245 598 4291; x_wconf 71' lang='lat' dir='ltr'><strong>ita</strong></span> <span class='ocrx_word' id='word_1_304' title='bbox 615 4243 689 4291; x_wconf 72' lang='lat' dir='ltr'><strong>dicit:</strong></span> <span class='ocrx_word' id='word_1_305' title='bbox 712 4245 791 4302; x_wconf 70' lang='lat' dir='ltr'><strong>„oderi</strong></span> <span class='ocrx_word' id='word_1_306' title='bbox 808 4261 849 4303; x_wconf 72' lang='grc' dir='ltr'><strong>μιν</strong></span> <span class='ocrx_word' id='word_1_307' title='bbox 871 4245 980 4307; x_wconf 64' lang='grc' dir='ltr'><strong>Τριτωνὶς</strong></span> <span class='ocrx_word' id='word_1_308' title='bbox 998 4245 1113 4309; x_wconf 67' lang='grc' dir='ltr'><strong>ἀριστήων</strong></span> <span class='ocrx_word' id='word_1_309' title='bbox 1130 4246 1152 4296; x_wconf 69' lang='lat' dir='ltr'><strong>lc</strong></span> <span class='ocrx_word' id='word_1_310' title='bbox 1168 4243 1249 4301; x_wconf 67' lang='grc' dir='ltr'><strong><em>ὅμιλον</em></strong></span> <span class='ocrx_word' id='word_1_311' title='bbox 1266 4239 1340 4305; x_wconf 72' lang='grc' dir='ltr'><strong><em>ὦρσεν</em></strong></span> <span class='ocrx_word' id='word_1_312' title='bbox 1356 4234 1473 4302; x_wconf 64' lang='grc' dir='ltr'><strong>Ἀθηηὶη·”</strong></span> <span class='ocrx_word' id='word_1_313' title='bbox 1521 4248 1522 4251; x_wconf 74' lang='grc'>’</span> 
     </span>
    </p>

    <p class='ocr_par' dir='ltr' id='par_1_8' title="bbox 220 4319 1473 4545">
     <span class='ocr_line' id='line_1_38' title="bbox 253 4319 1473 4386; baseline -0.005 -13"><span class='ocrx_word' id='word_1_314' title='bbox 253 4321 273 4384; x_wconf 85' lang='lat'><strong>⁴)</strong></span> <span class='ocrx_word' id='word_1_315' title='bbox 290 4326 396 4382; x_wconf 84' lang='lat' dir='ltr'><strong>Quidvis</strong></span> <span class='ocrx_word' id='word_1_316' title='bbox 414 4327 483 4373; x_wconf 89' lang='lat' dir='ltr'><strong>enim</strong></span> <span class='ocrx_word' id='word_1_317' title='bbox 501 4325 569 4372; x_wconf 83' lang='lat' dir='ltr'><strong>efflei</strong></span> <span class='ocrx_word' id='word_1_318' title='bbox 586 4327 672 4384; x_wconf 83' lang='lat' dir='ltr'><strong>potest</strong></span> <span class='ocrx_word' id='word_1_319' title='bbox 689 4335 721 4370; x_wconf 83' lang='lat' dir='ltr'><strong>ex</strong></span> <span class='ocrx_word' id='word_1_320' title='bbox 739 4323 769 4370; x_wconf 82' lang='lat' dir='ltr'><strong>ir.</strong></span> <span class='ocrx_word' id='word_1_321' title='bbox 789 4323 833 4369; x_wconf 77' lang='lat'><strong>13:</strong></span> <span class='ocrx_word' id='word_1_322' title='bbox 853 4323 905 4381; x_wconf 72' lang='grc' dir='ltr'><strong>,οἵη</strong></span> <span class='ocrx_word' id='word_1_323' title='bbox 922 4337 946 4369; x_wconf 81' lang='lat' dir='ltr'><strong>m</strong></span> <span class='ocrx_word' id='word_1_324' title='bbox 964 4327 1077 4386; x_wconf 67' lang='grc' dir='ltr'><strong>Τρίτωνος</strong></span> <span class='ocrx_word' id='word_1_325' title='bbox 1091 4322 1124 4384; x_wconf 75' lang='lat' dir='ltr'><strong>tp&#39;</strong></span> <span class='ocrx_word' id='word_1_326' title='bbox 1143 4322 1225 4368; x_wconf 74' lang='grc' dir='ltr'><strong><em>ὕδασιν</em></strong></span> <span class='ocrx_word' id='word_1_327' title='bbox 1240 4319 1473 4384; x_wconf 68' lang='grc' dir='ltr'><strong><em>Ἀσβύοααο”,οοοῠθ</em></strong></span> 
     </span>
     <span class='ocr_line' id='line_1_39' title="bbox 221 4393 1472 4466; baseline -0.004 -14"><span class='ocrx_word' id='word_1_328' title='bbox 221 4407 280 4466; x_wconf 89' lang='lat' dir='ltr'><strong>plus</strong></span> <span class='ocrx_word' id='word_1_329' title='bbox 303 4407 451 4465; x_wconf 85' lang='lat' dir='ltr'><strong>proficimus</strong></span> <span class='ocrx_word' id='word_1_330' title='bbox 474 4417 506 4451; x_wconf 83' lang='lat' dir='ltr'><strong>ex</strong></span> <span class='ocrx_word' id='word_1_331' title='bbox 524 4405 554 4450; x_wconf 86' lang='lat' dir='ltr'><strong>ir.</strong></span> <span class='ocrx_word' id='word_1_332' title='bbox 574 4405 637 4455; x_wconf 79' lang='lat'>898:</span> <span class='ocrx_word' id='word_1_333' title='bbox 660 4403 726 4450; x_wconf 86' lang='lat' dir='ltr'><strong>Plin.</strong></span> <span class='ocrx_word' id='word_1_334' title='bbox 744 4400 774 4448; x_wconf 85' lang='grc' dir='ltr'><strong>Ν.</strong></span> <span class='ocrx_word' id='word_1_335' title='bbox 793 4399 826 4448; x_wconf 86' lang='grc' dir='ltr'><strong>Η.</strong></span> <span class='ocrx_word' id='word_1_336' title='bbox 845 4401 873 4448; x_wconf 85' lang='lat' dir='ltr'><strong>V.</strong></span> <span class='ocrx_word' id='word_1_337' title='bbox 892 4402 924 4448; x_wconf 74' lang='lat'><strong>28</strong></span> <span class='ocrx_word' id='word_1_338' title='bbox 943 4401 995 4456; x_wconf 79' lang='lat' dir='ltr'><strong>„Ao</strong></span> <span class='ocrx_word' id='word_1_339' title='bbox 1016 4401 1055 4449; x_wconf 73' lang='lat' dir='ltr'><strong>laio</strong></span> <span class='ocrx_word' id='word_1_340' title='bbox 1074 4416 1121 4448; x_wconf 74' lang='lat' dir='ltr'><strong>nom</strong></span> <span class='ocrx_word' id='word_1_341' title='bbox 1133 4399 1251 4463; x_wconf 74' lang='lat' dir='ltr'><strong>procula</strong></span> <span class='ocrx_word' id='word_1_342' title='bbox 1269 4401 1406 4448; x_wconf 72' lang='lat' dir='ltr'><strong>continente</strong></span> <span class='ocrx_word' id='word_1_343' title='bbox 1414 4393 1472 4460; x_wconf 53' lang='lat' dir='ltr'><strong>polu</strong></span> 
     </span>
     <span class='ocr_line' id='line_1_40' title="bbox 220 4475 1470 4545; baseline -0.008 -12"><span class='ocrx_word' id='word_1_344' title='bbox 220 4490 288 4533; x_wconf 75' lang='lat' dir='ltr'><strong>vasta</strong></span> <span class='ocrx_word' id='word_1_345' title='bbox 316 4484 435 4533; x_wconf 76' lang='lat' dir='ltr'><strong>Tritonem</strong></span> <span class='ocrx_word' id='word_1_346' title='bbox 457 4497 548 4531; x_wconf 83' lang='lat' dir='ltr'><strong>amnem</strong></span> <span class='ocrx_word' id='word_1_347' title='bbox 571 4497 699 4545; x_wconf 79' lang='lat' dir='ltr'><strong>nomenque</strong></span> <span class='ocrx_word' id='word_1_348' title='bbox 717 4479 746 4527; x_wconf 79' lang='lat' dir='ltr'><strong>ah</strong></span> <span class='ocrx_word' id='word_1_349' title='bbox 762 4495 789 4528; x_wconf 88' lang='lat' dir='ltr'><strong>eo</strong></span> <span class='ocrx_word' id='word_1_350' title='bbox 805 4479 903 4542; x_wconf 77' lang='lat' dir='ltr'><strong>accipit,</strong></span> <span class='ocrx_word' id='word_1_351' title='bbox 925 4477 1067 4527; x_wconf 73' lang='lat' dir='ltr'><strong>Pallantias</strong></span> <span class='ocrx_word' id='word_1_352' title='bbox 1082 4478 1208 4542; x_wconf 74' lang='lat' dir='ltr'><strong>appellata</strong></span> <span class='ocrx_word' id='word_1_353' title='bbox 1226 4477 1372 4528; x_wconf 68' lang='lat' dir='ltr'><strong>Callimacho</strong></span> <span class='ocrx_word' id='word_1_354' title='bbox 1387 4482 1410 4526; x_wconf 83' lang='lat' dir='ltr'><strong>et</strong></span> <span class='ocrx_word' id='word_1_355' title='bbox 1423 4475 1470 4523; x_wconf 71' lang='lat' dir='ltr'><strong>oiim</strong></span> 
     </span>
    </p>
   </div>
   <div class='ocr_carea' id='block_1_4' title="bbox 220 4560 614 4703">
    <p class='ocr_par' dir='ltr' id='par_1_9' title="bbox 220 4560 614 4703">
     <span class='ocr_line' id='line_1_41' title="bbox 220 4560 614 4627; baseline -0.013 -15"><span class='ocrx_word' id='word_1_356' title='bbox 220 4567 332 4612; x_wconf 82' lang='lat' dir='ltr'><strong>minorem</strong></span> <span class='ocrx_word' id='word_1_357' title='bbox 350 4564 440 4627; x_wconf 78' lang='lat' dir='ltr'><strong>Syrtim</strong></span> <span class='ocrx_word' id='word_1_358' title='bbox 457 4577 507 4611; x_wconf 73' lang='lat' dir='ltr'><strong>esse</strong></span> <span class='ocrx_word' id='word_1_359' title='bbox 523 4560 614 4610; x_wconf 73' lang='lat' dir='ltr'><strong>dicta.&#39;&#39;</strong></span> 
     </span>
     <span class='ocr_line' id='line_1_42' title="bbox 251 4641 612 4703; baseline 0 -13"><span class='ocrx_word' id='word_1_360' title='bbox 251 4642 273 4703; x_wconf 66' lang='grc' dir='ltr'><strong>ὗ)</strong></span> <span class='ocrx_word' id='word_1_361' title='bbox 292 4642 375 4692; x_wconf 84' lang='lat' dir='ltr'><strong>Veluti</strong></span> <span class='ocrx_word' id='word_1_362' title='bbox 395 4645 483 4703; x_wconf 82' lang='lat' dir='ltr'><strong>ltpigr.</strong></span> <span class='ocrx_word' id='word_1_363' title='bbox 500 4643 550 4688; x_wconf 86' lang='lat' dir='ltr'><strong>inc.</strong></span> <span class='ocrx_word' id='word_1_364' title='bbox 568 4641 612 4690; x_wconf 88' lang='lat' dir='ltr'><strong>1x.</strong></span> 
     </span>
    </p>
   </div>
   <div class='ocr_carea' id='block_1_5' title="bbox 0 0 1538 5288">
    <p class='ocr_par' dir='ltr' id='par_1_10' title="bbox 0 0 1538 5288">
     <span class='ocr_line' id='line_1_43' title="bbox 0 0 1538 5288; baseline 0 7"><span class='ocrx_word' id='word_1_365' title='bbox 0 0 1538 5288; x_wconf 95' lang='lat' dir='ltr'><strong> </strong></span> 
     </span>
    </p>
   </div>
  </div>
 </body>
</html>
