3068 5294
626 1606 691 1678 IV.

304 1859 549 1944 sumnus
574 1859 637 1941 m
661 1818 1009 1942 eremmon.

531 2071 706 2141 (Hymnus
726 2070 788 2138 ΙΙ.)

72 2508 192 2583 Hymni
214 2507 248 2566 in
271 2504 453 2578 Apollinem
478 2503 621 2562 aetatem
649 2502 846 2562 constituere
869 2501 903 2561 in
927 2504 987 2562 hae
1010 2503 1227 2578 disputatione
1252 2523 1292 2568 ne

24 2612 163 2681 uerebor
196 2607 337 2682 quidem.
375 2604 520 2665 indicare
559 2603 641 2663 setis
676 2603 738 2663 erit
771 2604 902 2664 omnino
936 2618 1001 2664 non
1035 2607 1205 2681 suffragari
1240 2625 1293 2670 me

22 2721 120 2785 posse
150 2711 193 2770 iis
224 2709 302 2769 viris
333 2709 435 2769 doctis
467 2707 532 2783 qui,
563 2707 600 2766 ut
623 2705 818 2766 Studniozke
841 2705 1022 2767 Ehrliohius
1046 2708 1111 2784 alii,
1135 2710 1292 2785 Euergete

26 2814 181 2887 regnante
212 2813 371 2886 hymnum
403 2809 619 2883 compositum
643 2824 716 2869 esse
744 2808 875 2885 opinati,
899 2809 959 2869 sub
982 2809 1141 2883 Apollinis
1165 2814 1294 2874 nomine

20 2927 205 2988 numquam
244 2929 308 2974 non
342 2913 466 2974 cantari
500 2925 609 2984 regem
645 2909 823 2984 Euergeten
859 2911 982 2985 putent.
1019 2911 1148 2986 Optime
1183 2919 1295 2977 contra

21 3015 181 3077 Emestus
222 3014 381 3075 Meassius
423 3012 544 3084 (Herm.
585 3011 686 3072 XXV.
730 3028 760 3087 p.
804 3015 866 3072 401
898 3016 974 3087 ull-l
1015 3016 1171 3078 statuisse
1214 3019 1295 3079 mihi

19 3118 152 3179 uidetur
187 3118 347 3190 hymnum
382 3119 531 3177 nostrum
566 3114 649 3175 festo
681 3115 714 3174 in
743 3115 901 3189 Apollinis
926 3114 1038 3176 cernei
1060 3117 1214 3180 honorem
1240 3120 1295 3196 oy·

20 3236 120 3282 renae
144 3220 304 3280 celebrato
328 3218 529 3279 destinatum
551 3217 662 3277 fuisse.
692 3218 804 3291 ipsum
825 3232 995 3278 carmena
1018 3219 1177 3292 prioribus
1196 3222 1296 3285 diver·

20 3338 99 3383 sum
134 3324 186 3382 est
218 3323 289 3381 tam
323 3319 535 3394 expositionis
569 3334 686 3393 genere
721 3334 820 3392 quem
852 3320 999 3394 diutione,
1033 3320 1080 3381 ita
1107 3325 1144 3383 ut
1172 3328 1298 3401 propria

24 3427 93 3485 arte
128 3423 234 3496 magis
270 3436 367 3495 quem
403 3424 500 3482 antea
527 3436 612 3481 nune
643 3421 703 3480 niti
735 3423 864 3495 poetam
895 3420 994 3482 dices.
1020 3422 1118 3484 Porro
1141 3426 1195 3486 ubi
1218 3431 1297 3490 anti·

25 3527 155 3600 quiores
188 3524 334 3598 sequitur
364 3524 450 3583 haud
474 3523 580 3596 magis
608 3523 647 3582 ad
672 3523 851 3583 Homerum
877 3537 975 3596 quam
999 3524 1039 3584 ad
1063 3524 1181 3599 lyricos
1205 3531 1299 3604 tregi-

29 3644 147 3703 cosque
177 3643 214 3688 se
244 3627 393 3702 adplicat.
423 3627 574 3701 Lyricum
602 3626 721 3686 saltem
745 3626 858 3700 hymni
882 3627 933 3686 est
956 3625 1135 3704 exordium,
1160 3645 1299 3703 quocum

30 3731 160 3791 omniuo
194 3729 424 3790 conferendum
466 3730 516 3789 est
556 3729 665 3789 Alcaei
699 3727 778 3788 illud
814 3728 1034 3802 fragmentum
1069 3729 1107 3790 de
1141 3732 1300 3807 Apollinis

30 3831 199 3908 epiphanie
221 3831 373 3906 Delphica
396 3830 567 3903 quodiam
590 3845 687 3905 supra
710 3830 804 3904 attigi
827 3829 877 3899 (ef.
901 3845 972 3904 pag.
1001 3831 1084 3901 147.)

93 4035 149 4095 Vs·
177 4036 205 4095 1.
255 4026 328 4094 Οἷον
352 4028 368 4092 ὅ
391 4028 584 4104 vendituros
607 4029 737 4092 έσείσατο
763 4032 910 4109 iepram
934 4031 1038 4112 ὅραηξ,

254 4127 303 4196 οἷα
327 4129 354 4194 δ’
383 4132 453 4194 ὅλον
475 4132 507 4194 τὸ
531 4131 690 4212 μέλαθρον·
714 4132 782 4208 έκὰς
806 4133 874 4207 ἑκὰς
897 4133 974 4207 ὅστις
998 4132 1121 4215 ἀλιτρός.

253 4234 304 4296 καὶ
327 4235 365 4314 δή
388 4256 448 4296 που
472 4234 508 4295 τὰ
530 4235 661 4315 θύρετρα
685 4240 764 4320 καλῷ
788 4233 859 4298 ποδὶ
885 4237 996 4315 Φοῖβος
1019 4234 1148 4316 ἀράσσει·

253 4336 308 4416 οὐχ
331 4333 440 4421 eodem
463 4334 618 4398 ἐπένευσεν
642 4333 658 4397 ὁ
683 4338 793 4415 Δήλιος
815 4333 875 4416 ἡδύ
898 4360 925 4398 τι
948 4340 1049 4414 φοῖνιξ

176 4443 195 4502 5
253 4436 404 4518 ἐξαπίνης,
428 4436 444 4500 ὅ
470 4436 502 4500 δέ
525 4439 635 4513 κύκνος
660 4436 692 4499 έν
715 4437 780 4520 ἠέρι
802 4438 894 4500 καλὸν
917 4437 1016 4502 ἀείδει.

66 4650 85 4710 ι)
103 4653 142 4700 Of.
161 4650 194 4698 de
211 4650 261 4697 hoo
278 4648 373 4707 hymno
390 4647 504 4696 Ehrlioh.
523 4647 540 4695 l.
559 4647 575 4696 l.
593 4662 618 4709 p.
637 4649 668 4697 58
685 4663 734 4712 sqq.
