3068 5288
819 447 858 504 12

199 627 322 700 hymno
355 627 484 688 Deliaco
515 630 621 689 locum
647 632 800 691 homerici
826 633 942 706 hymni
966 633 998 690 in
1022 631 1207 704 Apollinem
1231 630 1397 703 imitatuS,
1424 630 1478 702 qui

200 728 353 788 narrabat
384 745 403 788 a
433 730 555 791 Iunone
587 733 782 807 prohibitam
811 748 883 793 esse
907 732 1074 806 Ilithyiam
1099 747 1140 790 ne
1164 732 1310 791 adstaret
1334 732 1477 790 Latonae

199 829 406 906 parturienti,
432 833 580 892 consulto
600 836 705 908 ipsam
727 836 894 910 Ilithyiam
914 835 1100 894 removerit.
1123 832 1204 893 Cum
1226 833 1315 893 enim
1332 832 1478 892 nascitur

196 930 328 1006 apollo,
362 932 454 991 adest
484 933 654 996 Deliadum
686 938 905 1012 nympharum
934 939 1045 996 coetus
1073 935 1277 995 cantantium
1305 929 1478 1011 Ἐλειθοίης

200 1029 280 1109 ἱερὸν
312 1030 407 1107 μέλος,
437 1035 494 1093 sed
524 1051 584 1096 neo
615 1038 708 1097 adest
737 1038 870 1113 ilithyia
900 1053 960 1097 nec
982 1037 1140 1097 retinetur
1164 1052 1183 1097 a
1207 1037 1340 1097 iunone.
1365 1037 1478 1097 Nonne

201 1133 248 1191 ita
278 1136 374 1206 poeta
404 1135 481 1195 data
511 1152 608 1210 opera
638 1155 708 1199 rem
745 1141 850 1215 ipsam
882 1141 1064 1199 immutans
1088 1155 1162 1199 cum
1186 1154 1302 1199 versus
1326 1140 1479 1213 antiquos

201 1234 395 1312 imitaretur,
427 1237 547 1297 diserte
579 1239 735 1299 indicavit
766 1241 828 1300 sibi
859 1256 923 1300 non
953 1240 1081 1315 probari
1112 1240 1366 1315 theologumena
1397 1257 1479 1314 quae

201 1336 387 1396 terebantur
410 1338 449 1397 de
473 1339 595 1400 Iunone
619 1341 741 1401 Lucina
765 1338 855 1419 (Ἦρα
880 1340 1075 1411 illinierat?

245 1437 291 1498 Ut
321 1441 427 1498 mater
459 1441 592 1501 deorum
624 1442 663 1502 ab
688 1444 822 1517 antiqua
844 1443 1048 1518 mythologie
1070 1444 1128 1503 vix
1150 1443 1272 1519 differt,
1299 1444 1345 1503 ita
1369 1438 1481 1503 servat

201 1540 267 1600 iere
306 1540 506 1602 homericam
548 1544 725 1618 imaginem
769 1544 865 1618 Ares3
905 1559 965 1604 nec
1004 1544 1139 1620 mirum,
1180 1544 1297 1618 quippe
1332 1546 1388 1618 qui
1425 1561 1481 1619 per

200 1645 384 1717 temporum
416 1643 544 1718 lapsum
573 1645 635 1704 sibi
659 1648 814 1705 constans
836 1646 894 1705 vix
917 1646 1041 1706 dederit
1068 1646 1193 1720 copiam
1218 1645 1420 1706 Callimacho
1445 1650 1481 1706 ut

200 1746 313 1803 contra
332 1744 559 1804 innovationes
579 1746 649 1805 sive
666 1749 839 1820 ,poetarum
860 1748 930 1806 sive
950 1747 1176 1821 theologorum
1192 1763 1267 1806 eum
1281 1747 1479 1807 defenderet.

201 1842 400 1903 Bellatorum
420 1847 594 1919 patronum
616 1847 739 1920 (hymn.
759 1848 792 1906 tn
814 1847 875 1908 loo.
898 1849 950 1918 77)
968 1848 1089 1908 Iunone
1102 1850 1210 1907 ortum
1223 1848 1331 1923 docet,
1354 1848 1478 1924 itaque,

200 1945 277 2005 licet
307 1962 382 2006 eum
414 1950 508 2007 vocet
538 1948 711 2022 Enyalium
735 1950 768 2008 in
793 1950 897 2009 Aetiis
917 1949 965 2020 (fr.
992 1951 1037 2025 2),
1062 1946 1207 2009 nondum
1230 1952 1344 2009 tamen
1368 1950 1480 2024 Enyus

200 2061 275 2107 eum
300 2048 384 2107 dixit
406 2047 525 2124 fllium,
550 2051 633 2122 quod
657 2051 853 2111 recentiores
875 2052 1031 2112 fecerunt.
1056 2051 1191 2112 Homeri
1215 2056 1328 2111 autern
1351 2068 1479 2112 memor

202 2149 256 2221 qui
287 2150 418 2209 Patrem
455 2153 486 2208 Ε.
520 2152 584 2211 ‘390
615 2154 662 2212 ita
692 2153 770 2213 iecit
800 2151 903 2213 filium
935 2154 1158 2227 increpantem
1193 2152 1348 2230 ,ἔχθιστος
1373 2150 1407 2212 δέ
1430 2175 1480 2228 μοι

203 2249 265 2308 ἔσσο
295 2255 376 2308 θεῶν
407 2253 436 2309 οἳ
460 2249 612 2328 Ὄλυμπον
641 2253 770 2331 ἕχουσι”,
796 2271 860 2315 non
885 2256 1117 2330 praetermittit
1140 2257 1172 2314 in
1197 2256 1321 2330 hymno
1349 2255 1479 2315 Deliaco

203 2352 288 2410 hanc
306 2353 513 2426 praecipuam
534 2354 675 2415 indicare
696 2371 844 2433 causam,
869 2371 933 2430 qua
955 2358 1124 2431 tantopere
1148 2358 1268 2417 infesta
1287 2359 1376 2417 esset
1399 2358 1479 2416 iuno

204 2454 360 2528 Latonae,
385 2455 469 2527 quod
493 2471 532 2515 ea

473 2555 548 2634 Ζηνὶ
572 2563 663 2617 τεκεῖν
687 2555 790 2633 ἤμελλε
814 2558 983 2635 φιλαίτερον
1001 2555 1102 2637 ’Ἀρεος
1126 2553 1176 2618 υἷα
1193 2554 1224 2628 ¹).

247 2656 420 2717 Homerico
440 2659 535 2719 Marti
555 2660 699 2720 similem
719 2660 812 2719 nobis
831 2660 1003 2734 Enyalium
1025 2661 1197 2736 depingere
1218 2660 1362 2721 hocloco
1375 2663 1480 2736 pergit

202 2761 311 2834 poeta,
344 2760 477 2820 Homeri
507 2763 606 2822 etiam
640 2762 748 2821 verbis
775 2762 807 2820 in
840 2762 982 2837 imagine
1005 2777 1065 2821 sua
1088 2777 1168 2821 usus
1193 2764 1240 2831 (E.
1265 2763 1356 2836 355),
1383 2765 1480 2836 atoue

202 2862 234 2921 in
259 2877 296 2921 eo
320 2864 449 2923 tanturn
474 2880 592 2939 augere
616 2865 780 2924 homerica
803 2879 903 2924 ausus
926 2865 1010 2937 quod
1034 2863 1187 2924 disertius
1211 2862 1404 2922 Thracicum
1429 2863 1480 2921 dei

201 2964 360 3038 originem
379 2966 501 3026 indicat
519 2970 566 3043 et,
587 2968 665 3027 dum
689 2963 875 3042 ,tnrdpvyov
897 2964 1008 3040 Βορέαο
1026 2963 1106 3042 παρὰ
1127 2962 1236 3034 ento?
1250 2964 1366 3023 Martis
1380 2980 1480 3038 equos

202 3065 291 3138 pasci
313 3065 392 3125 dicit
416 3069 475 3136 (vs
500 3069 553 3137 65)
577 3067 780 3127 hauddubie
804 3064 980 3140 significat,
1006 3081 1105 3139 equos
1129 3065 1203 3125 illos
1223 3065 1263 3124 ab
1285 3065 1356 3139 ipso
1377 3066 1481 3126 Borea

202 3181 304 3240 genus
322 3166 450 3243 ducere,
469 3183 570 3242 aeque
588 3184 625 3227 ac
641 3171 715 3241 post
735 3183 810 3227 eum
829 3167 907 3227 tecit
924 3167 1062 3242 Quintus
1076 3167 1276 3240 Smyrnaeus
1290 3167 1389 3236 (Vill.
1405 3168 1480 3237 243)

425 3269 493 3340 τοὺς
521 3268 612 3352 Βορέῃ
636 3269 787 3327 κελάδοντι
811 3269 873 3327 τέκε
897 3270 1084 3346 βλοσυρῶπις
1105 3264 1243 3344 Ἐριννὺς
1259 3262 1291 3337 ²).

247 3368 419 3429 Sufficiunt
438 3371 590 3446 exempla
609 3371 743 3430 iunonis
762 3372 795 3430 et
814 3370 928 3429 Martis
947 3372 985 3429 ut
998 3371 1198 3444 ostendatur,
1216 3384 1316 3443 quam
1329 3374 1481 3431 accurate

201 3472 241 3531 ad
258 3475 427 3546 poetarum
448 3473 657 3545 antiquorum
675 3471 967 3546 mytholognmena
983 3486 1019 3531 se
1031 3470 1170 3546 applicet
1182 3471 1278 3544 poeta
1290 3471 1355 3530 nisi
1368 3473 1482 3531 vetare

203 3575 351 3635 videatur
374 3577 527 3635 accurata
557 3574 705 3634 cultuum
732 3572 952 3647 investigatio,
977 3572 1054 3631 Plus
1078 3572 1166 3632 enim
1186 3586 1285 3645 quam
1307 3574 1483 3646 poetarum

204 3676 292 3736 valet
325 3676 410 3750 apud
444 3691 520 3736 eum
550 3676 696 3735 locorum
727 3689 764 3734 ac
799 3673 928 3733 urbium
963 3673 1155 3748 auctoritas,
1190 3673 1261 3732 sive
1295 3672 1387 3732 cultu
1421 3688 1483 3733 suo

238 3969 254 4033 ¹)
271 3973 364 4030 Hymn.
379 3971 405 4018 in
421 3969 475 4017 Del.
491 3971 529 4017 58.
545 3971 599 4017 Hoo
614 3970 718 4029 quidem
733 3981 810 4016 versu
825 3967 914 4015 licebit
929 3967 1055 4028 suspicari
1070 3969 1201 4027 spectasse
1210 3967 1313 4025 poetam
1323 3965 1482 4024 Legidsrnm

202 4051 333 4097 familiam.
361 4051 424 4098 Nem
453 4050 549 4097 diserte
572 4062 608 4095 rs.
634 4050 681 4096 165
711 4061 769 4095 cnm
792 4048 909 4107 Apolline
935 4048 1067 4107 componit
1092 4046 1161 4091 ditor
1184 4043 1252 4097 θεὸν,
1279 4043 1483 4105 Philadelphum

202 4131 307 4178 Phoebo
333 4130 402 4177 haud
427 4129 591 4189 dissimilem,
617 4132 671 4174 eret
697 4129 764 4174 enim
789 4131 968 4185 panormitana
998 4127 1175 4174 Ptolemaeum
1204 4127 1290 4170 eutem
1321 4125 1483 4184 Oereunum,

203 4212 285 4257 virum
304 4214 415 4272 rolpypip
432 4212 459 4255 et
475 4211 575 4268 ἀπονοίᾳ
593 4207 765 4266 diffamatum,
783 4207 825 4252 cni
843 4207 962 4264 quamvis
976 4205 1101 4252 minorem
1116 4207 1178 4251 netu
1192 4203 1392 4264 Philadelphum
1408 4210 1483 4266 pater

202 4289 372 4350 praetulerat,
387 4289 517 4344 subteote,
532 4301 579 4333 nee
596 4290 682 4333 temen
699 4287 819 4344 obscure,
835 4288 922 4331 nostro
937 4285 994 4331 loeo
1008 4286 1085 4344 poete
1099 4283 1202 4330 indicat.
1217 4284 1312 4331 Verum
1328 4285 1355 4330 in
1370 4287 1483 4333 transitu

202 4371 315 4427 tentum,
334 4371 360 4414 et
378 4381 429 4413 nno
447 4380 523 4412 versu
541 4379 638 4424 neque,
656 4364 724 4423 quod
741 4377 882 4421 numquam
901 4364 974 4418 iecit,
992 4377 1039 4422 per
1056 4363 1195 4421 longiorem
1216 4363 1337 4409 carminis
1354 4368 1464 4423 partem.

235 4443 256 4509 ⁹)
279 4447 313 4494 Ut
335 4447 361 4492 in
385 4446 478 4492 ceteris
501 4445 541 4490 dis
564 4444 708 4490 minoribns
730 4443 766 4489 ite
790 4444 814 4489 in
840 4444 921 4489 Marte
942 4443 1011 4488 ultre
1031 4444 1195 4501 antiquorum
1214 4455 1290 4488 usum
1308 4444 1482 4502 metonymise

202 4527 305 4573 lieentia
330 4525 412 4571 utitur
439 4522 624 4570 Osllimsohns:
651 4522 693 4568 IV.
722 4523 769 4568 113
799 4522 885 4568 Kottis
906 4521 983 4583 Ἄρηα
1011 4520 1043 4567 de
1066 4521 1198 4568 Gallorum
1222 4520 1355 4568 invasione
1379 4523 1410 4569 fr.
1431 4525 1481 4571 226

204 4604 311 4652 Altaria
325 4603 401 4667 Ἄρηα
420 4602 451 4648 de
469 4603 609 4649 certamine
627 4603 732 4660 propter
749 4612 841 4660 aprum
859 4599 1027 4659 Calydonium
1045 4601 1102 4646 orto
1119 4598 1191 4646 dixit.
