3104 5296
97 453 158 514 111.
186 452 360 515 aea-261
713 452 774 514 109

212 643 300 712 (461)
346 639 429 724 Ἀσίῳ
453 637 485 699 ἐν
507 643 627 718 λειμῶνι
651 639 824 721 Καϋστρίου
847 637 925 719 ἀμφί
948 637 1065 723 ῥέεθρα.

214 745 300 814 (467)
346 739 432 801 ἔσταν
456 734 488 800 δ’
514 738 546 801 ἐν
570 745 689 819 λειμῶνι
713 742 914 827 Σκαμανδρίῳ
939 740 1116 821 ἀνθεμόεντι

96 859 182 917 quos
205 845 412 919 coniungens,
436 843 631 918 Scytharum
654 840 805 922 ἁμάξας
829 846 952 906 erudite
976 846 1106 908 addidit.

145 946 191 1006 De
216 961 293 1007 voce
316 940 555 1021 παλιμπετὲς
578 949 637 1015 (vs.
663 948 737 1016 256)
766 948 875 1022 aptius
899 947 983 1008 infra
1006 948 1130 1010 dicetur
1153 949 1192 1009 ad
1217 949 1270 1011 IV.
1296 952 1371 1012 294.

98 1047 205 1109 Versu
229 1051 341 1109 autem
364 1049 428 1108 258
451 1044 501 1106 τεὰ
523 1046 614 1120 τόξα
636 1047 788 1127 πρόκειται
811 1064 926 1124 parum
946 1052 1003 1110 aut
1022 1051 1186 1124 eleganter
1206 1054 1264 1113 ant
1283 1068 1373 1114 accu·

96 1151 170 1209 rate
185 1150 308 1210 dictum
324 1163 407 1224 esse,
428 1149 512 1222 quod
532 1149 570 1209 de
590 1150 691 1224 clipeo
711 1151 831 1211 rectius
851 1152 977 1212 dicatur
1000 1148 1217 1231 ,προβέβληται
1231 1148 1251 1231 ἡ
1264 1151 1372 1227 ἅπας’·

97 1251 167 1310 iam
194 1251 321 1311 monuit
344 1249 483 1311 (tobetus
505 1250 525 1310 l.
550 1251 571 1310 l.
597 1253 672 1312 437.

145 1416 302 1489 Longiore
325 1431 423 1489 quam
446 1417 644 1490 hymnorum
668 1433 749 1479 usus
768 1418 892 1479 ferebat
911 1420 1114 1481 invocatione
1134 1420 1255 1482 Dianae
1273 1419 1372 1481 finem

97 1520 233 1578 tandem
258 1519 379 1591 hymno
402 1518 556 1592 imponit:

140 1619 196 1679 Vs.
222 1620 296 1680 259.
342 1618 458 1696 πότνια,
481 1619 645 1698 Μοννυχίη
669 1619 871 1697 λιμενοσκόπε,
892 1625 974 1700 χαῖρε
998 1621 1119 1698 Φεραίη.

345 1719 451 1798 μήτις
474 1718 601 1805 ἀτιμήσγ
623 1719 678 1799 τὴν
694 1719 838 1800 ’Ἀρτεμιν
863 1718 934 1783 οὐδὲ
958 1719 1013 1803 γὰρ
1040 1723 1127 1783 Οἰνεῖ

344 1820 446 1901 βωμὸν
469 1820 661 1901 ἀτιμάσσαντι
689 1821 775 1884 καλοί
798 1823 885 1884 πόλιν
907 1815 1006 1902 ἦλθον
1029 1821 1149 1905 ἅγοινες·

346 1918 416 2000 μηδ’
443 1921 655 2005 diocesariae,
678 1919 749 2003 μηδ’
775 1923 930 2004 εὐστοχίαν
954 1923 1121 2006 ἐριδαίνειν·

346 2020 495 2106 οὐδὲγὰρ
519 2026 664 2105 Ἀτρείδης
688 2022 775 2112 ὀλίγῳ
801 2024 849 2087 ἐπὶ
871 2026 1005 2105 κόμπασε
1028 2032 1137 2111 μισθῷ·

261 2188 263 2191 .
344 2123 420 2203 μησί
441 2149 507 2186 τινα
531 2132 666 2205 μνᾶσθαι
688 2127 743 2206 τὴν
765 2126 929 2207 παρθένον·
954 2125 1025 2190 οὐδὲ
1048 2126 1103 2209 γὰρ
1121 2118 1209 2201 Ὦτος

223 2230 287 2290 265
345 2223 416 2289 οὐδὲ
439 2225 492 2307 μὲν
513 2222 643 2307 Ὠαρίων
666 2226 785 2310 ἀγαθὸν
808 2229 903 2311 γάμον
928 2228 1136 2309 ἐμνήστευσαν.

344 2326 419 2408 μηδὲ
441 2328 530 2409 χορὸν
554 2331 676 2411 φεύγειν
701 2329 861 2393 ἐνιαύσιον·
886 2328 958 2393 οὐδὲ
981 2329 1036 2411 γὰρ
1055 2326 1149 2392 Ἱππὼ

345 2428 468 2493 &uiuaci
491 2430 558 2511 περί
581 2431 684 2512 βωμὸν
707 2430 852 2495 ἀπείπατο
876 2432 1097 2494 κυκλώσασθαι.

341 2537 421 2612 χαῖρε
445 2530 529 2613 μίγα,
551 2534 701 2613 κρείουσα,
719 2532 774 2596 ,καί
796 2533 961 2614 εὐαίντησον
984 2531 1082 2619 ἀοιδῇ.

91 2634 334 2696 Alexandrinos
355 2638 468 2709 poetas
491 2652 531 2696 ne
552 2637 718 2697 dubitasse
734 2636 865 2710 quidem
886 2637 924 2697 de
947 2637 1042 2698 verbo
1066 2632 1263 2713 ἀτιμάειν,
1287 2631 1372 2710 quod

89 2738 188 2798 hodie
220 2739 406 2797 constanter
441 2753 460 2796 a
491 2738 651 2812 plerisque
685 2739 860 2799 editoribus
893 2739 1010 2799 merito
1042 2737 1214 2812 expellitur
1236 2755 1254 2799 e
1277 2740 1371 2798 textu

90 2840 269 2908 homerico,
296 2853 410 2899 omnes
434 2841 628 2907 concedunt.
664 2840 781 2901 Noster
812 2855 888 2900 vero
919 2840 971 2899 his
1003 2839 1149 2899 versibus
1181 2839 1292 2900 sedulo
1316 2840 1372 2901 dat

90 2956 226 3016 operam
259 2943 296 3000 ut
329 2940 537 3001 meminerint
571 2941 709 3003 lectores
740 2945 915 3014 utrumque
950 2941 1084 3001 verbum
1116 2942 1149 3000 et
1178 2937 1312 3018 ἀιιμάειν
1339 2944 1372 3003 et

91 3039 245 3118 ἀτιμάζειν
265 3041 373 3115 epicae
393 3040 529 3103 dialecto
548 3058 650 3116 aeque
673 3044 854 3104 convenire.
881 3042 962 3103 Cum
987 3043 1074 3103 enim
1099 3058 1146 3102 vs.
1172 3043 1236 3102 250
1260 3059 1370 3104 nume·

91 3160 205 3205 rorum
226 3157 352 3216 quoque
372 3143 585 3205 similitudine
604 3145 811 3206 audientibus
831 3146 864 3205 in
880 3145 1075 3205 memoriam
1087 3148 1273 3205 revocasset
1285 3147 1309 3206 l.
1327 3146 1369 3206 62

342 3249 473 3320 μῦθον
497 3242 679 3329 ἀτιμήσγ,
702 3242 773 3305 οὐδὲ
796 3245 902 3323 κρείων
926 3241 1124 3324 Ἀγαμέμνων,
1149 3239 1169 3315 ¹)

92 3347 245 3421 sequenti
265 3347 379 3406 statim
397 3364 493 3409 versu
513 3350 682 3410 subiunxit
702 3349 840 3409 alteram
862 3349 1001 3410 formam
1022 3345 1297 3425 ἀτιμάσσαντι.
1313 3348 1370 3409 Ve-

94 3466 169 3511 rum
190 3450 304 3510 eodem
317 3465 464 3510 verau-
477 3455 513 3512 ut
525 3455 651 3513 taceam
674 3453 713 3513 de
732 3452 918 3513 accusativo
939 3451 1053 3511 statim
1074 3465 1149 3511 cum
1162 3450 1259 3511 verbo
1272 3447 1371 3510 ἐλθεῖν

92 3554 205 3612 iuncto
230 3548 282 3626 (cf.
296 3566 344 3610 vs.
361 3552 433 3621 195)
448 3587 487 3596 -
503 3555 611 3613 minus
634 3556 721 3614 recte
744 3568 843 3626 quam
864 3555 937 3627 post
959 3568 1034 3612 eum
1048 3552 1254 3613 Aristarchus
1273 3568 1370 3613 usum

93 3653 299 3714 homericum
330 3652 524 3715 observavit.
565 3654 645 3715 Cum
677 3655 764 3714 enim
795 3654 873 3714 dicit
903 3655 989 3714 haud
1021 3652 1169 3725 καλοὺς
1202 3654 1241 3714 ad
1272 3653 1371 3714 Oenei

94 3755 212 3816 urbem
244 3751 373 3813 venisse
404 3751 556 3834 ἀγῶνας
588 3756 724 3816 ulterius
750 3757 952 3831 progreditur
983 3772 1082 3830 quarn
1113 3757 1192 3816 sinit
1218 3757 1370 3828 antiquae

93 3858 205 3932 opicae
228 3855 378 3922 dictionis
401 3872 490 3918 usus.
515 3857 597 3917 Nam
623 3873 662 3917 ne
686 3858 726 3917 iis
750 3858 879 3930 quidem
903 3859 1059 3933 versibus,
1080 3859 1112 3917 in
1133 3858 1249 3931 quibus
1268 3853 1370 3936 ἀγῶνα

93 3977 161 4021 non
192 3963 231 4022 de
262 3964 324 4025 loco
346 3959 396 4036 (oi.
422 3960 599 4021 Aristarclr.
624 3959 665 4018 ad
688 3960 728 4016 Η,
749 3960 835 4035 298),
859 3974 971 4020 verum
997 3960 1035 4019 de
1056 3959 1138 4019 ίασίε
1157 3959 1280 4019 dictum
1301 3959 1370 4019 iure

93 4066 247 4142 accipiaS,
280 4067 380 4127 veluti
403 4070 435 4123 θ.
460 4062 524 4122 259
557 4054 626 4132 (ιἰαί
652 4057 770 4139 ἀγῶνας
794 4058 827 4119 ίὺ
856 4059 1041 4139 πρήσσεσκον
1063 4057 1191 4136 ἕκαστα),
1216 4061 1369 4122 defendas

94 4166 343 4229 Callimachum.
371 4169 471 4241 Saepe
503 4163 582 4223 talia
617 4163 763 4223 feceruut
789 4163 904 4237 tragici
922 4166 1046 4239 poetae,
1067 4165 1102 4223 at
1125 4164 1287 4225 Homerus
1305 4180 1367 4225 cer·

92 4273 207 4330 tamen
239 4286 314 4331 cum
353 4285 429 4344 apro
463 4264 635 4339 Calydonio
668 4265 717 4334 (cf.
744 4267 768 4322 l.
793 4266 856 4324 529
880 4269 958 4338 add-l
991 4281 1054 4326 non
1087 4266 1232 4326 dicturus
1263 4267 1369 4327 fuerat

94 4380 208 4451 αγῶνα.

130 4554 149 4621 ¹)
168 4558 255 4604 Oritur
280 4569 312 4603 ex
337 4556 386 4602 hac
412 4554 554 4602 imitatione
577 4552 698 4613 suspicio,
728 4552 914 4598 Callimachum
939 4552 990 4598 iam
1016 4565 1047 4598 eo
1072 4565 1147 4599 versu
1175 4552 1365 4599 coniunctimm

92 4639 187 4696 legisse
205 4649 282 4694 quem
301 4636 355 4681 iure
373 4634 522 4694 praeierunt
540 4631 669 4677 Naualins
686 4635 713 4677 et
730 4644 753 4678 v.
771 4631 904 4678 Laenwen.
