3068 5294
1 455 3 476 *
84 496 129 556 iv.
154 496 330 555 aer-eoa
680 496 739 554 181

118 687 223 769 Versu
247 687 322 761 287,
353 700 450 759 quem
479 699 612 745 versum
643 684 751 759 opicae
776 684 924 744 dictionis
948 700 1075 745 memor
1097 686 1144 747 ita
1167 687 1289 749 claudit
1311 692 1348 749 ut

76 791 254 851 secundum
277 787 410 849 Homeri
434 802 558 852 morem
579 786 646 864 αἴης
667 786 818 847 ultimam
840 788 951 847 sedern
972 788 1125 865 obtineat,
1146 791 1347 851 homericum

1 897 2 904 ’
75 907 199 965 quoque
230 890 456 966 prothysteron
491 888 585 961 (quod
618 890 704 949 reete
736 889 848 949 monet
871 887 1094 961 Schneiderus)
1126 892 1172 952 ita
1199 892 1348 953 imitatur

1 985 4 1003 ξ
73 996 108 1053 ut
131 993 259 1067 antiqui
282 992 396 1067 poetae
421 989 526 1050 verbis
552 982 654 1065 ,οίκον
679 986 849 1066 ἐυκτίμενον
873 985 924 1047 καί
947 987 1003 1066 σὴν
1031 987 1061 1062 ές
1084 991 1211 1070 πατρίδα
1234 994 1343 1073 γαῖαν”

1 1106 2 1147 t
70 1093 107 1163 (δ.
132 1095 209 1164 476)
232 1092 446 1168 respondeant
469 1088 567 1168 ,ἱερὸν
590 1087 663 1150 ἄστυ
696 1087 747 1149 καί
766 1086 856 1168 οὔρεα
877 1089 1015 1168 Μηλίδος
1035 1090 1135 1170 αἴης”,
1154 1109 1230 1154 nam
1255 1091 1345 1173 οὔρεα

68 1199 166 1255 tetam
199 1195 316 1255 Malitia
346 1194 511 1267 regionem
537 1193 680 1254 indicant
704 1193 922 1253 montuosam.
949 1192 992 1252 At
1016 1196 1226 1267 sequentibus
1253 1198 1345 1259 docte

69 1296 217 1357 illustrat
241 1298 344 1357 denuo
368 1297 528 1369 hymnum
551 1294 752 1354 homericum
776 1294 810 1352 ι’νι
835 1292 1008 1369 Apoltieem
1033 1311 1080 1356 rs.
1095 1298 1175 1359 220:
1203 1307 1291 1377 ,στῆς
1313 1294 1342 1359 δ’

68 1396 119 1458 ἐπί
151 1398 343 1482 Ληλάντῳ
374 1395 503 1481 πεδίῳ”;
528 1397 659 1457 revocat
694 1396 781 1455 enim
818 1395 856 1454 ad
894 1411 1004 1469 regem
1037 1396 1203 1460 Lemnium
1237 1402 1344 1477 campi

67 1517 202 1578 nomen,
226 1499 385 1578 Λήλαντον
411 1500 444 1558 in
475 1497 707 1576 Ληιάντιον
733 1497 905 1569 corrigens.
930 1498 1074 1560 Adomat
1098 1516 1223 1575 quoque
1242 1502 1342 1564 ediec·

67 1605 139 1665 tire
182 1603 269 1664 haud
306 1602 436 1675 indigne
475 1600 715 1662 fertilissimum
758 1614 834 1659 eum
874 1615 999 1676 agrum,
1031 1598 1185 1680 ἀγαθὸν
1224 1619 1344 1665 vocans

70 1704 198 1781 ,πεδίον
229 1702 495 1781 Ληλάντιον”;
527 1704 583 1763 sed
616 1718 656 1762 ne
688 1703 747 1762 hoc
779 1702 909 1776 quidem
937 1703 1005 1776 ipse
1029 1704 1169 1779 invenit;
1193 1705 1288 1766 debet
1310 1706 1343 1765 ni

65 1808 163 1869 fallor
197 1806 374 1881 Theognidi
404 1805 459 1878 qui
483 1820 530 1865 vs.
561 1805 624 1864 892
657 1804 784 1864 dixerat
815 1803 995 1881 ,Ληλάντου
1026 1799 1053 1864 δ’
1077 1802 1196 1885 ἀγαθὸν
1219 1806 1343 1887 κείρεται

66 1909 263 1970 αἰνόπεδον”.

109 2138 165 2199 Vs,
191 2137 267 2196 291.
313 2135 428 2213 πρῶταί
448 2156 493 2194 τοι
516 2128 580 2194 τάδ’
608 2131 725 2195 ἔνεικαν
748 2131 807 2194 ἀπὸ
831 2135 953 2207 ξανθῶν
977 2138 1163 2215 Ἀριμασπῶν

317 2227 413 2308 Οὗπίς
435 2256 464 2295 τε
489 2234 578 2308 Λοξώ
599 2257 628 2295 τε
650 2233 699 2294 καὶ
724 2233 834 2296 εὐαίων
852 2230 1009 2315 Ἑκαέργη,

315 2336 477 2418 θυγατέρες
501 2335 624 2416 Βορέαο,
646 2335 697 2397 καί
720 2335 840 2416 ἄρσενες
864 2338 894 2398 οἲ
915 2333 969 2398 τότ’
995 2334 1108 2416 έριστοι

315 2437 436 2518 ἠιθέων·
460 2435 526 2501 οὐδ’
553 2440 587 2501 οἴ
604 2462 633 2522 γε
659 2437 834 2516 παλιμπετές
858 2436 954 2501 οἴκαδ’
981 2440 1090 2518 ἵκοντο,

314 2539 447 2622 εὔμοιροι
472 2536 498 2601 δ’
526 2539 670 2621 ἐγένοντο,
692 2539 742 2601 καί
765 2539 865 2614 αἰκλέες
888 2536 988 2602 οὔποτ’
1014 2539 1128 2602 ἐκεῖνον.
1210 2541 1212 2554 ’

314 2634 333 2722 ἦ
357 2665 401 2703 τοι
424 2643 570 2720 Δηλιάδες
593 2640 657 2721 μὲν,
680 2638 716 2703 δι’
743 2641 850 2721 εὐηχης
874 2640 1014 2720 ὑμέναιος

313 2741 392 2823 έχθεα
415 2745 553 2823 κουρείων
576 2744 784 2823 μορμύσσεται,
809 2743 892 2822 ἥλικα
916 2743 1018 2822 χαίτην

311 2850 517 2925 παρθενικαῖς,
540 2845 644 2918 παῖδες
668 2842 701 2905 δὲ
723 2842 813 2926 θέρος
836 2844 868 2905 τὸ
891 2853 1008 2924 πρῶτον
1031 2844 1140 2906 ίούλων

311 2944 431 3028 ἄρσενες
453 2945 601 3027 ἠιθέοισιν
625 2946 824 3027 ἀπαρχόμενοι
846 2945 1016 3025 φορέουσιν.

108 3051 268 3128 Quoniam
292 3051 423 3111 omnino
445 3066 509 3111 non
530 3052 667 3125 constat,
690 3051 807 3123 quibus
827 3037 869 3110 ex
888 3050 1031 3111 fontibus
1051 3065 1146 3110 suam
1167 3049 1205 3110 de
1219 3049 1337 3125 Hyper·

59 3155 169 3215 boreis
198 3153 419 3214 narrationem
450 3153 596 3213 hauserit
623 3151 851 3225 Callimachus,
882 3167 946 3212 non
969 3153 1075 3225 magis
1099 3152 1137 3213 de
1158 3151 1248 3228 (tauta
1271 3151 1339 3211 Ari·

59 3271 253 3331 masporum
273 3254 412 3315 crinitae
431 3254 607 3328 quidquem
635 3268 691 3328 pre
711 3255 798 3314 certo
816 3255 1014 3314 constituere
1034 3269 1220 3330 pessumus,
1240 3270 1338 3328 quam

59 3359 101 3418 de
123 3358 285 3419 adiectivo
309 3355 399 3417 εὐαί
406 3378 471 3429 ev;
491 3371 691 3430 quamquam
711 3358 744 3416 et
768 3356 1001 3430 significatione
1023 3356 1226 3432 vocabulum,
1247 3359 1338 3417 etra-

59 3459 176 3533 geedia
199 3459 419 3534 desumptum,
444 3456 580 3518 minime
604 3458 778 3518 obscurum
801 3458 862 3532 est,
895 3459 929 3518 et
951 3458 1020 3532 ipse
1047 3460 1158 3519 noster
1186 3459 1218 3519 id
1246 3459 1340 3519 inter·

59 3562 210 3636 pretatur
241 3574 317 3620 oum
348 3558 384 3620 V.
421 3560 481 3620 117
515 3559 593 3619 dicit
626 3554 784 3636 ,ὀίβίσταν
816 3553 844 3618 δ’
872 3555 944 3637 έρέει
976 3575 1007 3617 σε
1037 3556 1088 3618 καί
1110 3557 1239 3619 εὐαίωνα
1261 3557 1341 3639 γενέ·

59 3664 167 3723 σθαι”.
196 3655 218 3731 ¹)
246 3661 282 3722 Id
314 3677 389 3722 vero
420 3676 484 3722 non
516 3662 744 3736 omittendum,
777 3659 907 3721 εὐαίωνα
939 3676 1003 3721 uon
1026 3662 1130 3722 solam
1154 3661 1340 3734 Hecaergen

59 3763 250 3838 praedicari.
275 3762 412 3824 Secutus
440 3763 584 3824 enimin
610 3780 647 3824 eo
671 3779 797 3837 queque
822 3764 1019 3836 tragicorum
1043 3778 1168 3824 morem
1193 3763 1337 3824 Callima·

58 3867 142 3926 chus
166 3864 295 3924 videtur
314 3866 397 3938 quod
417 3865 613 3926 adiectivum
636 3867 676 3926 ad
697 3865 806 3925 omnia
831 3864 930 3925 simul
950 3865 1156 3925 substantiva
1174 3865 1339 3939 pertinens

58 3968 179 4028 ultimo
211 3967 336 4026 nomini
360 3967 518 4042 adiunxit,
547 3968 644 4028 sicuti
668 3968 700 4027 id
723 3967 854 4042 fecerat,
881 3981 922 4026 ne
946 3967 1028 4026 aiios
1051 3967 1227 4042 nominem,
1252 3966 1339 4027 Euri·

56 4070 151 4144 pides
176 4067 286 4143 Suppt
313 4068 354 4129 23
381 4066 432 4144 ,τό
455 4062 474 4127 τ’
502 4066 583 4147 ἔγχος
607 4066 660 4145 τήν
684 4089 713 4127 τε
738 4066 972 4146 δυστυχεστάτην
996 4064 1106 4127 στένων
1130 4066 1315 4146 στρατείαν”.

56 4348 183 4410 explicari
209 4351 303 4408 potest.
328 4349 475 4409 „deterior
503 4347 637 4408 Πιεασγοί”
660 4348 725 4396 dixit
749 4352 833 4411 poeta,
856 4350 979 4397 memoria
1001 4351 1091 4397 teneus
1107 4364 1211 4399 versum
1228 4352 1340 4400 homeri·

55 4443 117 4477 oum
136 4434 166 4476 lz
187 4429 236 4476 233
256 4434 321 4484 ,Ζεῦ
338 4429 383 4476 ἄνα
400 4429 531 4484 Δωδωναῖε,
552 4431 681 4487 Πελασγικέ
699 4431 782 4489 τηλόθι
804 4430 897 4476 ναίων,”

91 4503 111 4573 ¹)
129 4508 213 4557 Nimis
237 4511 371 4568 προίεται
394 4510 420 4555 ui
445 4508 520 4555 fallor
545 4508 726 4569 Schneiderue‚
748 4510 794 4567 qni
816 4522 913 4569 negans
936 4511 1056 4557 nunciam
1079 4512 1177 4557 εὐαίωνα
1196 4510 1247 4558 dici
1265 4523 1341 4571 posse

56 4589 211 4647 Hecaergen
235 4600 294 4634 cum
315 4591 405 4648 postea
426 4587 531 4636 demum
554 4587 661 4653 εὔμοιρος
683 4589 751 4635 iacta
773 4589 816 4649 sit,
839 4591 940 4645 εὐαιμων
964 4589 1106 4649 proposuit.
1125 4590 1273 4639 offenderat
1290 4591 1341 4638 inm

57 4667 274 4717 vnoiemerium
292 4666 361 4716 idem
378 4666 542 4726 adiectirum,
561 4668 671 4717 coniecit
688 4668 757 4717 enim
773 4669 799 4716 in
817 4667 920 4716 schedis
939 4668 1038 4728 εὔυμνον.
