3104 5286
684 522 746 584 145

294 704 400 789 γείνατ’
422 703 544 790 Ἐρινῦς
567 732 597 772 τε
619 709 762 791 κρατερὰς
785 710 932 791 μεγάλους
955 732 985 772 τε
1008 709 1169 790 Γίγαντας,

294 812 406 891 τεύχεσι
428 809 655 890 λαμπομένους,
678 807 766 893 δολίχ’
791 811 876 894 ἔγχεα
898 810 997 893 χερσίν
1021 811 1156 893 ἔχοντας,

294 913 430 991 Νύμφας
453 907 496 990 θ’,
518 909 553 985 ἃς
578 914 695 987 Μελίας
718 910 854 975 καίίουσ’
881 909 922 974 ίτί
949 911 1093 995 ἀπείρονα
1115 919 1213 994 γαῖαν.

116 1009 262 1076 Indicant
281 1015 353 1090 ipsa
367 1016 483 1091 hymni
494 1015 592 1091 primi
603 1016 703 1078 verba
714 1016 951 1078 Callimachum
963 1032 1028 1079 non
1040 1019 1182 1093 cogitare
1195 1018 1234 1077 de
1246 1017 1350 1080 Meliis

69 1119 252 1195 Hesiodeis,
276 1119 333 1180 sed
356 1119 395 1180 de
419 1120 522 1179 isdem
546 1119 714 1194 nymphis,
740 1134 822 1193 quas
843 1118 990 1194 Gatalogi
1013 1122 1125 1181 auctor
1148 1134 1363 1180 memorave-⁴

69 1223 123 1280 rat
146 1219 288 1290 (Hesiod.
312 1220 351 1282 fr.
376 1220 420 1280 44
443 1221 529 1292 Rau:

294 1318 324 1395 ἒξ
347 1311 390 1381 ὧν
413 1319 528 1402 σύρεται
552 1323 683 1400 Νύμφαι
706 1321 777 1384 θεαί
799 1321 967 1404 ἐξεγένοντο

293 1421 342 1484 καί
366 1420 452 1504 γένος
475 1421 644 1486 σύτιδανῶν
667 1425 815 1505 Σατύρων
837 1423 888 1485 καί
911 1423 1154 1506 ἀμηχανοεργῶν,

295 1522 447 1604 Κουρῆτές
470 1548 500 1586 τε
523 1523 592 1587 θεοί
616 1527 864 1608 φιλοπαίγμονες,
888 1524 1074 1607 ὀρχηστῆρες.
1098 1524 1118 1599 ¹)

70 1624 194 1702 Quibus
228 1625 364 1688 Creticis
394 1627 563 1705 nymphis,
593 1630 633 1689 ad
663 1645 820 1705 proavam
851 1629 981 1691 Meliam
1013 1631 1197 1692 Oceaninen
1219 1633 1347 1708 relatis,

69 1728 212 1790 Graecas
250 1729 391 1804 origines
430 1730 621 1807 vindicavit,
651 1746 729 1791 nam
762 1733 878 1792 natum
912 1732 1036 1793 ferebat
1070 1733 1274 1809 mythologia
1307 1750 1349 1795 ex

70 1831 190 1891 Oceani
224 1828 292 1891 filia
322 1830 418 1891 Melia
448 1833 481 1891 et
511 1832 631 1892 Inacho
663 1832 882 1909 Phoroneum,
917 1834 1009 1894 cuius
1040 1850 1058 1894 e
1088 1833 1156 1895 fllia
1178 1836 1348 1911 Nymphae

69 1932 244 2007 Satyrique
276 1935 309 1993 et
339 1931 474 1994 Curetes
502 1934 564 1994 orti
595 1948 668 1993 esse
699 1933 897 2010 dicebantur,
933 1936 1079 1995 eiusdem
1114 1939 1226 1997 autem
1261 1936 1348 1997 fliius

69 2034 151 2110 Apis
181 2035 345 2096 Arcadum
376 2049 517 2110 proavus
545 2033 744 2096 Callimacho
769 2052 894 2109 quoque
918 2037 1089 2097 videbatur
1112 2039 1166 2110 qui
1191 2037 1348 2099 Arcadiae

24 2130 28 2138 '
69 2136 195 2197 incolas
219 2136 396 2214 Ἀπιδανῆας
421 2137 552 2197 vocavit
576 2136 600 2196 Ι.
628 2137 679 2197 14.
704 2130 725 2206 ²)

115 2238 366 2313 Distinguehant
400 2242 511 2299 autem
542 2236 724 2312 mythologi
755 2238 795 2297 ab
827 2238 888 2298 hac
918 2239 1014 2299 Melia
1037 2254 1119 2313 quae
1142 2240 1347 2301 Phoroneum

69 2344 195 2416 peperit
213 2340 342 2416 Inacho,
364 2340 544 2416 nympham
569 2340 716 2399 eiusdem
739 2340 882 2400 nominis
906 2355 988 2414 qnae
1012 2355 1053 2400 ex
1073 2341 1222 2416 Apolline
1242 2345 1349 2404 mater

70 2442 158 2503 facta
188 2444 260 2502 erat
288 2442 424 2503 Ismenii
455 2443 649 2518 leuarique,
683 2456 829 2516 quaeque
861 2441 945 2517 apud
968 2442 1107 2503 Boeotos
1130 2444 1164 2504 in
1188 2444 1348 2519 Apollinis

70 2543 205 2604 Ismenii
235 2543 358 2618 templo
389 2545 556 2605 fruebatur
579 2545 669 2605 cultu
691 2544 811 2604 divino.
836 2544 917 2604 Eam
940 2544 1081 2620 spectari
1104 2562 1124 2605 a
1147 2545 1346 2608 Callimacho

70 2645 214 2721 plerique
236 2648 354 2721 putant
377 2661 451 2706 cum
476 2645 528 2705 IV.
554 2647 597 2706 80
621 2647 654 2706 in
676 2646 821 2706 Latonae
844 2645 1072 2720 vagationibus
1096 2651 1222 2708 narret:

297 2742 335 2823 ,ri
359 2741 387 2806 δ’
413 2745 635 2824 ύπούινηθεῖσα
658 2755 748 2826 χοροῦ
772 2744 965 2808 ἀπεπαύσατο
988 2747 1095 2826 νύμφη

293 2846 452 2927 αὐτόχθων
478 2848 609 2926 Μείίη”.

72 2951 133 3013 Sed
163 2952 246 3012 mihi
277 2952 404 3012 videtur
434 2952 491 3010 vix
522 2951 686 3026 probabile
717 2952 755 3012 da
787 2952 848 3012 hac
878 2952 974 3012 Melia
1000 2968 1086 3013 nunc
1108 2953 1239 3027 quidem
1262 2956 1344 3029 cogi·

69 3057 159 3115 tasse
194 3056 335 3130 poetam.
366 3054 483 3114 Mirum
507 3054 595 3114 enim
619 3056 721 3130 esset,
754 3056 787 3114 et
810 3054 909 3114 solita
932 3054 1002 3114 eius
1025 3055 1206 3115 eruditione
1228 3071 1344 3131 parum

70 3157 218 3233 dignum,
250 3157 279 3216 si
307 3171 348 3216 ne
378 3155 477 3215 verbo
501 3156 632 3229 quidem
655 3154 823 3216 allusiseet
845 3156 886 3216 ad
909 3170 965 3216 eos
988 3171 1130 3231 amores,
1155 3158 1210 3230 qui
1231 3159 1346 3231 postea

70 3272 144 3318 cum
161 3257 275 3318 eodem
288 3255 445 3332 Apolline,
459 3271 554 3330 quem
569 3271 655 3316 nunc
666 3256 802 3331 fugerat,
816 3257 996 3332 nympham
1009 3258 1119 3317 assent
1132 3257 1343 3318 conciliaturi.

71 3360 132 3420 Sed
163 3360 224 3419 hoc
254 3359 360 3419 mitto.
396 3358 534 3418 Gravius
564 3357 693 3418 videtur
722 3359 807 3432 quod
838 3355 1010 3436 αὐτόχθονα
1041 3373 1115 3419 eam
1146 3359 1233 3419 dicit.
1259 3359 1343 3419 Nam

70 3461 165 3522 Melia
198 3460 255 3522 illa
289 3477 331 3522 ex
366 3476 430 3534 qua
459 3459 612 3519 Ismenus
642 3461 740 3520 natus
770 3474 843 3519 esee
874 3459 1037 3520 ferebatur
1068 3461 1231 3520 Oceanina
1259 3464 1342 3536 erat,

71 3563 217 3639 nympha
246 3562 370 3624 summi
401 3561 537 3637 ordinis,
570 3562 621 3621 cui
653 3561 820 3621 dedicatus
843 3576 970 3635 quoque
994 3564 1064 3621 erat
1087 3577 1184 3636 prope
1208 3561 1344 3622 Ismenii

104 3908 124 3972 ¹)
142 3911 181 3958 (ll.
198 3908 268 3958 saud.
288 3907 349 3957 call.
367 3910 387 3957 1.
405 3924 431 3972 p.
449 3912 488 3958 11.

104 3987 124 4053 ¹)
142 3991 181 4039 Οί.
196 3991 227 4038 fr.
237 3992 287 4038 404
301 3989 371 4051 ιρσᾱ
386 3991 470 4038 Schol.
488 3990 514 4037 in
532 3989 614 4049 Apoll.
633 3989 714 4036 Rhod.
724 3989 758 4036 II.
768 3990 793 4034 4.
810 3991 904 4035 Μελίαν
921 3987 946 4034 ύί
963 4004 1033 4049 φησιν
1048 3990 1199 4043 Ἀπολλώνιος
1216 3988 1288 4048 αὐτὴν
1304 3989 1343 4036 διὰ

70 4073 96 4118 τί
118 4086 183 4125 τινας
203 4078 249 4117 τῶν
271 4077 367 4131 νυμφῶν
385 4072 476 4123 Μελίας
496 4073 621 4115 καλεῖσθαι
637 4068 685 4114 dno
704 4074 743 4126 sile
762 4069 852 4121 Μελίας
869 4073 908 4125 τῆς
922 4065 1045 4120 Ὠκεανοῦ,
1063 4068 1093 4120 ὣς
1108 4083 1166 4127 φησι
1184 4070 1344 4128 Καλλίμαχος.

70 4149 101 4196 Id
127 4150 219 4197 leoioee
245 4151 349 4209 poetam
371 4150 519 4209 suspicatur
542 4146 714 4195 Schneiderns
741 4147 768 4192 in
789 4145 891 4210 Ἄργους
913 4147 1032 4202 οἰκισμοῖς.
1058 4145 1133 4203 Quod
1159 4149 1245 4194 autem
1263 4147 1343 4194 Adra·

70 4233 152 4278 sicem
169 4229 320 4276 nominntim
339 4230 466 4276 memoret
482 4227 509 4274 id
527 4227 596 4287 fecit,
612 4227 638 4273 ni
656 4226 739 4281 fallor,
757 4229 786 4272 nt
803 4227 966 4286 oppugnaret
982 4226 1209 4285 mytholognmena
1227 4238 1293 4283 qnae
1311 4226 1343 4273 de

70 4323 131 4370 rege
148 4308 253 4357 Maliaco
277 4312 304 4356 et
325 4309 378 4355 fllia
395 4310 452 4356 eins
468 4307 645 4354 Euemeristne
661 4306 791 4361 ferebam
810 4306 889 4353 simul
906 4319 966 4352 vero
984 4304 1010 4351 id
1028 4304 1195 4352 memorabile
1211 4306 1265 4364 est,
1283 4305 1344 4363 quia

71 4402 102 4436 eo
118 4391 228 4449 apparet
243 4388 394 4435 Adrastenm
412 4388 445 4434 ed
461 4388 600 4447 Phrygiam
617 4400 669 4434 non
686 4386 818 4434 rettulisse
836 4384 1031 4446 Gallimaohum,
1049 4396 1205 4444 quamquam
1220 4383 1343 4430 Phoroni-

71 4468 111 4516 dis
136 4471 227 4515 anotor
252 4480 309 4515 cnm
333 4467 480 4526 Phrygibus
499 4467 585 4514 Idaeis
608 4469 684 4530 ὀριίην
701 4467 850 4529 Hipporum
867 4465 1042 4513 coniunxerat
1063 4464 1127 4512 (lum
1146 4476 1206 4510 vero
1224 4476 1342 4523 campum

71 4548 196 4608 Nepsiunr
221 4547 292 4594 hand
317 4547 408 4608 procul
435 4547 526 4606 (lyrico
553 4545 726 4593 Callimachus
753 4557 868 4605 quoque,
893 4545 961 4591 siout
984 4543 1135 4604 Apollonius
1153 4541 1201 4589 111.
1222 4543 1285 4603 loa,
1311 4542 1344 4589 ab

71 4626 195 4674 Adrestae
220 4639 363 4685 cognomen
389 4626 485 4674 hebere
510 4628 614 4673 censeat
640 4621 682 4688 (fr.
700 4625 733 4671 4⁶
758 4629 859 4684 Νηπτίης
881 4618 930 4685 ἦτ’
949 4624 1031 4687 ἄργος,
1055 4622 1161 4680 ἀοίδιμος
1183 4621 1344 4687 Ἀδρήστοιο),

72 4707 210 4754 verisimile
228 4711 268 4752 est
284 4719 342 4753 enm
360 4711 466 4766 putasse
484 4719 515 4752 ex
533 4705 608 4752 Creta
626 4707 652 4751 in
670 4706 756 4752 Asiam
774 4705 914 4752 Adrasteus
931 4705 1030 4751 cultum
1048 4703 1162 4750 delatum
1181 4703 1270 4749 luisse.

126 4792 157 4838 11.
1241 4789 1267 4833 10
