3104 5286
661 441 716 505 '91

32 635 34 639 ’
90 627 131 690 bus
156 633 187 692 et
217 632 420 708 Philadelphi
450 633 692 707 Euergetaeque
724 634 832 693 aetate
863 633 985 693 frustra
1011 632 1142 692 fuerunt
1162 632 1334 707 Aegyptia·

29 786 30 789 ,
86 735 176 794 ιοοιοο
205 734 262 793 illi.
296 735 432 795 Osiridis
463 734 571 795 cultus
602 735 631 795 si
662 735 723 794 hac
754 737 861 795 aetate
891 733 953 793 luit
983 732 1201 794 Alexandriae
1231 766 1271 777 —
1304 737 1337 794 et

29 834 30 874 3
84 846 144 895 sane
164 835 325 910 templum
350 837 380 896 ei
403 836 587 898 dedicatum
612 836 678 896 iam
702 839 774 896 tum
797 836 899 895 fuisse
922 835 1073 896 credibile
1097 837 1149 895 est
1173 869 1212 879 -
1238 835 1336 895 silent

82 935 174 996 tamen
205 936 245 996 de
275 953 313 997 eo
347 938 535 1013 scriptores,
567 937 840 1012 praetermittitur
871 952 891 996 a
916 936 1035 1012 poetis,
1060 939 1187 997 tacetur
1210 950 1336 1010 quoque

18 1044 19 1049 ’
78 1037 319 1099 acallimacbo.
344 1039 454 1113 Neque
477 1039 560 1099 satis
583 1041 635 1100 est
657 1040 758 1099 taceri
784 1038 824 1099 ab
847 1054 885 1099 eo
910 1038 1031 1111 Osirim
1056 1038 1207 1112 quotiens
1230 1038 1338 1112 tangit

10 1120 14 1220 ί
73 1136 258 1216 Dionysum,
291 1141 338 1201 ita
368 1141 407 1201 de
438 1141 559 1201 Graeco
587 1140 646 1202 deo
675 1140 754 1201 dicit
776 1144 814 1200 ut
836 1140 941 1200 multo
964 1140 1071 1214 magis
1095 1140 1135 1199 ab
1160 1138 1337 1214 originibus

71 1242 274 1316 Aegyptiacis
308 1257 384 1302 eum
414 1243 599 1303 vindicasse
629 1256 727 1316 quam
762 1257 837 1302 cum
870 1241 1006 1301 Osiridis
1038 1244 1096 1302 aut
1118 1256 1258 1316 persona
1280 1241 1338 1301 aut
1439 1224 1442 1229 ’

66 1344 169 1416 patria
192 1344 402 1405 coniunxisse
425 1344 584 1405 videatur.

107 1445 288 1505 Rarissime
307 1446 489 1520 Dionysum
509 1461 529 1506 a
549 1447 660 1506 nostro
680 1448 899 1506 memoratum
914 1461 1000 1505 esse:
1021 1445 1054 1504 in
1067 1445 1201 1518 hymnis
1217 1443 1337 1504 saltem

63 1547 156 1606 illum
176 1547 274 1607 deum
295 1547 386 1608 cuius
406 1563 501 1608 sacra
518 1550 589 1607 tam
607 1547 673 1608 late
692 1563 749 1622 per
768 1547 880 1607 orbem
901 1547 1047 1621 dispersa
1066 1546 1190 1619 essent,
1216 1545 1339 1605 ecuius

63 1648 233 1722 mysteriis
263 1663 414 1709 summae
444 1648 611 1709 felicitatis
641 1664 734 1723 spem
765 1648 959 1708 mortalibus
987 1646 1063 1707 oriri
1094 1646 1238 1721 plerique
1261 1648 1340 1706 tunc

62 1750 215 1810 homines
245 1752 410 1825 putarent,
443 1751 573 1812 nonnisi
604 1751 637 1810 in
668 1750 811 1810 transitu
840 1751 1047 1810 nominatum
1078 1763 1152 1808 esse
1180 1763 1245 1808 non
1268 1748 1339 1807 sine

63 1867 164 1912 causa
197 1852 338 1912 mireris.
374 1851 454 1927 Quid
489 1853 591 1928 enim,
625 1853 658 1912 in
692 1852 798 1912 aulico
828 1852 959 1925 quidem
989 1852 1098 1927 poeta,
1134 1849 1243 1925 potius
1270 1849 1341 1909 erat

63 1953 304 2028 expectandum
317 1968 414 2026 quam
428 1955 465 2014 ut
476 1968 609 2014 summa
619 1953 715 2014 laude
730 1955 861 2014 ornaret
872 1969 947 2014 eum
957 1953 1054 2014 deum
1063 1968 1160 2026 quern
1170 1954 1341 2026 tamquam

63 2055 222 2130 gentilem
252 2055 512 2130 assumpsissent
541 2057 616 2130 post
647 2055 871 2116 Alexandrum
902 2054 1067 2129 lagidae?
1091 2048 1111 2125 ¹)
1146 2054 1219 2129 Ipse
1251 2053 1339 2113 enim

67 2156 253 2216 Alexander
282 2157 481 2231 quantopere
514 2153 569 2231 ,rol
600 2157 753 2216 Διονύσου
784 2153 891 2232 μετιὼν
914 2154 996 2233 ἴχνη,
1023 2160 1099 2215 θεοῦ
1123 2154 1268 2235 γενάρχου
1291 2149 1342 2212 καὶ

67 2257 275 2335 apparerem&
307 2259 405 2319 deum
436 2272 512 2318 vere
540 2258 783 2318 Macedonicum
808 2256 967 2319 aemulari
991 2257 1078 2318 cordi
1102 2257 1284 2333 habuisset,
1310 2255 1342 2315 id

68 2360 247 2422 Ptolemaei
271 2360 411 2434 Lagidae
435 2359 664 2421 commentarii
687 2359 866 2420 docuerunt
882 2359 1058 2421 Arrianum
1073 2352 1105 2428 ²).
1130 2358 1179 2417 Ex
1198 2358 1342 2432 Dionyso

68 2477 170 2538 genus
205 2462 321 2522 ducere
355 2461 490 2537 dignum
524 2461 695 2521 videbatur
728 2460 873 2536 Lagidis,
910 2461 965 2533 qui
995 2459 1125 2534 regibus
1156 2459 1341 2535 Aegyptiis,

69 2564 193 2625 Osiride
222 2563 386 2625 Ammone
416 2563 598 2638 ceterisque
628 2562 818 2623 numinibus
847 2563 1029 2637 magnatis,
1064 2561 1113 2622 ita
1139 2561 1269 2635 generis
1291 2561 1343 2623 sui

69 2668 279 2727 maiestatem
317 2668 529 2742 opponerent,
564 2665 840 2740 quemadmodum
874 2663 1027 2724 distincte
1060 2664 1095 2723 in
1129 2663 1342 2724 monumento

69 2768 243 2830 Adulitano
270 2767 447 2843 Euergetes
477 2766 570 2828 audit
598 2764 755 2845 ,βασιλεὺς
781 2761 871 2845 μέρος
900 2766 1084 2841 Πτολεμαῖος
1110 2762 1176 2835 υίὸς
1199 2758 1342 2842 βασιλέως

70 2868 256 2945 Πτολεμαίου
279 2865 328 2928 κοιλ
352 2867 524 2947 βασιλίσσης
547 2865 698 2945 Ἀρσινόης
720 2870 802 2926 θεῶν
821 2863 960 2941 ἀδελφῶν
983 2861 1128 2944 βασιλέων
1152 2864 1339 2940 Πτολεμαίου

69 2968 117 3030 καὶ
133 2969 309 3050 βασιλίσσης
328 2969 487 3049 Βερενίκης
505 2972 587 3028 θεῶν
599 2967 741 3048 σωτήρων
753 2965 915 3046 ἀπόγονος,
927 2964 962 3027 τὰ
986 2962 1040 3042 μὲν
1064 2963 1123 3026 ἀπὸ
1135 2964 1245 3044 πατρὸς
1251 2959 1344 3043 Ἥρα-

70 3070 173 3144 κλέους
196 3080 249 3132 τοῦ
274 3069 360 3148 Διὸς,
382 3069 418 3132 τὰ
442 3066 474 3131 el
497 3068 556 3130 ἀπὸ
579 3068 689 3150 μητρὸς
713 3069 866 3129 Διονύσου
890 3076 943 3129 τοῦ
965 3067 1037 3140 Διός
1055 3061 1087 3139 ³).
1109 3069 1219 3143 Neque
1239 3068 1343 3143 splen·

71 3176 193 3236 didiore
238 3172 326 3234 cultu
369 3174 541 3248 quisquam
588 3173 723 3234 deorum
760 3172 940 3233 honoratus
976 3174 1027 3232 est
1060 3170 1277 3233 Alexandriae
1312 3171 1346 3230 in

71 3291 190 3352 pompa
212 3275 270 3336 illa
292 3274 503 3336 celeberrima
529 3290 629 3349 quam
652 3275 739 3335 idem
762 3274 933 3348 Dionysos.
966 3273 1003 3333 In
1027 3274 1104 3334 urbe
1128 3272 1343 3349 Ptolemaide,

71 3394 170 3454 quam
184 3377 338 3440 condidit
360 3378 486 3452 primus
510 3376 718 3438 Ptolemaeus
738 3369 776 3452 ⁴),
802 3377 927 3436 cultum
951 3374 1065 3435 habuit
1087 3376 1248 3449 Dionysos
1272 3390 1347 3437 oum

71 3481 217 3556 ipsorum
248 3494 362 3554 regum
395 3478 484 3539 cultu
515 3479 739 3553 coniunctum,
771 3478 811 3537 ad
843 3477 1003 3537 Graecum
1034 3492 1160 3537 morem
1184 3477 1349 3537 trieteride

72 3583 156 3644 festo
188 3584 287 3656 atque
315 3580 550 3656 amphietoride
574 3579 773 3640 celebratum
796 3595 854 3654 per
877 3579 971 3639 ludos
994 3580 1141 3639 scenicos
1165 3582 1262 3652 atque
1286 3593 1349 3638 cer·

84 3770 294 3778 -.---—-—-

106 3902 125 3964 1)
144 3905 213 3952 Plus
239 3903 270 3951 de
293 3903 363 3951 Ales.
389 3918 409 3951 ο.
434 3902 491 3951 oiri.
517 3917 537 3950 ε.
554 3903 621 3967 fort.
646 3903 667 3950 1.
693 3904 731 3950 1⁰.
755 3903 794 3950 (li.
813 3901 957 3949 Lumbroso
976 3899 1081 3964 I'Epr'tio
1097 3916 1142 3948 ecc.
1161 3899 1201 3947 ed.
1219 3900 1239 3946 1.
1256 3913 1282 3959 p.
1301 3899 1348 3946 rol

74 3981 187 4047 ,Mentr'
212 3981 226 4031 λ
254 3999 287 4030 us
312 3982 429 4031 οιίναοειίο
453 3981 496 4030 che
517 3980 540 4029 εἰ
561 3981 648 4044 sapps'a
669 3979 781 4044 qualem
801 3979 844 4027 de!
864 3979 931 4028 οιιίίσ
951 3994 1004 4028 reso
1029 3979 1098 4042 σαρίί
1115 3977 1285 4027 Akesaadrinr'
1300 3976 1350 4024 alle

71 4062 136 4111 altre
159 4059 267 4110 daneta
289 4060 348 4109 dcll'
366 4059 472 4124 θίίιιιρο,
497 4060 521 4107 λα
544 4059 596 4108 loro
611 4060 689 4107 storia
705 4057 719 4107 λ
731 4059 806 4121 piena
823 4058 850 4106 σι’
865 4057 999 4122 Dionysos,
1015 4058 1074 4107 eom'
1090 4057 1104 4107 λ
1116 4059 1190 4122 piena
1206 4057 1233 4104 σι’
1249 4056 1351 4119 Apollo,

68 4141 226 4205 propesitum
241 4140 281 4188 dei
297 4139 431 4202 demetrii,
448 4140 473 4187 la
491 4140 636 4188 letteratura
655 4136 833 4187 antiochenae?
854 4136 993 4199 Dionysum
1011 4142 1097 4186 sutem
1112 4138 1187 4186 illum
1204 4151 1263 4185 oum
1281 4136 1350 4184 idem

73 4224 112 4269 vir
140 4221 234 4269 doctus
259 4218 396 4277 „I'Oes'n‘de
416 4217 504 4282 φησιν’·
530 4219 595 4266 dixit
625 4219 768 4279 posteriora
805 4221 923 4279 tempora
954 4219 1042 4279 potius
1066 4221 1198 4278 spectasse
1224 4217 1250 4264 ni
1275 4216 1351 4264 rarior

71 4301 206 4364 putandos
223 4304 270 4349 est

105 4377 126 4438 ¹)
145 4381 244 4428 Arriam
262 4380 305 4428 Π.
324 4382 352 4437 ⁸3
371 4379 457 4427 mv.
478 4380 500 4425 l.
517 4378 586 4425 Plut.
604 4376 675 4424 Alex.
694 4378 732 4422 1a.
751 4377 774 4422 D.

106 4457 117 4490 ³
165 4495 172 4508 .
209 4495 214 4506 .
258 4457 292 4506 .l
323 4492 329 4505 .
416 4493 422 4505 .

105 4458 426 4600 ⁴;{.{.2.1102ng
453 4541 542 4602 πάτρης
568 4543 678 4602 γλυκερῆς
705 4536 864 4595 Πτολεμαίδος
891 4535 916 4596 ἣν
941 4539 1061 4583 indiarum
1086 4539 1171 4600 Σωτήρ.
1198 4535 1237 4583 Gi.
1263 4530 1355 4582 Raiba}

68 4621 148 4687 φέρει
168 4621 226 4668 em.
