3104 5286
783 445 845 503 140

173 633 235 693 viri
260 631 434 694 clarissimi
457 635 651 696 sententiae.
686 633 852 708 Perlegas,
882 649 1012 709 quaeso,
1038 645 1170 693 carmen
1194 629 1228 688 in
1250 627 1453 703 Apollinem,

173 734 287 809 deique
318 735 496 795 adventum
527 737 716 796 nuntiatum
749 735 863 795 audias
882 750 939 809 per
958 734 1099 794 formam
1118 729 1365 792 sanctissimam
1390 727 1454 801 epi·

176 836 328 911 phaniae,
354 851 461 896 nonne
484 836 602 911 frigida
624 837 673 896 uti
696 838 766 896 arte
785 834 845 896 tibi
858 835 986 896 videtur
1005 837 1114 911 poeta,
1136 833 1192 908 qui
1206 834 1287 894 talia
1298 829 1402 905 fingat
1415 828 1456 888 ad

177 936 346 996 hominem
367 937 616 998 celebrandum?
635 939 759 998 Tamen
779 940 967 998 constanter
978 940 1117 1013 pergunt
1126 940 1189 999 viri
1200 938 1287 1000 docti
1299 950 1356 1011 per
1366 934 1457 991 totos

179 1038 320 1111 hymnos
343 1038 531 1112 griphorum
556 1055 647 1100 more
667 1054 723 1114 pro
742 1040 877 1099 deorum
896 1039 1083 1100 nominibus
1103 1041 1308 1102 Ptolemaeos
1326 1033 1457 1095 Bereni-

178 1155 234 1200 cas
257 1140 466 1201 substituere.
490 1141 536 1201 Ut
559 1144 667 1202 cetera
690 1144 893 1216 praeteream
915 1144 1127 1216 —quoniam
1150 1144 1231 1204 talia
1253 1138 1401 1201 invenire
1425 1137 1459 1195 et

179 1241 346 1316 ingeniose
369 1242 534 1302 illustrare
555 1243 684 1303 facilius
707 1245 759 1303 est
781 1258 880 1317 quam
902 1242 1049 1305 refellere
1063 1278 1102 1287 —
1117 1260 1194 1320 prae
1214 1242 1331 1304 ceteris
1346 1252 1457 1299 assen-

179 1358 271 1403 sores
294 1343 412 1418 adepta
435 1346 487 1404 est
517 1345 624 1418 opinio
647 1360 748 1418 quam
771 1345 926 1405 audacter
947 1346 1108 1421 prompsit
1130 1347 1286 1419 docteque
1314 1339 1460 1402 defendit

181 1444 391 1505 Studniczka:
413 1445 516 1505 altero
536 1445 660 1519 hymno
679 1446 861 1520 Euergeten
880 1446 1041 1520 Apollinis
1057 1447 1190 1507 nomine
1202 1441 1459 1517 intellegendum

180 1561 267 1620 esse,
300 1546 477 1607 Berenicen
501 1544 644 1621 Cyrenes
668 1561 807 1620 persona
830 1547 975 1629 indicari.
1000 1548 1089 1622 Quod
1113 1550 1225 1608 tamen
1248 1543 1407 1606 iudicium
1430 1539 1460 1599 si

184 1647 260 1721 quid
279 1647 414 1727 valebit,
435 1650 563 1722 oportet
575 1648 688 1723 opinor
707 1663 764 1723 per
782 1651 890 1709 totum
911 1649 1073 1722 hymnum
1090 1648 1285 1710 cantarisub
1298 1642 1462 1720 Apollinis

184 1764 323 1825 persona
353 1764 473 1824 regem.
506 1749 587 1823 Quid
618 1749 732 1823 igitur3
764 1765 821 1824 per
850 1750 992 1824 priorem
1020 1751 1135 1826 hymni
1158 1753 1286 1825 partem
1309 1743 1462 1805 Phoebus

185 1850 239 1910 ille
271 1849 403 1927 κτίστης,
433 1849 590 1925 Carnous,
624 1850 759 1911 Nomios
791 1851 861 1926 ipse
893 1885 934 1895 -
966 1852 998 1911 id
1029 1867 1070 1913 ne
1102 1849 1298 1912 Studniczlra
1327 1845 1462 1921 quidem

186 1953 285 2025 negat
297 1950 461 2026 -Apollo
482 1953 541 2012 est.
564 1950 720 2011 Conditae
739 1952 863 2026 patriae
880 1967 1005 2027 auspex
1020 1952 1170 2013 Phoebus
1186 1965 1289 2024 usquo
1301 1948 1342 2009 ad
1354 1962 1404 2006 vs.
1418 1946 1463 2005 90

186 2054 363 2128 spectatur.
395 2053 479 2113 Tum
510 2055 623 2113 contra
654 2053 735 2112 artis
766 2052 855 2128 leges
885 2057 992 2115 certas
1022 2058 1132 2131 poeta,
1162 2055 1257 2128 idque
1280 2052 1314 2111 in
1336 2049 1464 2123 hymno

188 2156 242 2229 qui
265 2155 412 2230 partibus
435 2157 565 2215 tanturn
589 2169 654 2214 non
676 2155 809 2230 paribus
831 2155 979 2231 singulas
1003 2157 1054 2216 dei
1078 2156 1269 2216 cantaverat
1287 2149 1465 2212 facultates

188 2257 295 2317 subito
327 2257 482 2317 carminis
509 2259 741 2331 argumentum
771 2260 893 2335 mutat,
924 2262 974 2335 et,
1004 2260 1088 2332 quod
1119 2258 1251 2333 gravius
1282 2257 1315 2315 et
1342 2253 1376 2311 in
1405 2249 1467 2310 tali

188 2362 285 2433 poeta
314 2359 372 2418 vix
403 2358 608 2434 credendum,
632 2359 719 2433 regis
750 2361 856 2434 gratia
883 2361 1037 2421 audacter
1064 2360 1103 2420 de
1124 2374 1183 2419 suo
1203 2359 1311 2418 mutat
1333 2352 1465 2427 mytho·

188 2459 308 2534 logiam
332 2460 404 2520 urbi
423 2475 502 2520 suae
521 2462 675 2520 sacram?
698 2461 790 2521 Ficta
809 2477 828 2521 a
849 2461 1048 2522 Callimacho
1072 2460 1237 2521 contendit
1256 2454 1466 2518 Studniczka

190 2574 272 2634 quae
295 2560 436 2636 legimus
459 2576 509 2620 vs.
534 2561 577 2621 90

411 2661 481 2734 τοὺς
504 2657 559 2739 μὲν
581 2657 657 2733 ἄναξ
680 2661 744 2722 ἴδεν
768 2661 872 2741 αὐτὸς,
894 2661 928 2747 ἑή
953 2657 980 2722 δ’
1007 2660 1175 2735 ἐπεδείξατο
1198 2662 1303 2743 νύμφη

413 2761 482 2835 στὰς
504 2759 553 2822 ἐπὶ
576 2763 763 2841 Μυρισύσης
782 2764 955 2844 κεροώδεος·
978 2756 1027 2844 ήχι
1050 2761 1153 2825 λέοντα

407 2859 513 2944 ‘wopis
536 2862 702 2940 κατέπεφνε
726 2866 808 2944 βοῶν
831 2867 910 2926 σίνιν
934 2866 1138 2941 Εὐρυπύλοιο.

235 2967 429 3028 arctissime
462 2967 543 3026 haec
577 2982 652 3026 curn
686 2970 968 3045 praecedentibus,
993 2985 1076 3043 quae
1105 2967 1268 3028 Carneum
1300 2963 1469 3038 spectant,

191 3070 363 3129 cohaerere
394 3068 466 3142 quis
493 3083 558 3128 non
582 3068 691 3129 videt?
725 3071 789 3144 ,At
816 3072 948 3131 traditio
970 3086 1098 3146 pugnae
1126 3083 1201 3128 cum
1224 3067 1317 3126 leone
1340 3064 1374 3123 in
1397 3063 1473 3138 ipsa

193 3170 295 3244 Libya
325 3184 345 3229 a
375 3168 502 3242 Cyrsna
531 3168 633 3228 initae
665 3172 741 3231 ante
772 3170 963 3233 Callimachi
995 3175 1139 3232 aetatem
1167 3168 1255 3229 nullo
1278 3165 1473 3227 testimonio

194 3270 324 3344 cognita
343 3270 432 3330 estl”
457 3268 543 3344 Scio,
569 3272 602 3329 et
620 3270 716 3330 facile
736 3274 911 3333 concedam
932 3272 1165 3345 Studniczkae;
1186 3285 1264 3330 nam
1283 3265 1474 3327 Acesander

195 3387 215 3432 a
232 3372 362 3431 Theona
382 3369 534 3430 laudatus
554 3370 588 3429 in
607 3371 741 3432 scholiis
762 3375 803 3434 ad
822 3375 1029 3449 Apollonium
1050 3373 1102 3444 (Il.
1123 3372 1199 3441 498)
1220 3369 1319 3430 refert
1337 3366 1473 3440 quidem

196 3469 227 3531 ἐν
259 3477 318 3544 τοῖς
350 3467 417 3550 περὶ
447 3469 600 3549 Κυρήνης
635 3468 695 3545 ηὼς
726 3471 786 3534 ὑπὸ
817 3474 998 3547 Ἀπόλλωνος
1031 3472 1241 3552 διακομισθείη
1276 3466 1296 3547 ή
1328 3467 1475 3546 Κυρήνη,

194 3572 312 3647 λέοντος
343 3569 376 3634 δὲ
398 3571 453 3650 τήν
476 3571 575 3652 χώραν
597 3573 820 3651 λυμαινομένου
843 3577 973 3657 προθείη
996 3575 1050 3654 τήν
1069 3573 1223 3656 βασιλείαν
1247 3568 1262 3631 ὁ
1288 3567 1475 3648 Ελιρύπυλος

196 3669 293 3735 ἆθλον
323 3685 363 3759 σῷ
394 3672 608 3736 ἀποπιενοῦνιι
639 3674 691 3735 τὸν
721 3675 834 3738 λέονια·
866 3678 922 3756 σήν
953 3675 986 3739 δὲ
1016 3676 1238 3757 διαχρήσασθαι
1266 3670 1389 3747 αὐτόν,”
1414 3671 1474 3730 sed

197 3780 237 3840 de
267 3777 445 3841 Acesandri
475 3778 584 3838 aetate
616 3777 673 3837 vix
704 3780 881 3854 quidquam
912 3782 992 3844 certi
1019 3780 1157 3841 constat.
1183 3775 1321 3837 Etiamsi
1343 3774 1474 3846 autem,

198 3882 281 3956 quod
301 3879 497 3939 verisimile
517 3881 582 3954 est,
603 3882 678 3953 post
698 3879 936 3943 Callimachum
956 3883 1076 3943 vixerit
1088 3880 1299 3941 historiarum
1312 3874 1475 3948 Cyrenen·

198 3985 285 4043 sium
309 3983 435 4055 auctor,
460 3995 576 4054 parum
599 3983 711 4042 tamen
736 3987 787 4044 est
809 3985 973 4059 probabile
991 3985 1184 4058 scriptorem
1212 3979 1266 4053 qui
1287 3977 1383 4036 tanta
1405 3975 1475 4034 dili·

199 4084 323 4159 gentia,
348 4083 505 4154 quantam
525 4080 712 4155 fragmenta
734 4087 910 4146 ostendunt
926 4086 999 4145 libri
1018 4082 1085 4161 περὶ
1102 4080 1245 4160 Κυρήνης
1260 4073 1296 4154 ²),
1317 4078 1357 4137 de
1376 4075 1477 4135 huius

200 4186 289 4245 urbis
307 4182 465 4245 fabulosis
481 4182 660 4256 originibus
679 4188 795 4261 egerit,
810 4189 999 4248 secuturum
1018 4187 1121 4246 misse
1133 4178 1324 4245 Callimachi
1337 4176 1476 4237 auctori·

201 4289 314 4362 tatem,
335 4286 363 4345 si
384 4285 438 4344 ille
457 4283 496 4344 de
515 4299 575 4344 suo
595 4287 664 4345 tarn
684 4288 808 4349 temere
828 4304 948 4349 novam
968 4287 1170 4363 procudisset
1187 4280 1342 4343 fabulam.
1360 4277 1475 4351 Porro,

235 4521 255 4579 ¹)
273 4519 428 4568 studuimus
445 4519 468 4564 la
485 4517 606 4564 Bosoheri
624 4519 720 4569 Lexioo
736 4523 753 4568 i.
771 4536 795 4569 v.
813 4522 916 4585 Kyrene.

234 4596 254 4664 ²)
273 4599 367 4648 Mller
384 4596 412 4644 F·
430 4595 463 4643 Η.
486 4593 513 4642 0·
531 4596 574 4643 1v·
594 4599 650 4646 νει.
669 4602 799 4652 amemur
816 4602 888 4651 ιιι.
904 4601 955 4650 ιιι.
972 4602 1007 4649 11.
1025 4602 1082 4649 aar.
