3104 5296
62 454 127 513 III.
155 453 329 513 1702-175
691 455 731 514 91

317 631 336 719 ἦ
360 640 416 722 γάρ
439 662 490 701 κεν
513 640 598 721 γυιαί
617 662 647 700 τε
669 638 720 701 καὶ
742 638 853 720 αὐχένα
875 647 1034 720 κεκμηνῖαι

317 741 430 822 κόπρον
453 740 502 802 ἔπι
525 739 726 823 προγένοιντο,
748 740 799 802 καὶ
821 743 849 803 εἰ
869 743 1073 821 Στυμφαιίδες
1097 737 1166 815 εἶεν,

316 842 552 922 εἰναετιζόμεναι,
575 841 741 922 κεραελκέες
765 846 797 904 αἲ
819 839 879 924 μέγ’
905 842 1021 923 ἅρισται

317 943 431 1024 τέμνειν
454 936 533 1005 ὦλκα
560 946 699 1022 βαθεῖαν·
723 942 786 1005 ἐπεὶ
808 943 881 1018 θεὸς
904 941 1002 1007 οὔποτ’
1030 944 1143 1007 έκεῖνον

316 1038 390 1125 ἦλθε
412 1041 479 1126 παρ’
502 1040 616 1118 Ἠέλιος
639 1045 730 1106 καλὸν
753 1044 852 1126 χορὸν,
874 1044 947 1107 ἀλλὰ
969 1052 1076 1125 θεῆται

315 1150 424 1228 δίφρον
448 1146 616 1226 ἐπιστήσας,
638 1146 673 1208 τὰ
697 1144 730 1208 δέ
752 1148 831 1225 φάεα
854 1150 1046 1228 μηκύνονται.

62 1253 178 1314 Novas
208 1269 262 1315 res
292 1267 377 1313 nova
406 1252 529 1312 ratione
561 1266 692 1312 narrare
727 1253 822 1325 poeta
853 1252 957 1328 primo
986 1252 1100 1313 obtutu
1123 1251 1236 1313 lectori
1259 1251 1341 1312 vide·

63 1356 156 1415 bitur
195 1359 229 1416 et
266 1369 345 1415 sane
383 1353 494 1413 insunt
532 1353 638 1414 multa
669 1353 708 1413 ab
744 1354 875 1426 antiquo
909 1368 1026 1428 genere
1060 1352 1185 1414 dicendi
1219 1352 1342 1413 aliena:

64 1453 330 1516 ἀπείπασθαι
362 1456 448 1516 enim
480 1455 612 1516 mediali
642 1456 748 1517 forma
774 1456 928 1518 Herodoti
958 1457 1065 1530 magis
1086 1471 1187 1530 quam
1209 1455 1344 1516 Homeri

64 1558 214 1619 sermoni
237 1559 398 1633 convenit,
422 1554 566 1635 τέθμια
590 1572 631 1618 ne
654 1558 801 1619 Ionicum
821 1558 952 1632 quidem
973 1560 1040 1634 est,
1060 1573 1124 1619 non
1136 1557 1199 1618 iuit
1209 1555 1343 1618 Homeri

64 1663 202 1720 κυκλοῦυ
232 1663 289 1721 aut
319 1661 573 1719 κυκλοῦσθαι
601 1674 639 1719 eo
662 1674 761 1719 sensu
784 1659 889 1720 dicere
913 1674 975 1733 quo
998 1663 1109 1721 noster
1131 1660 1183 1720 hic
1207 1658 1341 1718 verbnm

64 1762 221 1838 simplex,
246 1762 303 1822 111.
328 1762 391 1822 267
416 1763 449 1821 et
472 1759 525 1820 IV.
541 1761 602 1820 251
629 1763 895 1838 περι-κυκλοῦσθαι
918 1760 1058 1838 adhibet,
1079 1760 1248 1835 atragicis
1263 1760 1342 1820 illud

65 1865 205 1925 verbum
248 1866 436 1936 mutuatum
479 1877 543 1922 non
585 1862 786 1922 homericum
828 1863 880 1922 est
922 1870 1137 1939 τημοῦτοςς
1171 1862 1342 1923 verborum

65 1966 206 2039 denique
241 1964 321 2025 'ordo
362 1963 504 2037 graviter
545 1964 657 2023 contra
699 1964 905 2036 antiquorum
941 1964 1184 2039 simplicitatem
1219 1965 1341 2037 peccat.

66 2068 227 2127 Attamen
263 2066 291 2125 si
326 2065 469 2140 excipias
502 2064 624 2139 priores
656 2079 771 2125 versus
804 2066 843 2126 de
873 2080 1010 2139 quorum
1043 2067 1234 2139 argumento
1257 2078 1343 2123 nunu

66 2169 175 2228 dicere
207 2167 334 2243 omitto,
365 2167 397 2227 id
429 2168 558 2226 tantum
590 2166 622 2226 in
650 2167 791 2227 transitu
814 2182 960 2243 monens,
987 2168 1093 2228 verbis
1115 2163 1342 2244 Αἰγυπτίου

60 2265 248 2329 Ἰυωυοῐο
278 2269 363 2329 haud
392 2268 592 2341 ineleganter
614 2284 634 2328 a
657 2270 751 2342 poeta
775 2269 991 2330 Alexandriae
1014 2270 1136 2331 incolas
1160 2282 1342 2329 commone·

64 2370 149 2448 fleri,
183 2386 283 2445 quam
318 2372 407 2431 arcte
437 2371 509 2444 ipsa
540 2385 651 2430 eorum
683 2371 788 2444 patria
817 2386 892 2431 cum
925 2370 1002 2431 Delo
1026 2371 1134 2431 insula
1156 2369 1342 2430 Ptolemaeo

64 2472 259 2547 gratissima
292 2473 382 2533 esset
416 2472 587 2532 coniuncta
621 2466 641 2542 ¹)
667 2506 706 2514 -
735 2472 765 2532 si
799 2472 941 2547 excipias
975 2473 1074 2546 igitur
1108 2471 1182 2532 illos
1217 2486 1341 2547 versus,

65 2575 166 2650 poeta
196 2589 267 2634 rem
295 2573 390 2648 plane
414 2589 534 2634 novam
557 2573 609 2633 hic
633 2589 669 2632 se
692 2588 824 2634 narrare
847 2589 911 2634 non
934 2575 1104 2649 concedet;
1128 2589 1232 2647 neque
1257 2573 1342 2633 ullus

64 2677 207 2737 fortasse
242 2675 332 2735 locus
366 2676 418 2734 est
447 2675 480 2734 in
512 2675 654 2750 hymnis,
687 2675 740 2735 ubi
770 2675 956 2748 diligentius
988 2676 1111 2736 dederit
1142 2689 1274 2749 operam
1305 2676 1342 2734 ut

63 2779 253 2839 homericae
276 2777 533 2852 interpretationi
557 2792 611 2837 ars
634 2793 694 2838 sua
716 2778 899 2838 inserviret.
922 2778 1005 2838 Nam
1031 2778 1060 2837 si
1082 2777 1123 2837 ad
1147 2792 1216 2837 rem
1240 2777 1341 2836 atten-

63 2880 187 2955 dimuS,
220 2882 253 2939 et
284 2879 353 2953 ipse
383 2878 546 2939 Homerus
574 2880 622 2949 (ut
644 2879 683 2939 de
706 2878 888 2954 praelongis
913 2879 1170 2953 Laestrygonum
1194 2878 1342 2939 noctibus

62 2997 108 3043 ne
143 2982 301 3055 dicamus,
337 2995 534 3054 quamquam
566 2980 705 3041 fortasse
738 2980 955 3042 Callimachus
988 2996 1034 3040 vs.
1061 2982 1123 3041 175
1147 2994 1342 3053 componens

62 3099 195 3145 mernor
226 3082 288 3143 suit
313 3097 426 3141 versus
450 3082 546 3141 istius
569 3104 595 3139 κ.
624 3081 665 3141 84
690 3079 767 3141 ἔνθά
793 3076 817 3141 κ’
840 3079 955 3153 ἄυπνος
982 3079 1059 3161 ἀνὴρ
1087 3079 1189 3152 δοιοὺς
1219 3077 1340 3158 ἐξήρατο

62 3186 208 3265 μισθούς)
234 3185 313 3245 talia
335 3184 401 3244 iam
426 3182 561 3244 finxisse
584 3183 722 3258 posteris
745 3184 931 3244 hominibus
953 3184 1138 3246 videbatur:
1159 3179 1234 3243 ou'm
1254 3183 1341 3243 enim

61 3291 102 3348 Σ.
132 3290 194 3349 239
219 3288 385 3348 narrasset
408 3286 508 3346 Poeta

313 3382 412 3464 ἠέλιον
436 3380 463 3445 δ’
494 3382 650 3462 ἀκάμαντα
673 3386 786 3465 βοῶπις
809 3384 916 3445 πότνια
931 3381 1012 3464 Ἥρη

312 3484 430 3565 πέμψεν
455 3480 496 3546 ἐκέ
519 3481 675 3547 Ὠκεανοῖο
698 3484 770 3566 ῥοὰς
794 3483 964 3546 ἀέκοντα
988 3483 1164 3563 νέεσθαι,

63 3591 198 3653 monuit
233 3589 345 3651 Grates
383 3591 602 3666 ,remoratum
638 3604 710 3649 esse
746 3588 865 3665 Solem,
907 3589 967 3649 rive
1000 3588 1184 3665 Apollinem,
1216 3591 1345 3664 propter

61 3695 216 3755 favorem
241 3707 317 3765 erga
339 3691 525 3752 Troianos”
550 3691 662 3751 Nonne
686 3691 772 3751 idem
797 3690 851 3751 Sol
874 3712 903 3767 μ.
928 3691 991 3751 383
1015 3691 1187 3752 minitatus
1211 3693 1297 3751 erat:

318 3791 465 3871 ,docorem
489 3792 530 3864 εἰς
558 3791 658 3852 Ἀίδεω
682 3789 732 3850 καὶ
754 3786 778 3851 κ’
805 3788 837 3851 έν
862 3791 996 3852 νεκύεσσι
1020 3791 1181 3869 perirest?
1205 3785 1226 3862 ²)

98 4086 121 4154 ¹)
141 4089 281 4149 Aptissime
307 4088 477 4135 Oullimaohue
503 4088 529 4134 in
553 4101 629 4135 sumn
653 4102 728 4135 usum
752 4088 879 4135 convertit
896 4101 985 4135 versus
1003 4087 1098 4147 quibus
1116 4087 1251 4148 Lycophro
1270 4102 1342 4135 onar-

59 4171 136 4219 ruvit
152 4182 207 4216 rem
226 4168 375 4227 ceteroquin
393 4167 462 4213 hand
479 4167 636 4225 incognitum
653 4162 702 4229 (rs.
720 4167 778 4223 tto)

749 4247 854 4293 Ἰνοιποῦ
871 4246 941 4300 πέλας

465 4328 595 4385 Αἰγύπτιον
615 4331 729 4392 Τρίτωνος
746 4331 848 4383 Ueronae
864 4328 943 4375 ποτόν.

98 4403 120 4463 ²)
140 4407 235 4467 Solem,
259 4404 406 4452 Atridarum
430 4409 537 4453 cruenta
560 4406 673 4453 facinora
691 4411 846 4467 aversatum,
864 4410 932 4455 retro
951 4421 1052 4456 currum
1072 4410 1173 4457 flexisse
1190 4410 1343 4469 plusquam

61 4486 150 4535 semel
177 4486 316 4546 Euripides
340 4487 467 4533 memorat
491 4482 544 4549 (Or.
564 4487 642 4541 10013
668 4484 723 4548 [ph.
752 4485 823 4534 Paur.
848 4485 915 4552 816.)
935 4513 965 4521 —
984 4489 1090 4536 Ovidius
1114 4487 1214 4536 Metam.
1231 4490 1272 4538 IV.
1294 4491 1341 4536 220

62 4569 219 4615 Leueouoee
246 4579 333 4612 amore
356 4569 526 4612 remorantem
551 4566 636 4613 Solem
655 4580 713 4614 cnm
732 4567 841 4626 fingeret
860 4594 888 4602 -
909 4571 1024 4615 nostrum
1044 4568 1070 4614 ni
1089 4568 1163 4615 fallor
1179 4568 1293 4615 imitatus
1310 4593 1343 4603 -

60 4646 207 4705 antiquiori
226 4645 339 4706 subules,
356 4657 422 4704 quae
440 4659 472 4693 ex
490 4645 612 4692 hesiodeo
631 4646 753 4705 catalogo
769 4646 851 4707 fluxit,
869 4648 918 4694 hoo
937 4647 1062 4695 adiecisse
1081 4648 1190 4694 videtur.
