3068 5294
818 441 881 508 210
1289 447 1332 510 11.
1358 448 1477 511 31-33
1515 532 1516 535 ρ

217 632 358 710 parietes
392 648 464 695 esse
494 652 510 707 e
539 634 684 695 cornibus
717 635 894 710 compostae
928 634 1136 714 (τερατίνους);
1173 636 1339 699 Homerus
1376 641 1475 700 autem

212 737 362 798 nonnisi
386 733 514 813 ἐλάφους
538 737 590 798 vel
614 731 706 815 όρνος
729 735 864 814 κερόονς,
887 738 1031 798 omnibus
1055 739 1200 816 13331103,
1224 743 1373 800 noverat.

258 838 433 898 Remotum
462 840 514 898 est
543 838 583 899 ab
618 839 678 899 hac
709 837 933 912 disquisitione
963 855 1128 916 quaerere,
1154 841 1319 901 undenam
1344 842 1424 903 haec
1445 842 1476 901 de

213 956 270 1002 ara
289 955 405 1001 cornea
418 941 608 1014 -proiecto
628 940 773 1000 doctrina
794 941 928 1001 minime
948 949 1001 1001 τοῦ
1026 940 1217 1020 τυχόντος-
1231 944 1385 1004 venerint
1397 943 1474 1004 Galli·

213 1042 345 1118 macho;
389 1045 500 1102 notare
542 1043 653 1102 tamen
696 1040 804 1101 licebit
847 1042 1079 1104 Dicaearchum
1121 1058 1246 1117 quoque
1292 1044 1476 1105 disseruisse

215 1145 315 1206 videri
344 1145 383 1205 de
414 1144 474 1204 hac
506 1159 539 1204 re
572 1141 623 1221 (oi.
650 1143 811 1204 Plutarch.
839 1142 922 1205 11133.
948 1146 1010 1221 21),
1035 1145 1197 1218 simulque
1222 1145 1320 1206 verbo
1346 1148 1476 1207 indicare

212 1245 297 1307 haud
321 1245 391 1306 sine
416 1245 549 1306 consilio
572 1245 604 1306 id
628 1244 743 1306 iecisse
769 1247 898 1320 poetam
918 1250 956 1306 ut
978 1246 1113 1320 fingeret
1137 1244 1270 1326 τετραέτη
1300 1249 1476 1322 Apollinem

211 1363 302 1408 aram
327 1346 516 1408 condidisse.
542 1347 680 1423 Etenim,
705 1347 737 1406 ni
762 1347 866 1425 fallor,
890 1349 994 1410 voluit
1017 1349 1058 1410 ad
1077 1349 1325 1423 antiquissimas
1346 1352 1479 1426 origines

211 1449 329 1510 referre
349 1449 474 1508 insulae
486 1463 590 1524 sacra,
603 1464 679 1508 nam
693 1449 941 1523 quadriennium
955 1450 1034 1511 illud
1047 1450 1176 1511 Deliaca
1189 1451 1313 1513 maiora
1324 1457 1479 1528 spectare,

213 1550 325 1624 quinto
350 1565 475 1623 quoque
497 1565 581 1610 anno
605 1549 682 1610 olim
708 1550 881 1628 celebrata,
906 1552 939 1613 id
962 1552 1043 1613 mihi
1066 1552 1195 1625 quidem
1219 1568 1283 1613 non
1307 1554 1455 1616 dubium.

274 1751 329 1814 VS.
355 1755 407 1814 65.
457 1753 569 1831 Φοῖβος
591 1749 642 1813 καὶ
665 1752 831 1833 βαθύγειον
854 1751 930 1832 ἐμὴν
953 1753 1040 1815 πόλιν
1064 1751 1173 1833 ἔφρασε
1197 1753 1307 1841 Βάττῳ,

454 1852 504 1914 καὶ
528 1855 651 1934 Λιβύην
675 1853 783 1916 ἐσιόντι
806 1854 897 1934 κόραξ
921 1851 1052 1936 ἡγήσατο
1076 1859 1137 1941 λαῷ

454 1953 549 2029 δεξιὸς
572 1956 725 2036 οἰκιστῆρι,
749 1954 799 2017 καὶ
823 1957 918 2034 ὤμοσε
941 1957 1033 2037 τείχεα
1057 1957 1162 2018 δώσειν

455 2051 606 2136 ἡμετέροις
628 2057 807 2135 βασιλεῦσιν·
831 2055 877 2118 ἀεὶ
902 2052 930 2118 δ’
957 2055 1079 2138 εὔοριιος
1102 2058 1257 2119 Ἀπόλλων.

454 2156 597 2235 dandina,
619 2156 725 2218 1101101
745 2175 777 2218 σε
802 2157 990 2238 Βοηδρόμιον
1013 2157 1160 2237 καλέουσι,

357 2260 398 2320 70
454 2256 556 2319 πολλοὶ
581 2254 612 2319 δὲ
637 2258 768 2340 Κλάριον
792 2294 831 2302 -
858 2259 954 2338 πάντη
978 2258 1012 2320 δέ
1034 2282 1079 2321 τοι
1102 2257 1219 2340 οὔνομα
1241 2263 1339 2324 nostri
1364 2298 1410 2306 —

454 2357 547 2438 αὐτὰρ
572 2357 627 2440 ἐγὼ
651 2363 808 2440 Καρνεῖον·
832 2358 897 2439 ἐμοὶ
919 2362 1068 2442 πατρώιον
1092 2362 1178 2425 οὕτω.

252 2461 308 2523 Vs.
338 2464 378 2523 66
407 2460 631 2541 βοθόγειος
655 2463 765 2523 minus
788 2463 908 2538 placuit
931 2464 1173 2542 Valckenaerio,
1198 2466 1253 2540 qui
1276 2468 1314 2527 ut
1337 2467 1483 2530 Homero

208 2565 334 2640 propior
366 2567 454 2626 esset
481 2563 589 2639 dictio,
614 2563 770 2647 βαθυλρος
793 2565 967 2639 proposuit.
992 2566 1127 2626 Videtur
1150 2569 1261 2628 autem
1284 2569 1483 2632 111111113Ηο-

207 2680 335 2727 merum
359 2665 519 2740 respicere
544 2664 763 2726 Callimachus
791 2666 824 2725 in
852 2666 990 2727 dictione
1011 2668 1108 2728 huius
1127 2669 1229 2743 partis
1248 2684 1312 2742 qua
1336 2669 1482 2744 (lyrense

207 2768 295 2827 urbis
329 2767 469 2841 origines
503 2768 642 2842 enarrat,
678 2782 776 2841 quam
811 2768 891 2827 duos
926 2771 1075 2830 auctores
1110 2769 1192 2845 11103,
1228 2786 1308 2845 quos
1344 2772 1378 2832 in
1411 2775 1482 2848 ipsa

205 2871 390 2943 narratione
422 2869 578 2946 sequitur,
615 2869 790 2930 Pindarum
817 2866 921 2944 'atque
956 2871 1167 2934 Herodotum.
1204 2871 1320 2933 Obstat
1351 2887 1481 2950 quoque

207 2971 427 3032 Valckenaerii
459 2971 662 3031 coniecturae
693 2971 777 3044 quod
808 2970 978 3048 βαθυλήιον
1011 2972 1094 3048 apud
1118 2973 1298 3034 Homerum
1323 2979 1480 3049 quattuor

206 3075 334 3134 constat
368 3072 513 3148 syllabis,
549 3086 647 3145 quam
682 3087 752 3132 rem
795 3071 1012 3133 Callimachus
1046 3089 1110 3134 non
1145 3074 1238 3137 iacile
1268 3077 1479 3149 neglecturus

206 3176 268 3236 init
286 3177 315 3235 si
334 3176 417 3234 hanc
437 3189 551 3233 vocem
571 3172 781 3232 adhibuisset.
803 3172 864 3233 Sed
886 3174 1035 3235 videntur
1054 3190 1117 3235 non
1138 3175 1342 3251 displicuisse
1362 3182 1478 3252 poetae

206 3279 316 3337 nostro
347 3276 526 3351 composita
556 3276 589 3335 in
620 3295 711 3354 -γειος
742 3289 940 3350 quamquam
973 3277 1104 3351 vulgato
1137 3279 1279 3339 sermoni
1310 3281 1475 3357 propiora;

205 3378 251 3438 113
273 3375 423 3455 μεσόγειος
447 3375 500 3437 IV.
528 3377 590 3436 168
614 3374 778 3455 paradysus
800 3377 858 3436 III.
885 3378 925 3437 37
951 3378 1105 3454 adhibuit,
1127 3381 1160 3439 et
1179 3381 1290 3440 nostro
1310 3379 1381 3441 loco
1401 3397 1477 3443 eam

202 3478 367 3553 regionem
386 3492 484 3551 quam
505 3476 664 3536 Pindarus
684 3475 877 3555 καρποφόρον
900 3477 959 3548 (01.
973 3478 1026 3540 lV.
1041 3480 1071 3549 6)
1092 3482 1189 3553 atque
1212 3481 1281 3556 ipse
1304 3482 1420 3557 Apollo
1443 3484 1475 3545 in

199 3579 328 3642 oraculo
362 3579 525 3649 (Herodot.
549 3577 603 3638 IV.
639 3580 712 3648 147)
744 3578 826 3652 quod
863 3580 994 3654 respicit
1027 3596 1122 3641 versu
1146 3583 1188 3642 67
1216 3584 1337 3660 noster,
1362 3588 1475 3662 μηλο-

198 3680 347 3762 τρόφον
377 3681 514 3763 dixerat,
546 3678 775 3759 βαθόγειον
808 3681 973 3755 appellans
1005 3682 1164 3743 adiectivo
1191 3684 1295 3745 utitur
1318 3685 1403 3759 quod
1435 3687 1474 3748 ab

198 3783 359 3844 Herodoto
383 3796 508 3857 quoque
532 3781 713 3843 adhibitum
737 3797 810 3842 esse
835 3783 987 3844 novimus
1011 3784 1075 3854 (IV.
1102 3787 1165 3856 23).

240 3886 351 3959 Neque
384 3888 417 3944 in
450 3884 568 3945 ceteris
600 3884 757 3944 abstinuit
788 3899 807 3944 a
838 3884 980 3961 vocibus,
1014 3886 1047 3946 in
1076 3886 1208 3948 Homeri
1231 3903 1383 3951 sermone
1408 3905 1473 3952 uon

195 3990 315 4050 obviis:
352 3984 538 4065 οἰκιστὴρ
575 3987 662 4046 3111111
698 3990 757 4056 (vs.
791 3987 844 4056 67)
880 4002 981 4061 aequo
1012 3988 1160 4061 ignotum
1195 3988 1338 4051 Homero
1373 3994 1472 4067 atque

194 4090 323 4167 οἱοίζετν,
342 4091 528 4150 constanter
545 4089 573 4147 is
586 4089 713 4148 dixerat
726 4087 848 4160 κτίζειν;
862 4122 902 4133 -
916 4085 956 4148 ed
968 4110 983 4148 ο
994 4111 1009 4167 ρ
1020 4111 1088 4161 νιος
1106 4094 1164 4161 (vs.
1180 4091 1232 4162 68)
1245 4092 1372 4166 primus
1384 4094 1470 4154 adhi-

195 4194 308 4254 buerat
342 4192 503 4253 Hesiodus
538 4189 658 4266 (Theop.
695 4191 785 4264 188);
827 4187 949 4268 κόραξ
985 4206 1048 4251 non
1080 4192 1143 4252 nisi
1174 4194 1317 4254 nominis
1351 4196 1471 4269 proprii

196 4297 264 4356 vice
298 4294 402 4354 utitur
433 4293 516 4368 apud
550 4292 729 4353 Homerum
760 4295 798 4361 (ν.
831 4291 916 4362 408).
962 4292 1030 4353 Ηο0
1065 4308 1140 4354 vero
1176 4295 1204 4354 si
1239 4294 1308 4370 ipse
1343 4296 1471 4357 invenit

196 4397 412 4458 Callimachus
443 4397 480 4456 ut
510 4395 598 4456 corvi
630 4395 770 4454 formam
801 4393 949 4454 indueret
979 4394 1121 4469 Apollini
1157 4397 1278 4457 colonis
1311 4398 1344 4458 in
1377 4398 1468 4473 cyre·

195 4500 322 4559 naicam
352 4496 529 4571 praeeunti,
562 4495 719 4556 aemulari
751 4495 892 4571 proiecto
923 4495 1026 4555 voluit
1050 4489 1249 4558 homericum
1274 4501 1384 4559 vatem
1412 4502 1467 4574 qui

193 4603 224 4664 in
256 4602 378 4675 hymno
409 4603 468 4669 (ve.
493 4600 569 4666 400)
602 4600 791 4658 narraverat
818 4597 971 4671 Pythium
997 4599 1179 4673 Apollinem
1203 4600 1313 4660 nautis
1338 4599 1464 4664 Creten·
