3090 5294
67 294 92 355 1.
120 292 161 355 67
687 295 728 358 38

69 498 168 544 16666
200 484 373 558 oppugnet.
408 483 498 544 Licet
532 483 630 559 enim,
666 483 749 557 quod
783 483 879 547 multi
914 484 1063 545 viderunt
1093 486 1127 544 et
1157 485 1226 559 ipse
1260 485 1337 545 olim

68 585 182 646 monui
205 583 330 653 (linem.
355 583 443 645 XIX.
469 586 532 661 66),
556 585 590 645 66
611 584 688 645 61161
711 585 933 660 6666666616
957 586 1036 660 16616
1061 587 1208 646 16161666
1231 587 1278 647 166
1301 586 1339 647 de

67 688 119 749 dis
146 688 223 760 agat
254 685 471 761 callimachus
502 686 708 748 6666666666
732 687 831 747 simul
854 688 922 761 regi
946 703 1005 748 suo
1028 686 1177 748 aduletur
1201 703 1339 761 6616666

68 789 185 850 efferat
215 787 309 848 laude
332 803 403 862 sua,
428 802 634 863 summopere
658 790 770 849 tamen
794 789 975 849 cavendum
1000 792 1051 850 est
1074 804 1114 848 66
1138 790 1262 849 6616616
1286 804 1339 863 pu·

67 895 180 952 661666
214 905 270 965 616
304 889 392 949 Iovis
426 890 557 950 nomine
591 889 769 951 Ptolemaei
804 905 922 951 nomen
956 891 1026 950 sine
1061 891 1180 950 damno
1213 905 1341 964 semper

65 992 224 1053 substitui
243 1006 348 1066 posse.
369 989 447 1051 Mire
467 1005 546 1051 sane
567 991 684 1052 miscet
704 991 755 1051 sui
775 992 932 1067 temporis
943 992 1114 1052 historiam
1127 1007 1201 1053 cum
1215 973 1339 1064 mytho·

66 1095 164 1170 logia;
189 1095 335 1154 attamen
355 1093 410 1166 qui
429 1093 627 1157 contendunt
648 1095 758 1153 nostro
780 1094 901 1166 hymno
921 1108 1051 1168 semper
1072 1095 1106 1154 et
1117 1093 1233 1167 ubique
1253 1093 1340 1152 16116
1377 1138 1379 1140 ,

66 1195 200 1255 6616166
234 1193 458 1254 Ptolemaeum
493 1209 604 1268 regem
638 1194 772 1255 indicari
805 1195 935 1262 videant
969 1210 1032 1268 666
1064 1196 1160 1256 modo
1184 1210 1258 1255 cum
1283 1194 1341 1255 tali

65 1296 185 1356 iudicio
208 1295 379 1356 concilient
404 1310 451 1355 16.
477 1297 517 1356 79
545 1292 596 1371 ,ἐκ
628 1289 660 1354 δὲ
683 1293 755 1366 Διὸς
779 1296 938 1374 docuit?
964 1296 1015 1357 vel
1039 1311 1086 1356 16.
1112 1298 1154 1356 85
1190 1294 1285 1371 ,ἔοικε
1309 1291 1341 1355 δὲ

63 1397 269 1475 τεκμήρασθαι
291 1391 419 1480 ἡμετέρῳ
448 1396 595 1473 βασιλῆι.”
620 1395 734 1457 Miscet
758 1412 832 1457 cum
857 1397 1058 1472 mythologie
1082 1398 1252 1457 historiam
1276 1412 1335 1457 nec

64 1504 180 1560 tamen
202 1497 293 1558 nihili
316 1498 426 1573 pendit
448 1498 535 1572 ipsos
558 1498 691 1571 mythos
714 1499 772 1557 aut
798 1498 1004 1571 antiquorum
1028 1500 1195 1572 poetarum
1219 1498 1337 1559 theolo-

64 1616 210 1675 gumena
231 1599 381 1674 neglegit.
407 1598 458 1659 Ita
480 1601 591 1659 nostro
614 1598 683 1659 loco
707 1599 876 1660 hesiodeos
899 1600 987 1676 deos,
1011 1614 1148 1672 quorum
1172 1605 1281 1675 partes
1304 1601 1336 1661 16

63 1702 221 1778 Aeschyli
252 1701 416 1775 tragoedia
444 1701 524 1761 bene
547 1700 709 1779 meminit,
733 1702 900 1777 propterea
922 1701 1030 1762 solum
1061 1703 1197 1769 advocat
1229 1704 1265 1761 ut
1288 1703 1338 1761 de·

62 1806 238 1881 monstret,
270 1802 396 1876 antiqui
426 1804 539 1876 poetae
571 1802 706 1861 numina
736 1802 896 1876 quomodo
921 1802 1105 1876 accipienda
1128 1803 1210 1863 sint:
1235 1804 1337 1877 ipsius

63 1907 155 1967 66161
178 1906 265 1966 16116
285 1905 423 1965 11166666
443 1903 483 1963 66
503 1902 741 1976 antiquissimis
763 1904 890 1964 vatibus
911 1904 1037 1979 proprio
1055 1904 1188 1964 numine
1207 1905 1336 1963 indutas

64 2008 106 2068 ad
132 2008 239 2082 ipsum
263 2020 432 2067 summum
451 2005 547 2066 deum
568 2020 640 2065 esse
661 2004 854 2080 referendas,
875 2007 972 2079 atque
991 2006 1062 2067 ideo
1081 2006 1150 2066 iure
1173 2022 1192 2066 6
1215 2007 1336 2078 mytho·

66 2108 152 2182 logis
184 2123 280 2184 prope
312 2106 400 2168 Iovis
430 2106 537 2180 regale
569 2106 688 2166 6611661
711 2106 820 2167 Rohur
843 2108 939 2180 66666
964 2107 1039 2167 Vim
1063 2106 1210 2167 collocari
1234 2107 1337 2166 solere

64 2212 165 2283 66666
191 2210 230 2269 66
254 2207 431 2269 artificibus
454 2208 487 2268 16
507 2208 626 2268 statuis
649 2209 742 2268 iuxta
761 2208 872 2268 Iovem
897 2208 981 2283 poni.

111 2310 192 2372 cum
217 2312 328 2371 autem
351 2310 487 2385 propriis
511 2310 632 2370 viribus
654 2310 767 2370 Iovem
790 2309 924 2384 imperio
952 2309 1090 2384 potitum
1116 2325 1189 2371 esse
1213 2326 1336 2385 praece·

63 2413 217 2473 dentibus
239 2412 358 2472 diserte
382 2410 523 2471 declaret
547 2411 628 2471 mire
651 2425 763 2471 secum
787 2412 986 2485 pugnantem
1010 2410 1088 2470 iacit
1111 2414 1240 2486 poetam
1265 2427 1335 2472 con·

64 2515 190 2575 iectura
211 2513 347 2574 Bentlei.
373 2512 459 2572 llore
483 2512 645 2573 homerico
669 2512 816 2586 componi
840 2510 911 2589 βίην
935 2513 968 2571 66
990 2509 1095 2589 κάρτος
1119 2514 1253 2572 6166666
1275 2513 1336 2573 1661

64 2616 88 2686 ζ.
116 2615 197 2688 197;
223 2613 249 2673 d.
273 2615 354 2685 415;
386 2635 412 2672 ν.
439 2615 518 2688 143;
546 2612 646 2673 611661
674 2628 774 2672 66666
801 2613 972 2672 verborum
995 2612 1183 2672 simillimus
1205 2617 1337 2673 revocat
1397 2654 1399 2657 -

65 2731 199 2777 versum
223 2717 257 2776 Γ.
282 2717 344 2776 431
374 2724 430 2797 ,σῇ
452 2736 481 2774 τε
506 2713 556 2797 βίῃ
583 2710 633 2772 καὶ
655 2713 763 2797 χερσί.”

111 2816 216 2878 Verba
238 2811 255 2876 t
278 2814 327 2875 καὶ
354 2831 436 2890 quae
460 2818 546 2877 recte
570 2817 801 2890 interpretatus
822 2817 872 2875 est
891 2814 1141 2875 Valckenaerius
1160 2815 1203 2875 ad
1223 2813 1334 2874 Phoco.

66 2920 130 2980 167
159 2915 225 2994 ,διὸ
247 2916 330 2994 καθ’,
355 2934 396 2979 ex
415 2918 611 2991 tragicorum
631 2930 721 2976 more
740 2916 883 2976 adhibita
903 2931 976 2976 esse
995 2917 1066 2990 ipsa
1085 2915 1234 2990 exempla
1254 2931 1336 2988 quae

62 3018 178 3080 attulit
210 3018 258 3078 vir
284 3018 496 3093 clarissimus,
522 3018 755 3079 demonstrant.
778 3017 940 3078 Homerus
962 3018 1030 3092 ipse
1054 3032 1117 3076 non
1142 3017 1205 3076 nisi
1229 3018 1336 3078 dativo

64 3114 88 3204 ᾧ
113 3125 174 3203 (τῳ)
198 3134 272 3181 6661
296 3121 363 3180 1161
391 3120 558 3180 tribuerat.

112 3219 289 3282 —ri'coo.
314 3222 395 3298 Quid
419 3222 458 3282 de
482 3222 578 3282 verbo
602 3218 673 3292 ἵζειν
693 3221 754 3280 6161
775 3219 986 3280 statuendum
1006 3220 1169 3280 videretur
1193 3219 1338 3294 pluribus

63 3325 145 3386 locis
169 3322 386 3384 Callimachus
410 3322 562 3396 ostendit,
587 3336 668 3395 quos
692 3322 744 3382 hic
768 3320 964 3382 coniunctim
988 3320 1144 3381 tractabo.

109 3425 297 3486 Praesentis
316 3424 420 3484 lorma
438 3424 546 3484 activa
566 3421 800 3497 significatione
818 3421 944 3482 sedendi
963 3422 1082 3482 utitur:
1104 3419 1155 3493 ΐζει
1168 3423 1337 3497 etimperf.

64 3526 105 3600 trs
138 3527 203 3597 (IV.
229 3527 303 3587 230.
328 3526 421 3599 228);
458 3525 547 3586 66116
579 3525 764 3587 discrimine
792 3527 886 3599 poeta
914 3523 1058 3583 medium
1089 3523 1219 3583 adhibet
1241 3524 1267 3584 Ι.
1296 3526 1335 3583 81

1 3699 2 3713 ,
64 3628 123 3701 ἵζευ
149 3634 182 3689 et
203 3628 258 3689 IV.
284 3627 452 3700 2321166.

1 3752 2 3756 ’
109 3731 279 3791 Acrisium
313 3730 410 3791 habet
444 3729 482 3789 ir.
519 3730 594 3803 237,
628 3729 785 3804 neglecto,
818 3729 854 3787 ut
884 3726 1140 3802 1616166116666,
1164 3729 1338 3801 augmento

1 3814 2 3842 ἶ
64 3832 116 3902 (cf.
142 3830 183 3891 Ω.
210 3832 285 3902 553)
311 3829 362 3891 τὸν
386 3825 439 3909 μὲν
464 3823 508 3889 ἐπ’
533 3826 664 3889 &cadom
687 3828 813 3888 κάθισεν
840 3832 873 3888 et
896 3828 934 3888 fr.
956 3828 1021 3887 494
1045 3825 1228 3906 ἕπασσοτὲρω
1251 3828 1339 3888 καθί-

65 3949 144 3992 σασα
162 3930 223 4008 ττὰρ
242 3931 325 4011 πυρί,
343 3933 377 3993 66
396 3931 559 4006 duplicata
578 3931 688 3991 littera
708 3931 814 4004 sigma
835 3930 892 3989 III.
907 3930 971 3989 233
987 3944 1103 4002 genere
1124 3929 1229 3989 medio
1250 3920 1339 4008 ἦμέν

63 4057 108 4094 τοι
134 4031 261 4111 Προῖτός
284 4055 316 4112 γε
340 4032 402 4093 δύω
426 4030 604 4092 tesolatam
629 4032 733 4109 νηούς.

109 4137 155 4195 At
175 4135 330 4195 brevioris
349 4135 460 4210 stirpis
483 4134 606 4195 formae
627 4136 814 4195 occurrunt:
836 4148 901 4193 661.
923 4130 1003 4191 εἴσαο
1023 4131 1339 4207 6ο66161666,εἴσατο

63 4238 118 4300 IV.
150 4237 213 4298 308
239 4235 292 4313 τήν
314 4256 384 4296 ποτε
409 4235 524 4313 Θησεὺς
548 4235 644 4296 εἴσατο
676 4235 726 4306 (cf.
751 4235 788 4295 fr.
816 4235 879 4309 76),
904 4236 936 4294 et
960 4235 1016 4294 ΙΙΙ.
1044 4235 1084 4294 75
1117 4230 1336 4310 ἕφεσσαμένουῑ

291 4335 424 4417 Bormam
447 4353 479 4397 σε
501 4338 684 4417 στιβαροῖσιν
708 4332 909 4413 {procerrimo
933 4335 1087 4415 γονάτεσσι

63 4444 178 4518 666166
200 4439 382 4500 imitatione
405 4439 535 4499 Homeri
560 4461 591 4499 ττ.
617 4440 680 4498 643

1247 4543 1261 4582 3
