3104 5296
811 423 872 481 136

210 609 320 695 γενείῳ.
361 610 446 672 Oave
487 612 598 672 tamen
633 612 809 685 quidquam
843 612 952 671 mutes
988 608 1145 670 vitiumve
1178 609 1308 670 librario
1339 609 1459 683 imputes
1521 571 1522 617 3

211 711 304 788 quod,
340 713 445 786 siquid
477 715 529 773 est
560 714 640 789 vitii,
673 712 862 773 Callimachi
893 712 971 786 iuit;
1004 711 1060 770 vix
1091 711 1179 771 enirn
1210 710 1343 770 dubium
1373 710 1459 769 estin

211 815 308 874 huius
339 814 427 875 verbi
459 830 521 875 usu
551 830 626 875 cnm
656 815 798 875 Homero
829 814 1001 874 miscuisse
1027 815 1175 873 nostrum
1195 813 1337 886 tragicos
1358 813 1459 886 poetas.
1522 816 1524 898 Ῑ

212 916 296 976 Nam
319 916 353 975 hi
376 916 526 977 omnibus
551 916 658 978 verbis
682 915 897 991 amplectendi
916 914 1079 975 notionem
1100 913 1308 974 reddentibus
1328 914 1461 974 dederunt
1523 909 1524 912 ’

214 1016 483 1091 significationem
514 1018 679 1092 aliquanto
710 1017 870 1078 latiorem.
901 1018 953 1078 Ita
984 1016 1151 1087 Euripides
1181 1031 1246 1077 non
1277 1016 1371 1076 modo
1400 1013 1461 1074 Μαί.

216 1120 301 1180 1205
337 1119 532 1197 ,περιπτύξας
564 1116 675 1198 ἀέμας”
708 1120 799 1198 dixit,
828 1120 883 1181 sed
907 1119 1019 1180 Phoco.
1047 1120 1129 1179 1671
1159 1132 1285 1192 quoque
1308 1116 1421 1195 στόμα
1439 1135 1462 1194 με

215 1218 269 1279 σὸν
299 1220 532 1298 προσπτύξομαι,
563 1223 646 1295 quod
678 1222 800 1296 optimo
830 1223 898 1283 iure
922 1221 1064 1282 defendit
1086 1221 1347 1282 Valckenaerius.
1378 1220 1464 1280 Huius

214 1324 364 1385 licentiae
400 1339 526 1385 memor
559 1326 670 1385 noster
704 1323 831 1386 collatis
864 1324 1038 1386 homericis
1073 1323 1220 1385 versibus
1248 1322 1273 1394 ξ.
1303 1323 1366 1382 313
1395 1318 1464 1401 ,λαμ

215 1421 451 1504 περιπλεχθελς”,
471 1439 504 1500 ψ.
518 1427 560 1486 33
584 1422 671 1504 ,μρηλ
691 1423 904 1504 περιπλέχθη”,
926 1427 958 1486 in
977 1425 1216 1487 constructione
1237 1424 1326 1484 verbi
1345 1423 1466 1483 Homero

216 1528 346 1586 tantum
369 1541 433 1586 non
457 1527 639 1600 obsecutus,
665 1528 698 1588 in
721 1527 955 1603 significatione
978 1527 1119 1602 tragicos
1142 1527 1292 1587 imitatus
1315 1530 1374 1587 est.

262 1627 407 1700 Sequens
442 1644 556 1689 versus
591 1629 695 1704 primo
730 1630 844 1691 obtutu
878 1631 1046 1705 tantopere
1081 1627 1224 1704 offendit,
1262 1631 1298 1689 ut
1332 1643 1400 1689 rem
1421 1636 1467 1684 acu

218 1729 366 1804 tetigisse
396 1729 517 1791 dixeris
547 1746 624 1791 oum
644 1731 750 1791 virum
775 1733 905 1792 doctum
929 1731 985 1805 qui
1007 1731 1086 1792 olim
1108 1731 1142 1791 in
1165 1729 1273 1791 codice
1297 1721 1469 1790 Taurinensi

219 1831 259 1892 ad
294 1832 476 1905 marginem
509 1833 655 1907 appinxit
694 1830 882 1911 ,δέχεσθονζ
918 1835 1074 1894 Attamen
1105 1847 1168 1894 non
1200 1829 1470 1905 obtemperandum

221 1935 249 1994 ei
274 1935 342 1994 est:
366 1948 502 1994 manum
527 1933 715 1996 Callimachi
739 1933 847 2010 arguit
869 1936 948 1996 illud
972 1932 1058 1994 τέκνα
1078 1932 1224 2008 τεκέσθαι,
1247 1934 1426 2008 repetitum,
1444 1929 1472 1985 ul

221 2036 412 2110 praesertim
437 2036 468 2096 in
494 2052 609 2096 versus
632 2038 724 2097 exitu
747 2040 852 2098 iacere
879 2037 972 2114 solet,
997 2053 1038 2098 ex
1062 2036 1244 2111 homericis,
1270 2051 1356 2096 nunc
1379 2034 1472 2094 auten

223 2152 263 2197 ex
284 2137 405 2210 hymno
424 2138 459 2197 ιἰι
478 2137 622 2198 Venerem
635 2154 683 2200 vs.
700 2140 772 2201 127.
786 2140 847 2200 Sed
860 2139 1011 2200 insolitus
1023 2139 1164 2214 profecto
1184 2140 1218 2199 et
1241 2137 1281 2198 ab
1301 2137 1388 2198 omni
1402 2145 1473 2208 grae·

224 2239 322 2299 citate
345 2238 411 2300 iere
435 2239 560 2301 alienus
584 2239 764 2302 infinitivus
787 2242 840 2302 illc
866 2245 916 2301 est
940 2257 959 2301 a
983 2241 1079 2301 verbo
1111 2240 1325 2299 λίσσεσθαι
1351 2237 1474 2314 pendens

225 2355 299 2400 curn
323 2354 386 2400 non
410 2341 547 2402 addatur
568 2358 744 2417 pronomen
768 2341 825 2420 ἐμέ.
850 2343 948 2404 Facili
972 2343 1155 2404 coniectura
1177 2342 1299 2416 poteris
1319 2340 1473 2414 corrigere:

230 2439 417 2519 ,λισσόμεναι
448 2439 483 2501 ui
514 2443 586 2516 Διός
617 2439 643 2523 μ’
670 2444 714 2504 εἰν
742 2444 828 2505 ὕδασι
851 2468 876 2503 κ.
900 2467 923 2503 τ.
947 2445 992 2504 λ.”
1017 2444 1172 2517 Equidem
1196 2443 1277 2503 nihil
1301 2439 1476 2503 mutandum

228 2558 353 2620 censeo,
376 2544 453 2618 quia
475 2545 569 2606 credo
592 2546 781 2608 obversatos
804 2563 876 2609 esse
900 2550 1010 2608 nostro
1035 2560 1149 2606 versus
1175 2545 1208 2604 Θ.
1233 2545 1297 2605 372

470 2646 489 2724 ή
513 2647 544 2707 ολ
563 2643 680 2727 γούνατ’
707 2647 811 2710 ἔκυσσε
834 2647 884 2710 καὶ
907 2647 1009 2727 ἔλλαβε
1032 2644 1105 2726 χειρὶ
1131 2645 1246 2726 γενείου

473 2748 631 2829 λισσομένη
654 2759 773 2829 τιμῆσαι
797 2755 928 2830 Ἀχιλλῆα
951 2749 1162 2825 πτολίπορθον.

232 2849 278 2909 ibi
298 2848 497 2911 infinitivum
515 2868 591 2913 cnm
603 2851 760 2932 λισσομένη
781 2857 988 2916 coniunctum
1003 2854 1125 2927 vidone,
1138 2850 1343 2925 neglegentia
1353 2838 1481 2925 peccantii

178 3030 180 3034 ι
232 2950 408 3010 arbitratus
442 2952 621 3015 Homerum
656 2957 807 3018 omisisse
841 2955 909 3027 τοὺς
943 2952 1083 3033 Ἀχαιοὺς,
1113 2957 1146 3014 et
1176 2953 1252 3026 quie
1274 2949 1481 3012 accusativum

234 3067 309 3112 cum
332 3051 491 3115 infinitivo
514 3056 644 3130 saepius
668 3058 764 3118 verbo
787 3057 939 3117 λίσσεσθαι
963 3057 1165 3118 adiunxisset
1188 3055 1351 3115 Homerus
1373 3055 1407 3124 (i.
1429 3042 1480 3109 511

234 3156 267 3213 θ.
304 3154 356 3222 30)
391 3154 478 3215 facili
508 3158 604 3219 modo
637 3159 670 3219 in
706 3175 765 3221 sno
801 3177 896 3222 versu
929 3177 949 3221 a
983 3159 1155 3220 lectoribus
1190 3153 1240 3235 ἐμὲ
1270 3157 1427 3218 adiectum
1452 3141 1484 3205 111

234 3255 372 3329 putavit.

281 3458 336 3519 Vs,
363 3461 435 3520 112.
486 3459 616 3540 ,Πηνειὲ
642 3466 776 3544 Φθιῶτα,
798 3467 827 3527 τί
846 3474 904 3526 νῦν
928 3463 1080 3544 ἀνέμοισιν
1103 3462 1220 3544 ἐρίζεις;

482 3554 628 3644 ὦπάτερ,
649 3564 686 3626 οὐ
709 3565 769 3646 μήν
793 3567 885 3629 ἵππον
908 3566 1030 3629 ἀέθλιον
1054 3563 1269 3645 ἀμφιβέβηκας.

482 3654 501 3742 ή
524 3663 562 3743 ῥά
584 3687 629 3726 τοι
652 3658 706 3728 dd'
733 3667 794 3730 αἰελ·
812 3668 925 3749 καηινολ
946 3670 1051 3742 πόδες;
1075 3666 1094 3748 i)
1118 3662 1158 3728 ἐπ’
1186 3664 1263 3743 ἐμεῖο

365 3767 426 3826 115
482 3774 597 3843 μοῦνον
621 3766 819 3849 ἐλαφρίζουσι,
841 3773 1000 3850 πεποίησαι
1025 3767 1057 3830 δὲ
1079 3767 1220 3829 πέτεσθαι

483 3867 612 3947 σήμερον
636 3869 792 3951 ἐξαπίνηςς
816 3871 832 3934 ὃ
857 3870 885 3934 δ’
913 3872 1050 3951 ἀνήκοος.
1075 3864 1097 3932 d
1120 3869 1191 3948 ἐμὸν
1219 3866 1323 3948 ἀχθος,

484 3975 542 4030 ποῖ
559 3987 591 4031 σε
613 3971 711 4052 φέρω
735 3972 830 4052 μέλεοι
853 3974 908 4056 γὰρ
932 3973 1108 4053 ἀπειρήκασι
1131 3969 1269 4043 τένοντες.

487 4072 602 4150 Πήλιον
627 4067 650 4135 ὦ
676 4078 807 4156 Φιλύρης
831 4077 995 4157 νυμφήιον,
1018 4074 1091 4137 ἀλλὰ
1113 4075 1150 4136 σὺ
1174 4079 1287 4152 μεῖνον,

487 4180 600 4254 μεῖνον,
622 4176 684 4239 ἐπεὶ
707 4178 756 4240 καὶ
778 4185 871 4262 θῆρες
895 4178 926 4240 ἐν
950 4177 1050 4259 οὔρεσι
1072 4177 1196 4239 πολλάκι
1218 4180 1279 4236 σεῖο

369 4276 431 4336 120
488 4273 656 4356 ὠμοτόκους
680 4278 789 4357 ὠδῖνας
813 4282 1010 4364 ἀπηρείσαντο
1033 4280 1176 4343 λέαιναι.”

289 4375 362 4436 Alia
385 4380 436 4438 est
455 4380 604 4444 imitandi
625 4400 688 4462 ars,
709 4402 790 4460 quac
812 4388 918 4449 verbis
939 4387 1036 4449 verba
1055 4385 1186 4447 reddere
1207 4381 1316 4456 cupiat
1335 4381 1373 4439 ut
1385 4374 1502 4451 singula

245 4477 382 4551 singulis
405 4483 628 4561 respondeant,
650 4487 715 4548 alia
737 4505 800 4563 qua
823 4491 953 4550 studeat
974 4489 1047 4562 quis
1067 4489 1179 4562 poetae
1203 4482 1361 4543 rationem
1381 4479 1504 4553 quiden

247 4579 371 4639 dicendi
394 4581 516 4643 imitari
540 4588 574 4646 at
596 4590 732 4663 propriis
755 4592 824 4651 suis
849 4593 956 4653 verbis
975 4606 1045 4651 rem
1067 4602 1226 4650 enarrare.
1248 4583 1348 4644 Multo
1369 4582 1504 4655 frequen·
