3068 5288
649 453 691 512 29

74 639 118 701 Et
142 640 191 701 ita
214 640 282 700 iam
304 639 465 714 praeludit
487 639 526 699 ad
550 638 662 700 laudes
685 639 842 715 Ephesiae
864 639 1000 716 Dianae,
1030 656 1108 701 nam
1132 642 1212 702 11111
1234 656 1308 716 quo·

26 759 94 818 que
123 740 342 820 πρωτοθρόνου
365 743 497 802 nomine
516 742 636 816 gaudet
652 736 682 812 ¹).
704 742 788 802 Huic
807 758 883 803 vero
903 742 981 803 deae
1001 743 1098 802 sicuti
1119 744 1152 803 in
1171 742 1310 803 Arcadia

28 845 262 906 Proetidarum
295 846 387 919 pater
421 845 551 920 propter
581 844 742 904 redditam
772 841 900 905 filiabus
931 845 1117 905 castitatem
1149 844 1309 919 templum

31 948 201 1023 posuisset
224 951 284 1016 (vs.
310 947 512 1022 ass-236),
545 946 591 1005 ita
614 947 812 1021 Amazones
839 947 1000 1007 1111111111
1023 946 1118 1006 laude
1141 962 1216 1007 cum
1240 947 1310 1021 ipsa

33 1049 102 1109 1111
138 1048 198 1108 dea
240 1050 417 1124 certantes,
454 1048 598 1122 primum
632 1047 880 1108 sanctissimum
914 1047 1062 1123 posuisse
1097 1048 1309 1109 simulacrum

35 1153 158 1211 narrat.
183 1150 234 1210 ita
249 1149 388 1224 sensim,
409 1151 443 1208 et
461 1148 616 1209 carminis
637 1163 734 1208 cursu
752 1148 819 1208 1111
839 1148 967 1210 delatus
987 1150 1026 1210 ad
1046 1150 1177 1225 Ephesii
1196 1149 1311 1225 templi

36 1251 254 1326 mentionem,
288 1265 362 1310 cum
393 1249 589 1310 Graecorum
622 1251 718 1323 atque
749 1250 913 1310 Arcadum
937 1251 1026 1311 cultu
1049 1253 1124 1326 apte
1146 1252 1311 1312 Asiaticae

38 1354 116 1414 deae
140 1367 235 1412 sacra
258 1343 433 1427 coniungit.
458 1351 615 1411 Attamen
637 1350 815 1425 plurimum
839 1351 944 1427 abest,
970 1354 1007 1411 ut
1031 1352 1247 1413 concedamus
1271 1387 1310 1395 —

38 1455 123 1529 quod
142 1454 367 1514 demonstrare
387 1454 522 1512 conatus
543 1454 594 1512 est
613 1446 803 1523 Gouatius²l
826 1487 865 1495 —
887 1454 920 1512 in
939 1453 1096 1528 Ephesiae
1116 1455 1195 1515 deae
1215 1455 1311 1516 hono·

38 1572 108 1617 rem
141 1555 359 1630 compositum
387 1568 459 1614 esse
490 1553 651 1628 hymnum
682 1555 845 1629 nostrum,
879 1555 950 1615 sive
981 1556 1152 1627 certam-ini
1175 1557 1313 1632 Ephesio

39 1659 254 1732 destinatum,
287 1656 381 1730 idque
412 1656 477 1715 1111
506 1670 549 1714 ex
571 1670 609 1715 11
633 1670 786 1730 apparere
810 1656 893 1729 quod
917 1671 1037 1731 magna
1061 1658 1215 1718 carminis
1238 1674 1314 1734 pars

39 1759 199 1834 Ephesiae
228 1756 350 1817 Dianae
381 1756 424 1817 sit
448 1755 604 1816 dedicata.
625 1755 773 1816 Profecto
793 1771 865 1816 1111
886 1756 1013 1835 aedem,
1039 1759 1132 1819 cuius
1155 1761 1313 1821 sanctitas

40 1860 78 1921 ab
101 1858 342 1933 antiquissimis
365 1857 565 1933 temporibus
589 1857 750 1918 celebrata
775 1873 877 1933 nuper
900 1861 1068 1933 tantopere
1092 1862 1179 1920 esset
1203 1864 1312 1937 aucta,

40 1977 115 2021 cum
157 1961 232 2036 post
274 1959 457 2021 Herostrati
498 1958 684 2020 incendium
723 1959 943 2020 instauratum
974 1963 1071 2036 esset,
1110 1976 1175 2021 non
1209 1963 1314 2037 potuit

40 2079 103 2124 non
136 2077 329 2123 memorare.
354 2060 560 2136 Quinetiam
582 2058 754 2135 magnifice
777 2060 907 2122 extollit
929 2061 1090 2143 templum
1109 2064 1194 2136 quod
1218 2063 1314 2124 hono-

40 2167 171 2225 raverat
197 2162 382 2223 Alexander
401 2164 537 2237 postque
565 2177 640 2222 eum
664 2162 812 2237 Lagidae.
837 2164 882 2223 At
910 2163 996 2237 vide,
1022 2178 1120 2236 quarn
1144 2164 1315 2239 diligenter

41 2268 170 2341 caveat,
206 2264 321 2339 nequis
359 2267 530 2325 externam
561 2264 644 2325 hanc
675 2265 828 2340 Dianam,
864 2265 1015 2326 minusve
1051 2266 1208 2327 Graecam
1243 2283 1315 2328 1111
1367 2333 1371 2339 ,

41 2368 235 2443 suspicatur.
261 2366 371 2441 ipsam
394 2367 488 2426 deam
513 2365 625 2426 eodem
645 2366 777 2426 nomine
799 2355 1053 2442 011111111111,
1076 2382 1138 2441 quc
1158 2371 1234 2429 ante
1255 2373 1314 2439 (vs.

43 2471 116 2541 204)
137 2469 296 2530 Graecam
316 2469 559 2542 nuncupaverat
577 2466 726 2527 Dianam.
753 2467 942 2527 Sacerdotes
966 2467 1038 2527 illos
1059 2469 1159 2529 cultui
1178 2470 1316 2545 Ephesio

41 2572 201 2647 proprios,
220 2565 367 2648 ἀρχιερέα,
378 2568 577 2648 μεγαβύζους,
589 2566 728 2645 lonssur,
745 2569 923 2643 1111111111,
938 2569 1080 2643 virgines
1100 2569 1205 2646 ἱερείας
1219 2572 1316 2632 verbo

43 2689 106 2734 non
121 2672 246 2748 tangit;
264 2671 420 2746 orgiasmi
438 2673 549 2731 autem
562 2670 725 2730 elementa
736 2685 810 2731 cum
831 2671 1043 2730 memoranda
1054 2674 1140 2745 sunt,
1159 2674 1317 2747 tympana

44 2775 206 2850 cymbala,
239 2774 334 2834 Matri
364 2773 500 2847 Magnae
530 2787 604 2833 cum
635 2772 739 2831 Diana
766 2771 906 2846 Ephesia
939 2773 1138 2847 communia,
1176 2775 1222 2834 ita
1256 2775 1317 2835 hoc

45 2877 134 2953 lacit,
159 2877 196 2936 ut
219 2876 328 2935 minus
351 2875 391 2934 ad
414 2874 517 2949 ipsius
540 2873 618 2934 deae
643 2873 784 2934 indolem
808 2889 906 2947 quam
929 2873 1121 2934 Timotheus
1145 2875 1273 2936 dixerat

266 2974 396 3052 μαινάδα
418 2975 522 3035 &udde
547 2974 680 3052 φοιβάδα
703 2973 853 3049 λυσσάδα,

44 3096 143 3156 quam
167 3079 206 3139 ad
230 3079 354 3139 feroces
375 3079 581 3138 Amazonum
605 3092 713 3138 mores
737 3078 896 3152 pertinere
919 3077 1091 3138 videantur
1105 3071 1136 3149 3).
1158 3079 1316 3155 Tandem,

45 3183 171 3258 Epheso
200 3181 388 3256 penetrasse
420 3179 544 3240 cultum
568 3180 601 3239 in
632 3180 747 3239 Asiam
777 3194 881 3253 neque
906 3213 946 3221 -
971 3178 1055 3252 quod
1080 3179 1174 3240 hodie
1197 3183 1317 3243 rectius

46 3298 219 3345 censemus
243 3314 281 3322 -
307 3297 350 3342 ex
373 3281 503 3342 Oriente
534 3280 723 3354 religionem
755 3282 833 3341 deae
861 3281 1019 3356 Ephesiae
1043 3280 1194 3342 inlitora
1217 3285 1318 3343 maris

45 3385 229 3458 devenisse,
262 3383 293 3442 id
323 3383 443 3443 diserte
474 3382 605 3456 quidem
636 3397 798 3455 nusquam
825 3382 909 3442 dixit
932 3384 1041 3458 poeta,
1067 3383 1124 3442 sed
1147 3384 1257 3444 nescio
1276 3400 1318 3445 an

45 3487 110 3547 tale
129 3485 206 3560 quid
229 3483 371 3544 innuerit
387 3485 459 3558 post
483 3483 668 3543 saltationis
691 3498 803 3544 sacrae
827 3484 1078 3559 descriptionem
1098 3484 1178 3545 haec
1197 3485 1318 3547 addens

47 3590 104 3656 (vs.
131 3587 224 3657 245):

695 3672 825 3753 „k'dpnpe
850 3667 878 3733 δ’
906 3670 966 3752 ἠχὼ

269 3774 403 3855 Σάρδιας
425 3772 454 3847 ἔς
477 3796 506 3835 τε
530 3775 623 3855 νομὸν
648 3776 881 3855 Βερεκύνθιον.”

80 3972 102 4038 ¹)
118 3977 196 4023 Aram
220 3975 246 4020 in
268 3973 364 4034 templo
388 3974 501 4033 Ephesio
523 3973 655 4036 Ἀρτίμιδος
678 3978 854 4037 πρωιοθρωίης
876 3974 972 4021 Rhoeci
996 3974 1074 4021 Samii
1100 3978 1154 4021 arbe
1178 3975 1319 4034 perlectam

47 4058 173 4103 memorat
190 4054 330 4101 Pausanias
347 4052 378 4099 X.
396 4053 468 4099 3116.

79 4131 99 4194 ²)
116 4133 154 4181 La
169 4129 249 4196 poesie
264 4130 430 4179 Alexandriae
444 4145 469 4191 p.
488 4133 536 4179 als
553 4146 602 4194 sqq.

81 4210 185 4273 81111111
211 4212 353 4260 Amazones
378 4211 447 4257 huno
475 4210 570 4258 Dianae
593 4211 691 4257 cultum
712 4211 874 4270 frequentem
900 4211 950 4271 ipsi
976 4211 1099 4258 Graeciae
1125 4212 1244 4273 debeant,
1270 4227 1319 4261 non

50 4291 172 4340 indicarit
189 4290 374 4347 Callimachus,
399 4291 472 4337 cuins
498 4291 650 4350 superstites
676 4291 767 4336 saltem
794 4290 852 4337 iibri
875 4291 908 4336 de
929 4292 1101 4338 Amazonibus
1123 4290 1216 4338 tacent.
1234 4294 1321 4341 Potuit

51 4376 134 4420 tamen
157 4376 187 4419 nt
207 4370 417 4431 Peloponnesiaci
443 4370 528 4417 cultus
549 4371 601 4416 tale
623 4369 685 4428 qnid
707 4369 799 4415 docere
823 4370 846 4416 11
870 4369 1025 4429 riderentur,
1049 4371 1169 4428 qnoniam
1188 4372 1321 4419 constabat

52 4453 75 4498 in
92 4452 220 4499 heonioa
242 4451 303 4498 olim
327 4449 359 4496 ab
384 4449 556 4496 Amazonibus
573 4449 645 4508 signa
668 4449 753 4507 lignea
776 4444 855 4510 (sicut
877 4445 984 4513 Ephesi)
1002 4448 1117 4496 dedicata
1136 4463 1192 4499 esse
1209 4453 1321 4512 Apollini

52 4533 188 4579 Amazonio
206 4533 233 4577 el
250 4530 346 4577 Dianae
363 4530 488 4591 torpenter
504 4529 589 4588 (Pane.
606 4527 654 4573 111.
673 4529 712 4574 ab.
723 4523 756 4591 3).
