3104 5286
668 419 728 479 127

55 606 156 667 Redit
178 607 285 668 denuo
308 607 348 666 ad
372 606 461 681 ipsas
483 608 588 666 terras
611 606 751 666 simulac
775 606 865 666 addit
891 612 1002 683 ,osope
1026 597 1054 663 δ’
1078 601 1131 681 dlv,
1154 603 1340 681 Πελοπη1ς”,

55 710 114 768 sed
146 709 181 767 in
213 708 301 768 clara
330 710 471 780 notaque
503 708 706 783 mythologie
737 707 842 767 denuo
876 709 1027 766 versatur
1050 720 1139 780 cum,
1164 706 1338 766 accedente

57 811 118 869 dea
153 811 194 869 ad
230 810 414 885 Boeotiam,
450 809 568 869 fluvios
602 809 675 868 illos
706 811 882 883 memorat,
915 823 1053 882 quorum
1085 822 1241 881 personae
1274 822 1338 867 non

58 913 195 986 mythos
229 913 360 971 tantum
396 926 474 971 suos
508 912 565 971 sed
597 911 726 994 cultum
754 927 881 984 quoque
912 909 1139 986 possidebant:
1169 910 1337 970 Ismenum

58 1014 154 1074 illum
175 1048 217 1057 -
238 1015 351 1074 tamen
375 1011 607 1090 μιλσμψήφιδος
634 1014 767 1073 nomine
798 1013 900 1073 etiam
923 1026 1010 1072 nunc
1033 1015 1185 1072 ornatum
1205 1044 1245 1055 —
1260 1012 1338 1072 Aso-

58 1130 217 1190 pumoue,
243 1115 299 1188 qui
320 1114 434 1174 tardus
457 1113 638 1188 ingreditur
664 1109 747 1189 ,inei
771 1111 940 1171 πεπάλακτο
962 1113 1131 1194 neposve&
1155 1106 1175 1183 ¹)

103 1214 336 1290 Neglegentiae
356 1214 436 1274 talia
447 1213 588 1274 tribuere
608 1215 755 1288 inposta
774 1214 866 1274 cuius
885 1216 980 1273 tanta
999 1213 1097 1274 fuerit
1109 1214 1260 1289 eruditio,
1275 1230 1339 1275 non

57 1332 191 1391 semper
202 1315 321 1377 licebit.
336 1316 397 1376 Sed
411 1316 487 1389 quia
498 1316 610 1375 omnia
622 1316 755 1376 deorum
768 1316 903 1376 numine
914 1317 1024 1392 plena,
1038 1314 1135 1374 πάντα
1147 1319 1245 1393 abaco
1258 1320 1340 1376 θεῶν

59 1435 134 1480 esse
165 1420 371 1494 opinabatur,
405 1417 510 1478 noluit
533 1414 752 1476 Callimachus
776 1417 998 1492 mythologice
1022 1417 1165 1491 antiquis
1188 1419 1340 1479 terminis

58 1537 96 1581 se
120 1522 305 1594 continere;
337 1520 413 1594 quid
443 1520 556 1578 autem
579 1518 613 1577 in
636 1518 695 1578 tali
719 1533 754 1577 re
784 1520 899 1594 poetae
922 1518 1020 1578 licere
1042 1520 1186 1594 putaret,
1220 1520 1339 1580 iterum

59 1624 93 1682 in
129 1623 246 1683 eodem
280 1622 403 1696 hymno
434 1620 590 1692 ostendit,
623 1634 698 1679 cum
731 1620 863 1681 Insulas
893 1620 1023 1695 propria
1053 1621 1189 1681 donaret
1211 1623 1338 1696 mytho-

58 1722 157 1799 logia.
189 1723 337 1784 Proiecto
368 1723 456 1783 enim
480 1721 546 1781 iam
570 1736 634 1780 non
659 1721 814 1797 allegoria
837 1723 895 1782 aut
914 1722 994 1782 artis
1014 1722 1160 1797 poeticae
1180 1724 1340 1797 quaedam

59 1824 197 1885 libertas
226 1823 384 1899 fingendi,
413 1822 470 1882 sed
493 1823 621 1882 sincera
644 1836 683 1882 ac
706 1838 785 1883 vera
808 1825 860 1883 est
882 1823 1099 1899 mythologie,
1124 1839 1189 1897 qua
1211 1824 1341 1885 Insulas

60 1912 158 1988 ornat
193 1926 225 1986 in
261 1926 385 2000 hymno
418 1922 558 1984 Deliaco.
593 1923 639 1983 Ut
671 1924 759 1984 enim
790 1924 901 2001 Delos,
934 1939 1017 1999 quae
1045 1926 1111 1985 iam
1135 1924 1191 1985 diu
1213 1926 1342 2002 propria

60 2027 226 2102 gaudebat
257 2026 461 2101 mythologie
491 2025 587 2100 digno
618 2025 777 2086 comitatu
809 2027 841 2086 in
873 2027 1008 2087 deorum
1035 2042 1172 2088 numero
1195 2031 1340 2102 ornaret,
1432 2037 1434 2042 ⁴

60 2133 191 2189 ceteras
222 2143 349 2203 quoque
380 2125 506 2186 insulas
530 2126 640 2186 divina
664 2126 770 2186 induit
792 2141 940 2202 persona.
965 2128 1095 2188 Etenim
1119 2129 1235 2189 Delum
1256 2130 1340 2188 insu-

59 2232 130 2291 lam
156 2230 250 2290 decet

627 2326 691 2405 ,evi
715 2328 846 2412 πρώτῃσι
869 2326 1009 2408 λέγεσθαι

290 2425 390 2492 ὁππότ’
417 2429 446 2503 ἐς
466 2426 612 2490 Ὠκεανόν
635 2452 664 2490 τε
687 2427 737 2489 καὶ
761 2427 790 2501 ἐς
816 2430 957 2508 Τιτηνίδσι
982 2430 1090 2508 Τηθὺν

290 2541 378 2611 νῆσοι
401 2531 617 2604 ἀολλίζσνται”.
640 2526 662 2603 ²)

61 2637 154 2696 Haec
188 2636 301 2710 opinor
335 2650 399 2695 uon
430 2650 521 2695 mera
554 2637 606 2694 est
640 2635 748 2709 imago
782 2635 898 2708 poetae
932 2634 1041 2694 debita
1075 2649 1179 2710 neque
1211 2638 1341 2698 confun-

61 2738 169 2798 denda
188 2752 264 2797 cum
286 2735 399 2811 figuris
422 2750 503 2809 quas
524 2733 665 2795 artifices
689 2733 810 2809 fingere
834 2734 991 2796 solebant.
1017 2736 1101 2796 Sane
1125 2737 1248 2798 iamdiu
1272 2743 1344 2800 erat

61 2853 104 2898 ex
129 2853 192 2912 ouo
215 2841 320 2897 terras
340 2838 478 2896 urbosve
497 2836 604 2911 effigie
624 2839 869 2911 repraesentare
890 2838 1092 2912 sculptorum
1113 2839 1340 2915 pictorumque

62 2956 117 3000 ars
143 2939 244 3000 solita
265 2941 345 2999 erat.
380 2938 469 3013 Quod
496 2940 607 2998 tamen
631 2938 798 2997 neminem
822 2937 998 2999 induxerat
1021 2940 1055 3000 in
1079 2956 1232 3003 errorem.
1257 2943 1342 3003 Nam

63 3043 121 3101 vix
152 3041 334 3116 periculum
365 3043 435 3100 erat
466 3040 617 3114 nequis,
642 3040 670 3099 si
694 3039 777 3100 forte
813 3040 846 3099 in
870 3041 958 3101 Iovis
983 3041 1125 3117 Olympii
1149 3045 1225 3105 sede
1250 3061 1344 3106 sacra

63 3144 237 3203 Graeciam
271 3143 514 3203 Salaminemve
548 3139 705 3215 figuratas
740 3141 872 3202 videbat
893 3136 925 3218 ³),
957 3159 1014 3217 pro
1046 3145 1167 3205 divinis
1196 3147 1344 3220 personis

63 3261 122 3306 aas
153 3244 319 3305 habendas
350 3259 422 3304 esse
452 3245 598 3319 putaret;
632 3243 780 3304 sciebant
810 3260 925 3305 omnes
949 3246 1050 3306 talem
1078 3247 1264 3310 libertatem
1288 3249 1344 3310 fin-

63 3345 162 3421 gendi
204 3345 368 3420 propriam
409 3360 539 3419 semper
579 3345 680 3405 luisse
723 3345 811 3405 illius
847 3347 942 3422 artis,
980 3349 1031 3408 cui
1066 3347 1170 3424 figura
1204 3352 1345 3425 quadam

64 3449 199 3508 induere
230 3462 363 3508 necesse
394 3452 483 3506 esset
513 3447 666 3520 quidquid
698 3447 886 3508 hominibus
912 3449 1044 3509 volebat
1067 3467 1254 3526 proponere.
1281 3454 1342 3514 Sed

101 3716 119 3776 ι)
137 3719 220 3765 Huius
244 3719 401 3765 confusionis
419 3718 537 3778 exempla
558 3732 589 3765 ex
607 3719 726 3765 omnibns
744 3720 800 3766 eins
817 3721 910 3767 aetatis
928 3722 1012 3780 poetis
1029 3722 1098 3769 raclii
1115 3737 1194 3784 opera
1210 3729 1344 3783 augentur.

64 3799 153 3846 Unum
179 3810 211 3845 ex
237 3797 394 3844 Callimacho
417 3796 518 3844 addam.
542 3797 646 3844 1v.101
670 3799 737 3843 inter
760 3797 843 3845 Urbes
867 3799 997 3846 aLatona
1013 3800 1171 3861 refugientes
1189 3807 1346 3851 memoratur

60 3878 144 3936 Ἐλιιιη
170 3877 332 3930 Πσσιιδάωισς
357 3879 442 3940 hulpa.
467 3875 615 3936 Beeplcitur
640 3878 726 3923 tamen
748 3890 798 3923 nou
822 3878 935 3938 nympha
958 3892 989 3926 ex
1012 3880 1108 3928 fabalia
1130 3886 1203 3942 nota,
1226 3882 1273 3931 sed
1290 3884 1347 3944 ipsa

63 3956 142 4014 urba,
167 3970 225 4004 nam
249 3956 359 4003 adicitur
374 3956 444 4003 Bura
464 3954 604 4012 ΔιΞσμιιστσ
626 3959 752 4017 1τσόσισσις
770 3955 815 4013 (cl.
833 3970 912 4018 aupra
931 3971 955 4018 p.
971 3960 1014 4019 81)
1030 3973 1077 4007 neo
1095 3960 1127 4008 de
1144 3962 1278 4023 Nymphae
1295 3965 1346 4010 He·

63 4038 132 4084 licea
149 4035 289 4103 (ctPaus.
307 4037 362 4082 VII.
382 4036 451 4091 1.a;
470 4036 501 4083 11
513 4070 518 4082 .
529 4038 555 4096 5)
575 4049 633 4082 cum
655 4036 768 4095 Neptuni
782 4038 914 4085 amoribus
931 4037 1074 4098 quidquam
1091 4042 1162 4088 novit
1181 4043 1347 4103 mythologia.

65 4115 120 4164 Sed
146 4114 297 4163 Poseidonia
322 4115 431 4161 amicam
457 4114 521 4161 dicit
546 4114 651 4176 urbem,
674 4117 704 4162 ut
725 4115 846 4163 ostendat
869 4117 932 4177 quid
953 4117 1004 4165 sibi
1026 4118 1059 4165 de
1080 4119 1195 4180 epitheto
1217 4122 1347 4170 homerico

63 4195 183 4256 Neptuni
199 4194 317 4242 videatur
333 4190 377 4258 (cl.
395 4193 464 4242 Stoa.
482 4196 502 4241 1.
522 4193 588 4255 134).
612 4195 665 4242 Nec
689 4195 744 4242 aine
766 4196 857 4244 aculeo
875 4197 986 4245 inditum
1004 4198 1056 4247 tale
1073 4212 1215 4258 cognomen
1233 4202 1272 4249 illi
1289 4202 1348 4249 urbi

63 4276 178 4322 dixerim
203 4287 270 4333 qnae
292 4277 383 4336 postea
405 4277 490 4320 tanus
511 4274 652 4333 impietatis
674 4273 766 4321 datura
784 4278 853 4322 esset
869 4289 966 4335 poenae
990 4275 1076 4338 (Paua.
1091 4279 1147 4325 vn.
1167 4282 1248 4328 2l.d
1273 4282 1349 4337 ιιιὸπσς

62 4354 156 4417 ἄνδρας
173 4356 334 4413 ἀποστήσασιν
351 4357 377 4401 lx
398 4360 439 4400 τσῦ
461 4357 523 4415 lepori
545 4354 583 4400 acl
605 4355 770 4400 ἂπσιιτιίισπιν
793 4357 835 4402 οὐκ
858 4357 966 4416 imilco·
987 4358 1014 4404 td
1030 4362 1119 4418 μήνιμα
1138 4361 1164 4406 la
1182 4361 1348 4420 Πσσιιδῶνοι).

62 4435 114 4484 Rei
132 4435 171 4482 Ol.
191 4436 272 4481 1011
290 4434 373 4481 lactas
391 4446 440 4479 nou
458 4433 554 4480 oblitus
571 4435 627 4480 erat
643 4435 719 4492 poeta
737 4435 837 4480 etiamsi
856 4449 905 4481 non
924 4436 1020 4486 diserte
1038 4442 1171 4485 memorat.

99 4510 183 4575 ²)1v.
205 4515 244 4561 lo.
266 4539 293 4547 -
313 4513 376 4560 Vide
393 4524 472 4571 aupra
491 4524 548 4571 pag.
567 4512 607 4559 ol.

99 4590 122 4655 ³)
140 4595 217 4641 Pana
234 4594 263 4639 V.
283 4595 322 4639 11.
333 4593 356 4639 b.
