3104 5286
700 465 763 525 135

314 657 395 733 χαῖρε
418 650 493 727 ἄναξ
517 656 689 732 Πτολεμαῖε·
713 650 802 714 σέθεν
825 647 853 712 δ’
880 649 937 732 ἐγὼ
959 645 1009 713 ἶσα
1032 649 1083 712 καὶ
1105 649 1203 714 ἄλλων

312 753 463 832 μνάσομιιι
485 750 674 833 ἡμιθέων·
698 751 792 815 δοκέω
817 749 845 813 δ’
870 752 941 826 έιιος
964 752 1021 814 οὐκ
1043 751 1214 833 ἀπόβλητον

314 853 483 934 φθέγξομαι
506 853 684 934 έσσομένοις·
708 852 815 936 ἀρετήν
837 877 870 935 με
889 851 943 933 μέν
967 852 999 915 έιι
1024 856 1097 928 Διὸς
1119 852 1201 929 ἕξεις.

133 961 185 1021 Ita
206 972 334 1033 quoque
358 957 587 1020 callimachus.
615 959 732 1020 Divino
756 958 889 1020 nomine
911 958 989 1020 licet
1012 958 1238 1019 Ptolemaeum
1261 955 1364 1017 semel

86 1060 268 1135 ornaverit,
312 1075 332 1120 a
365 1060 416 1120 dis
450 1075 525 1120 eum
560 1061 721 1121 distinxit.
761 1058 1046 1134 Consanguineum
1086 1060 1187 1135 Iovis,
1223 1057 1365 1133 Apollini

86 1162 299 1223 carissimum
322 1161 501 1237 praedicat,
526 1161 645 1237 impios
669 1162 782 1222 monet
804 1161 845 1220 11.
871 1161 912 1220 27

314 1259 392 1333 ὅστις
415 1258 475 1345 έμῷ
498 1262 618 1340 βασιλῆι
641 1258 692 1321 καὶ
718 1261 875 1322 Ἀπόλλωνι
899 1259 1032 1341 μάχοιτο,

86 1364 146 1425 sed
176 1362 315 1424 ulterius
345 1363 379 1424 in
408 1364 484 1424 vivo
514 1378 590 1438 rege
621 1378 685 1425 non
716 1364 870 1439 procedit.
900 1363 941 1425 Et
971 1363 1047 1425 licet
1075 1363 1248 1439 Arsinoae,
1273 1363 1366 1424 cuius

87 1467 198 1528 cultus
228 1465 335 1540 magis
365 1464 519 1539 vulgatus
550 1464 617 1525 iarn
647 1468 720 1525 tum
750 1466 891 1526 fortasse
921 1465 997 1541 fuit,
1031 1464 1178 1526 debitum
1208 1466 1366 1525 honorem

86 1583 154 1628 non
184 1566 407 1641 denegaverit,
438 1565 616 1626 Berenicen
643 1567 691 1627 ita
713 1566 813 1643 tollit,
838 1568 876 1628 ut
899 1568 957 1628 vix
979 1568 1121 1628 fortasse
1144 1567 1216 1642 ipsa
1238 1565 1365 1641 regina,

85 1668 303 1744 athlophoriis
326 1668 507 1743 ceterisque
526 1668 703 1730 honoribus
727 1669 847 1730 divinis
864 1670 943 1730 dum
963 1668 1047 1730 vivit
1063 1669 1209 1744 dignata,
1234 1667 1365 1728 laudem

86 1771 152 1830 sibi
182 1784 294 1844 parem
326 1771 466 1830 duceret.
497 1770 636 1844 Elegans
666 1771 755 1830 enim
787 1771 973 1831 encomium
1005 1786 1085 1831 sane
1117 1772 1168 1843 est
1195 1769 1279 1843 quod
1303 1768 1364 1843 epi·

86 1872 275 1948 grammate
297 1871 355 1931 LII
378 1871 552 1932 Berenicae
576 1871 687 1932 offert:

312 1967 446 2050 τέσσαρες
470 1970 504 2030 αἱ
525 1970 658 2050 Χάριτες·
682 1969 750 2032 ποτέ
771 1970 828 2054 γὰρ
851 1972 905 2051 μία
928 1977 992 2046 ταῖς
1015 1970 1091 2053 τρισὶ
1114 1972 1217 2051 ιήναις

357 2069 422 2152 ἄρτι
444 2072 653 2151 nocentem,
675 2070 741 2152 ιιῆτι
764 2074 885 2154 μύροισι
907 2079 996 2136 νοιεῖ.

313 2171 424 2234 εὐαίων
448 2171 480 2233 έν
502 2181 594 2233 πᾶσιν
618 2170 754 2253 ἀρίζαλος
777 2174 919 2255 &gavina

361 2267 396 2347 ἇς
419 2272 486 2356 dcco
510 2269 576 2336 οὐδ’
603 2274 691 2336 αὐταὶ
714 2273 762 2336 ret
787 2277 914 2356 Χάριτες
938 2277 1077 2356 Χάριτες,

88 2378 146 2438 sed
181 2377 275 2438 deme
311 2376 389 2438 illud
423 2375 586 2454 ,sdetov”,
618 2378 817 2440 adiectivum
848 2394 948 2455 supra
978 2379 1131 2441 mortalia
1161 2380 1367 2454 aliquatenus

89 2477 284 2555 adsurgens,
309 2479 367 2538 vix
388 2482 493 2541 restat
515 2480 600 2554 quod
625 2495 690 2541 non
714 2482 866 2555 quamvis
889 2482 1061 2542 mulierem
1085 2481 1207 2542 deceat.
