3104 5296
57 483 115 546 111.
142 485 320 547 129-132
681 487 722 550 81

57 673 240 748 postularet
271 675 405 749 protulit
426 676 651 751 spanhemius)
675 693 760 739 nova
781 693 913 752 prorsus
937 681 970 739 et
991 679 1155 754 incognita
1179 681 1286 744 adicit.
1315 673 1336 753 ¹)

99 877 154 938 Vs,
182 879 258 940 129.
305 871 349 951 οἷς
374 877 480 940 δέκεν
504 879 641 960 εὐμειδής
664 879 768 942 τεκαὶ
791 881 874 953 όλαος
897 880 1077 963 αὐγάσσηαι,
1131 918 1133 921 -

309 981 417 1054 κείνοις
442 973 475 1042 εὖ
499 979 552 1060 μέν
576 980 691 1062 όρουρα
715 980 798 1062 φέρει
822 984 940 1062 στάχυν,
963 974 996 1044 εό
1019 980 1052 1043 δὲ
1074 981 1202 1064 γενέθλη

310 1082 506 1162 τετραπόδων,
529 1076 562 1145 εὖ
587 1080 616 1144 δ’
640 1078 721 1158 οἶκος
744 1082 866 1163 ἀέξεται,
889 1080 959 1146 οὐδ’
986 1082 1035 1145 ἐπὶ
1057 1093 1137 1164 σῆμα

310 1183 453 1265 ἔρχονται,
474 1185 553 1264 πλὴν
576 1178 641 1247 εὖτε
663 1186 863 1267 πολυχρόνιόν
885 1210 912 1247 τι
935 1184 1074 1266 φέρωσιν.

310 1283 382 1347 οὐδὲ
405 1287 573 1366 διχοστασίη
596 1287 681 1367 τρώει
704 1286 799 1370 γένος,
821 1287 841 1366 ἦ
864 1309 893 1348 τε
912 1285 963 1365 καὶΙ
985 1278 1019 1348 εὖ
1042 1309 1096 1369 περ

310 1387 412 1460 οἴκους
434 1386 579 1467 ἑστηῶτας
602 1387 726 1450 ἐσίνατο·
750 1388 798 1450 ταὶ
821 1386 853 1449 δὲ
875 1386 1000 1470 θυωρὸν

189 1490 252 1549 135
310 1488 453 1571 εἰνάτερες
476 1489 573 1576 γαλόῳ
596 1512 626 1551 τε
650 1491 721 1568 μίαν
745 1489 812 1571 πέρι
835 1491 928 1570 δίφρα
952 1491 1092 1551 τόθενται.

107 1588 246 1662 Pergere
267 1589 503 1653 Callimachum
524 1595 557 1654 in
576 1595 717 1656 Hesiodo
736 1595 893 1655 imitando
917 1599 976 1666 (vs.
1002 1594 1188 1665 225-237)
1212 1598 1244 1656 et
1268 1597 1340 1672 ipsa

62 1706 117 1750 res
140 1693 249 1765 arguit
273 1696 307 1754 et
329 1695 503 1768 singularis
530 1695 644 1770 prohat
663 1712 743 1757 usus
763 1696 852 1757 verbi
876 1694 1135 1775 αὐγάζεσθαι.
1162 1697 1232 1758 Non
1252 1699 1338 1759 enim

62 1792 200 1854 Homeri
224 1810 356 1857 versum
386 1799 425 1856 Ψ.
446 1797 511 1857 458
532 1796 643 1869 ἵππους
666 1794 832 1876 αὐγάζομαι
854 1798 906 1858 hic
926 1797 1079 1873 illustrat,
1103 1798 1142 1858 de
1166 1800 1259 1860 cuius
1278 1799 1339 1861 loci

62 1894 301 1969 significatione
325 1897 465 1959 dubitari
488 1913 553 1959 non
575 1901 713 1975 poterat,
737 1901 772 1960 at
793 1914 890 1974 prope
910 1900 1035 1960 accedit
1058 1899 1098 1959 ad
1119 1899 1251 1961 Hesiodi
1271 1917 1338 1962 ver·

63 2012 140 2057 sum
179 1997 254 2074 opp.
292 2000 356 2060 477
391 1997 490 2078 πρὸς
521 1997 664 2072 άλλους
696 1999 892 2079 αὐγάσεαι
926 2001 1010 2074 quod
1043 2001 1241 2076 adspiciendi
1272 2003 1340 2063 vim

62 2098 164 2158 habet
189 2092 229 2174 ²);
254 2102 399 2162 ceterum
423 2099 616 2180 εὐμειύης
639 2117 743 2176 neque
774 2101 916 2162 Homero
947 2102 1115 2176 cognitum
1145 2117 1249 2177 neque
1280 2103 1340 2164 He·

62 2199 166 2276 siodo,
206 2203 241 2261 at
278 2201 365 2262 facili
404 2204 532 2276 negotio
563 2206 691 2279 poterat
721 2204 860 2265 formare
896 2204 929 2264 id
963 2204 1160 2265 adiectivum
1197 2206 1237 2266 ad
1272 2221 1340 2266 nor-

65 2316 158 2362 mam
182 2302 336 2364 homerici
360 2304 565 2384 φιλομμειύής.
588 2306 670 2368 Oum
693 2307 795 2368 semel
820 2307 965 2367 adhibuit
986 2305 1216 2383 Callimachus,
1237 2306 1341 2367 libens

64 2406 200 2464 secutus
219 2405 408 2480 Apollonius
428 2407 572 2468 Rhodius
592 2410 663 2469 eius
679 2406 835 2486 „adprecor
854 2429 883 2468 τε
902 2405 952 2467 καλ
972 2407 1075 2478 ἴλαος”
1093 2408 1278 2469 aemulatus
1291 2411 1342 2470 est

63 2505 178 2567 dicens
201 2505 339 2586 εὐμειδής
358 2530 388 2568 τε
407 2507 457 2569 ιιαλ
475 2506 629 2588 dcccclv.
646 2513 718 2572 715.
733 2507 958 2591 -γενέθλη
980 2507 1039 2587 (vs.
1057 2511 1131 2580 130)
1147 2510 1341 2585 abantiquis

64 2609 167 2682 epicis
192 2609 230 2670 de
254 2611 446 2671 animalium
467 2613 639 2685 generibus
661 2627 827 2686 nunquam
852 2612 984 2672 dictum.
1011 2611 1099 2687 Quae
1122 2610 1169 2670 illi
1192 2608 1264 2689 γένη
1290 2627 1337 2672 νο-

64 2712 183 2770 cerunt
207 2727 245 2772 ea
267 2715 301 2773 et
323 2716 434 2774 nostro
454 2713 590 2774 audiunt
610 2711 736 2792 γενέθλη
757 2717 789 2774 et
808 2714 922 2789 poetae
940 2713 1054 2786 hymni
1067 2712 1152 2772 hom.
1166 2712 1283 2772 XXVI.
1300 2715 1340 2772 10

64 2816 184 2890 (θηρῶν
203 2809 346 2873 ὀλέκουσα
364 2810 531 2892 γενέθλην),
551 2816 606 2887 qui
629 2814 825 2876 Callimacho
842 2816 876 2875 ni
891 2814 986 2875 fallor
997 2813 1092 2888 paulo
1104 2815 1155 2874 est
1167 2814 1337 2887 antiquior.

111 2914 298 2987 Sequuntur
328 2915 441 2976 deinde
475 2931 589 2977 versus
616 2917 739 2991 aliquot
762 2932 899 2991 quorum
923 2908 1099 2977 admodum
1122 2913 1250 2976 difficile
1274 2915 1338 2975 ion·

64 3018 118 3074 tes
142 3016 240 3088 atque
262 3016 402 3090 origines
424 3018 593 3094 indagare;
621 3019 654 3079 in
681 3019 798 3093 quibus
818 3032 1019 3092 quamquam
1038 3016 1338 3090 interpretationem

64 3118 267 3178 homericam
290 3133 354 3179 non
377 3123 531 3194 perpetuo
554 3121 704 3196 neglegit,
737 3121 818 3181 alios
838 3121 925 3181 certe
952 3120 985 3179 et
1008 3117 1203 3179 recentiores
1223 3118 1336 3191 poetas

64 3217 128 3278 sibi
148 3218 298 3293 inprimis
313 3223 460 3296 proponit
472 3222 656 3298 imitandos,
678 3225 711 3283 et
731 3224 769 3284 de
781 3238 840 3283 suo
852 3223 921 3297 ipse
934 3221 1069 3282 forsitan
1082 3219 1203 3293 aliquid
1218 3219 1339 3280 adiece-

64 3319 119 3380 rit.
152 3320 213 3381 Diu
245 3323 278 3382 et
308 3337 328 3382 a
359 3323 473 3383 multis
504 3313 665 3384 certatum
697 3327 748 3384 est
779 3324 854 3398 quid
885 3323 1005 3384 vellent
1037 3338 1103 3383 vsa.
1140 3323 1199 3381 131
1221 3337 1278 3397 sq„
1310 3324 1343 3382 et

65 3421 212 3496 plerique
234 3423 427 3485 Schneidero
449 3426 516 3485 iam
537 3425 725 3500 adstipulati
748 3428 826 3486 sunt
852 3426 891 3486 de
914 3426 1046 3486 senibus
1069 3425 1150 3484 haec
1173 3422 1343 3497 accipienti

64 3527 141 3600 post
164 3525 296 3599 longam
320 3526 453 3587 demum
476 3529 623 3588 vitame
646 3528 715 3587 suis
738 3528 778 3588 ad
801 3528 935 3588 bustum
962 3528 1094 3588 delatis:
1126 3523 1343 3602 „ceroptata

66 3649 94 3685 τι
117 3623 253 3702 φέρειν’,
275 3628 322 3687 ita
349 3628 414 3689 lere
444 3629 492 3689 vir
515 3628 638 3704 doctus,
667 3629 847 3704 „significat
869 3633 917 3689 sat
940 3629 1052 3689 maltos
1074 3643 1176 3688 ακιιοι
1190 3627 1342 3711 πρόσιθ’.

66 3728 236 3789 Rectene?
270 3729 396 3790 Dubito.
440 3730 550 3807 Video,
593 3731 757 3791 diversam
797 3732 895 3791 variis
943 3731 1023 3790 locis
1066 3730 1141 3789 huic
1184 3729 1343 3790 adiectivo

67 3846 142 3891 fflse
165 3831 236 3890 vim
267 3844 354 3900 lnam
389 3831 442 3893 IV.
467 3833 531 3892 282
564 3832 837 3910 πολυχρονιώτατον
869 3822 942 3910 αἷμα
970 3833 1081 3905 aperte
1104 3831 1156 3890 cst
1177 3826 1262 3909 γένος
1285 3838 1344 3890 τῶν

66 3936 215 4009 παλαιῶν,
249 3933 287 3994 V.
325 3934 386 3993 128
422 3933 491 4012 βίου
523 3930 614 4012 τέρμα
646 3932 844 4013 πολυχρόνιον
879 3935 1005 3995 adiecto
1038 3931 1243 3993 substantivo
1274 3931 1343 4009 βίου

67 4036 255 4096 accuratius
293 4033 444 4097 definitur
478 4037 704 4113 adiectivum);
739 4037 847 4111 ipsum
885 4037 996 4096 autem
1032 4030 1226 4112 πολυχρόνιος
1262 4033 1345 4094 solet

104 4265 125 4334 ¹)
143 4270 178 4317 Ut
202 4269 228 4315 in
255 4271 309 4315 tota
336 4270 385 4316 hac
410 4270 498 4328 hymni
516 4271 589 4329 parte
613 4269 710 4316 Dianas
728 4268 866 4316 Arcadicos
888 4268 973 4314 cultus
998 4267 1142 4328 exponitur,
1159 4266 1202 4312 hic
1219 4267 1345 4325 cogitasse

66 4349 216 4411 putaverim
243 4351 345 4407 poetam
372 4349 404 4396 de
431 4349 620 4409 Gaphyatcrum
647 4348 718 4394 cultu
745 4348 842 4395 Dianae
859 4348 1032 4408 ὐπαγχομάιης,
1049 4348 1123 4394 cuius
1141 4346 1204 4393 deae
1222 4346 1259 4392 ira
1277 4350 1345 4394 mota

66 4426 223 4502 (Pausanias
248 4427 317 4474 VIII.
337 4429 376 4474 28.
396 4427 422 4479 ‘ll
450 4428 512 4474 olim
529 4428 597 4481 νόσος
615 4428 709 4473 ὐσόπεσι
727 4430 749 4480 lc
766 4428 807 4479 τὰς
823 4436 939 4485 γυναῖκας,
959 4427 988 4472 τό
1006 4429 1029 4472 λι
1046 4432 1073 4484 τῇ
1090 4427 1172 4488 γαστρὶ
1190 4426 1235 4489 πρό
1252 4433 1347 4474 τοκετοῦ

65 4515 189 4556 τεθνεῶτα
215 4509 380 4569 λιιβόλλεσθαι,
407 4507 562 4554 Hannonem
586 4507 663 4553 huius
685 4506 852 4566 ἂπαγχομόκης
874 4506 936 4552 facit
954 4506 1011 4565 ipsc
1035 4504 1207 4552 callimachus
1224 4505 1250 4551 in
1267 4505 1348 4552 Aeliis

81 4589 114 4636 ir.
132 4590 166 4635 3.

66 4591 76 4644 (
101 4590 177 4728 1)0)1.
197 4667 240 4713 Vl.
261 4669 300 4713 14.
319 4667 358 4713 Da
375 4679 458 4726 comp.
476 4668 655 4723 άπαυγάζιοθαι
674 4665 707 4711 ci.
725 4665 792 4712 inira
810 4664 842 4710 ed
860 4664 902 4710 IV.
922 4665 978 4710 129.

1252 4749 1267 4793 6
