3104 5296
49 446 98 506 111
129 447 305 507 142-152
677 450 719 508 85

48 647 114 692 non
139 635 227 695 certo
259 636 399 707 quodam
427 636 560 697 consilio
585 636 772 697 adhibuisse
800 635 929 696 videtur
951 638 1056 711 poete,
1081 635 1170 696 velut
1195 651 1242 696 vs.
1270 637 1330 694 147

49 735 204 795 imitatus
228 743 278 796 est
301 750 337 810 ψ.
364 738 404 796 91

298 828 369 915 ἧστο
392 837 471 898 κάτα
496 835 593 916 δρόων
617 834 827 918 ποτιδέγμενος
851 837 881 898 εἴ
899 861 926 897 τι
949 861 1000 915 μιν
1023 838 1110 916 εἴποι,

48 938 146 998 cuius
171 939 366 1001 imitationis
385 956 518 1002 causam
540 944 667 1016 praeter
691 942 830 1002 formam
849 938 1058 1020 ποτιδέγμενος
1077 955 1141 1001 non
1162 941 1264 1001 video.
1290 975 1329 983 —

49 1043 171 1116 νεῖαι,
204 1056 252 1101 vs,
290 1043 363 1117 148,
399 1044 457 1113 (iba
492 1047 582 1101 νεῖται
614 1045 648 1103 et
678 1040 795 1103 νέονται
830 1043 960 1104 adhibet
993 1042 1220 1114 Callimachus)
1243 1058 1330 1117 prae·
1374 1106 1375 1109 ,

48 1141 156 1201 sentis
191 1143 258 1203 vim
293 1145 416 1205 obtinet
450 1145 534 1218 apud
569 1148 719 1205 nostrum
750 1145 825 1205 licet
857 1159 982 1205 memor
1015 1145 1112 1206 fuerit
1140 1159 1188 1205 vs.
1213 1146 1238 1205 λ.
1266 1145 1329 1204 114

52 1239 131 1318 ,ὄψε
154 1252 252 1315 κακῶς
275 1249 382 1304 νεῖαι.”
409 1245 496 1322 Quae
520 1248 701 1318 sequuntur
723 1243 810 1320 ,θεοὶ
826 1240 856 1305 δ’
871 1242 919 1305 ἐπὶ
942 1245 1049 1317 πάντες
1069 1242 1170 1329 ίκείνφ
1182 1241 1328 1322 ἄλληκτον

48 1342 194 1423 γελόυσι”
226 1361 264 1407 ea
290 1347 433 1422 profecto
457 1334 605 1422 spectant
630 1362 762 1408 versum
786 1347 879 1408 hodie
907 1347 976 1408 iure
1000 1347 1114 1408 multis
1137 1348 1328 1421 suspectum

53 1449 93 1504 Ψ.
118 1446 184 1506 840
218 1445 345 1525 γέλασαν
381 1443 411 1508 δ’
445 1446 493 1508 ἔπι
522 1447 629 1520 πάντες
660 1446 778 1526 Ἀχαιοὶ,
806 1464 904 1522 quem
934 1453 1047 1510 tamen
1077 1448 1246 1523 paululum
1277 1462 1330 1508 ex·

48 1554 145 1608 ornat
168 1549 302 1610 alterius
326 1566 440 1611 versus
460 1552 494 1610 et
514 1550 618 1623 magis
640 1550 708 1610 noti
732 1551 918 1611 recordatus
937 1554 976 1611 A.
991 1551 1054 1611 599
1075 1547 1215 1628 ἄσβεστος
1236 1543 1267 1607 δ’
1290 1544 1329 1626 ἀρ

48 1647 159 1728 ἐνῶρτο
190 1649 289 1732 γέλως,
315 1654 414 1714 simul
435 1652 634 1714 adiectivum
657 1648 798 1731 ἄσβεστος
821 1653 1053 1726 interpretatus
1073 1652 1136 1712 alia
1169 1665 1245 1711 voce
1272 1651 1324 1710 ho·

49 1753 175 1813 marica
198 1751 350 1830 ἀλληκτος.

93 1855 216 1915 Notum
247 1855 339 1916 illum
372 1855 501 1932 χλούνην
536 1862 593 1914 σῦν
627 1851 732 1935 ἀγριον
764 1852 941 1934 ἀργιόδοντα
975 1857 1011 1925 (I.
1037 1855 1111 1925 589)
1137 1853 1326 1939 Callimachi

51 1972 180 2030 quoque
204 1957 419 2018 eruditionem
440 1971 577 2017 vexasse
602 1972 677 2017 cum
700 1960 794 2017 tanta
817 1959 949 2030 tamque
970 1956 1098 2017 diversa
1121 1956 1160 2017 de
1184 1970 1223 2016 ea
1246 1969 1325 2015 voce

51 2061 252 2119 statuissent
269 2059 330 2119 viri
349 2059 434 2119 docti
454 2053 474 2127 ¹)
496 2074 559 2119 nou
581 2062 632 2119 est
647 2058 730 2132 quod
743 2059 882 2119 mireris.
896 2058 1030 2118 Frustra
1042 2073 1118 2119 vero
1131 2058 1219 2119 vocis
1230 2058 1325 2118 inter·

50 2162 267 2235 pretationem
292 2160 332 2220 ab
356 2160 578 2221 eruditissimo
598 2163 693 2235 poeta
713 2164 883 2235 expectem
905 2160 982 2220 iecit
1000 2160 1088 2221 enim
1108 2160 1194 2221 idem
1215 2161 1326 2220 nostro

51 2262 121 2324 loco
134 2263 218 2336 quod
238 2262 430 2336 saepissime
443 2262 589 2323 Philetas
601 2262 882 2336 Lycophronisque
899 2261 1048 2336 exemplo
1055 2261 1181 2321 incitati
1194 2260 1324 2322 commi·

53 2368 167 2426 serunt
196 2365 281 2426 docti
311 2363 358 2423 iili
390 2367 513 2439 poetae,
538 2365 576 2423 ut
598 2364 784 2425 obscuriora
808 2363 905 2424 verba
928 2363 998 2423 sine
1022 2362 1089 2424 ulla
1111 2362 1325 2438 explicatione

53 2466 252 2526 carminibus
279 2465 499 2541 inmiscerent,
521 2480 584 2537 quo
603 2465 773 2539 profanum
797 2464 913 2539 vulgus
936 2467 1093 2540 arcentes,
1114 2464 1324 2526 eruditiorum

53 2582 148 2627 aures
172 2568 361 2628 mulcerent.
396 2567 429 2628 Id
458 2569 587 2627 tantum
618 2566 711 2627 nobis
740 2567 834 2628 hodie
858 2567 1055 2628 constituere
1078 2567 1155 2627 licet
1179 2565 1324 2627 Callima·

55 2670 151 2729 chum
183 2668 223 2728 ab
255 2682 367 2731 eorum
395 2684 501 2728 errore
525 2669 626 2729 fuisse
650 2667 789 2728 liberum
811 2673 866 2742 qui
888 2667 1017 2745 χλούνην
1040 2684 1096 2743 pro
1120 2668 1325 2729 substantivo

55 2773 244 2845 acciperent.

95 2873 237 2933 Verbum
270 2873 470 2934 homericum
495 2869 709 2950 ἀσπαίρειν
732 2871 772 2932 ad
796 2871 1016 2932 imitationem
1041 2871 1127 2932 haud
1150 2872 1325 2933 admodum

54 2974 179 3034 felicem
210 2977 341 3049 poetam
372 2973 511 3034 induxit.
543 2974 626 3034 Nam
652 2972 827 3034 Herculem
850 2972 1034 3035 describens
1057 2976 1094 3034 ut
1117 2973 1171 3034 ille
1194 2973 1324 3051 χλούνην

54 3073 166 3150 κάπρον
189 3070 372 3135 ὀπισθιδίοιο
395 3071 481 3151 φέροι
500 3073 593 3145 ποδὸς
616 3071 813 3151 ἀσπαίροντα,
835 3073 1015 3135 homericos
1036 3090 1150 3135 versus
1161 3074 1325 3135 illustrare

56 3189 128 3235 eum
151 3191 215 3237 non
238 3175 372 3236 dubium
394 3177 446 3236 est
467 3197 490 3234 τ.
515 3175 578 3234 228

297 3273 329 3336 ἐν
351 3273 518 3355 προτέροισι
540 3275 663 3337 πόδεσσι
686 3274 769 3336 κάων
793 3273 838 3354 ἔχε
861 3273 995 3336 ποικίλον
1018 3272 1102 3336 ἕλλδν

298 3375 480 3456 ἀσπαίροντα
503 3377 591 3438 λάων·
615 3376 647 3437 τὸ
671 3373 704 3437 δὲ
727 3376 937 3455 θαυμάζεσκον
962 3374 1099 3455 ἀπαντες,

297 3475 336 3550 ὡς
359 3483 488 3557 χρυσεῖοι
511 3476 607 3551 ἐόντες
629 3475 645 3538 δ
669 3475 724 3557 μὲν
746 3477 798 3538 λάε
820 3477 928 3557 νεβρὸν
956 3475 1107 3558 ἀπάγχων,

295 3578 389 3658 αάτάρ
413 3577 429 3640 ὁ
455 3577 610 3660 ἐκφυγέειν
633 3578 752 3659 μεμαὼς
771 3577 897 3658 ἤσπαιρε
919 3578 1070 3643 πόδεσσιν.

56 3681 96 3740 At
130 3681 162 3741 in
194 3682 362 3742 imitandis
395 3682 568 3743 homericis
594 3682 690 3743 licere
714 3683 776 3742 sibi
799 3681 1019 3742 arbitrabatur
1041 3682 1081 3742 ad
1103 3697 1252 3743 normam
1277 3691 1328 3741 τοῦ

58 3781 166 3856 ,ποδὸς
197 3782 345 3862 τεταγών”
375 3788 408 3844 et
437 3786 552 3845 talium
577 3785 755 3845 dictionum
779 3785 884 3845 dicere
908 3781 1048 3861 φέρειν
1071 3781 1193 3856 ποδὸς
1216 3787 1250 3844 et
1277 3786 1327 3845 ad·

56 3885 155 3945 hibuit
186 3900 301 3946 vocem
331 3881 581 3959 ὀπισθίδιος,
612 3902 695 3959 quae
727 3901 790 3946 vox
818 3885 858 3946 ad
888 3886 1074 3959 exemplum
1099 3900 1210 3946 eorum
1239 3900 1327 3946 voca·

56 3986 200 4046 bulorum
233 3987 372 4047 formata
405 3988 513 4062 qualia
543 3991 621 4048 sunt
650 3987 830 4063 κρυπτάδιος
861 3987 1061 4065 μινυνθάδιος
1093 3986 1255 4065 αἰφνίδιος,
1288 3989 1328 4049 ab

56 4089 225 4149 homericis
249 4104 351 4162 aeque
375 4094 426 4150 est
449 4090 555 4150 aliena
577 4106 615 4152 ac
642 4088 789 4168 πρόσθιος
813 4092 846 4150 et
869 4086 1018 4161 ὀπίσθιος.

99 4190 227 4250 Maioris
248 4193 408 4251 momenti
428 4192 556 4252 videtur
575 4206 757 4252 memorare
771 4207 854 4265 quae
867 4193 927 4252 hoc
939 4192 1009 4252 loco
1021 4192 1060 4252 de
1072 4191 1210 4253 Hercule
1222 4193 1327 4252 dicun·

56 4294 115 4351 tur.
152 4290 239 4368 Quae
273 4307 473 4366 quamquam
504 4309 545 4353 ex
575 4296 666 4368 parte
700 4294 820 4354 saltem
856 4294 897 4354 ad
930 4292 1163 4367 mythologiam
1199 4294 1328 4368 propius

56 4393 216 4466 pertinent
239 4409 340 4467 quam
364 4395 404 4455 ad
423 4395 683 4473 grammaticam,
705 4395 801 4456 verbo
823 4397 934 4455 tamen
954 4395 1114 4470 attingere
1126 4395 1232 4472 liceat,
1253 4396 1329 4471 quia

88 4624 107 4692 ¹)
127 4630 308 4693 antiquiorum
326 4628 460 4692 opiniones
478 4630 596 4694 exposuit
613 4629 708 4681 danais.
726 4628 770 4680 Ar.
790 4629 848 4691 Byz.
867 4645 893 4690 p,
913 4632 967 4681 120.
