3104 5286
672 494 733 562 129

56 684 151 760 putet
183 704 318 751 necesse
347 693 399 751 est
430 692 611 766 quicunque
642 693 681 752 de
711 693 792 768 ipsis
822 695 919 755 terris
942 695 975 754 in
999 687 1084 755 mari
1106 689 1181 755 sitis
1205 689 1334 770 cogitet.

58 791 174 864 ltaque
206 806 271 851 non
301 793 465 867 nymphas
495 796 607 852 narrat
636 794 670 853 in
700 793 882 855 insularum
912 794 1053 855 formam
1082 797 1243 869 mutatas,
1267 797 1336 872 ipse

59 894 234 968 Neptunus
258 892 322 963 (lV.
347 895 400 964 30)

487 993 577 1074 μέγας
600 992 672 1067 θεὸς
695 992 786 1075 οὔρεα
805 995 918 1056 θείνων

286 1092 354 1174 ἄορι
376 1094 554 1175 τριγλώχινι,
575 1095 608 1155 τό
632 1094 664 1156 σί
686 1099 819 1175 Τελχῖνες
839 1095 975 1175 ἔτευξαν,

286 1197 399 1275 νήσους
421 1196 552 1269 εἰναλίας
575 1195 735 1278 εἰργάζετο,
757 1194 848 1279 νέρθε
873 1195 905 1259 dl
928 1198 1026 1272 πάσας

287 1296 318 1358 ἐκ
340 1298 454 1359 νεάταν
477 1296 599 1378 θχλισσε
621 1296 672 1358 καλ
695 1296 854 1359 εἰσεκύλισα
877 1298 1025 1384 θαλάσσῃ.

59 1400 112 1459 Ita
146 1400 237 1459 enirn
278 1416 387 1461 rerum
429 1403 582 1461 naturam
617 1417 779 1476 exponere
813 1388 964 1476 placebat
995 1403 1036 1462 iis
1074 1405 1128 1478 qni
1168 1406 1337 1479 antiquam

59 1501 376 1576 mythographorum
399 1503 645 1578 simplicitatem
669 1503 794 1564 erudite
817 1504 939 1564 imitati
963 1519 1010 1580 ea,
1032 1520 1115 1578 quae
1127 1506 1336 1580 physicorum

58 1603 201 1663 scientia
234 1604 474 1680 exploraverat,
506 1604 635 1665 fabulae
665 1607 757 1665 veste
789 1604 902 1666 induta
933 1606 1118 1681 praedicare
1152 1609 1337 1670 studebant.

60 1706 152 1782 Quod
195 1707 294 1780 igitur
326 1706 452 1781 physici
486 1706 677 1782 docuerant,
709 1704 814 1766 totam
849 1722 967 1783 nempe
1001 1693 1183 1769 insularum
1218 1712 1338 1770 seriem

59 1825 144 1883 quae
164 1809 335 1869 Graeciam
358 1809 443 1868 inter
465 1809 643 1881 Asiamque
667 1810 774 1869 iacent
797 1809 837 1871 ad
864 1804 1087 1871 continentem
1109 1816 1232 1873 terram
1257 1815 1336 1874 ollm

57 1911 272 1986 pertinuisse,
308 1910 340 1970 id
374 1926 499 1984 quoque
531 1910 571 1970 ad
594 1910 672 1970 deos
695 1911 901 1971 referendum
924 1900 1032 1986 mythi
1055 1914 1162 1974 forma
1186 1914 1334 1976 Callima·

59 2012 144 2072 chus
167 2012 221 2071 hic
243 2008 372 2072 monuit
394 2003 425 2081 ¹).

105 2113 412 2188 verumenimvero,
449 2112 506 2172 vix
544 2113 577 2172 in
607 2113 728 2174 talibus
758 2114 1060 2189 mythologumenls
1087 2119 1238 2178 accurate
1264 2119 1336 2179 lice·

58 2217 109 2276 bit
144 2214 343 2275 constituere
378 2213 454 2288 quid
488 2215 585 2288 poeta
619 2216 790 2287 tamquam
824 2213 938 2275 lictum
973 2217 1076 2292 accipi
1110 2233 1130 2278 a
1163 2218 1339 2280 lectoribus

60 2316 217 2391 voluerit,
243 2315 318 2388 quid
342 2330 398 2389 pro
423 2317 510 2374 certo
534 2316 568 2375 et
590 2315 759 2389 explorato
780 2315 901 2375 haberi.
932 2316 980 2376 Ne
1003 2319 1185 2392 antiquitus
1209 2322 1338 2393 quidem

60 2415 210 2492 termini,
243 2415 359 2489 quibus
387 2432 407 2476 a
429 2431 507 2476 vera
530 2416 734 2490 mythologie
757 2416 950 2479 discernitur
973 2419 1129 2498 allegoria
1151 2436 1190 2481 ac
1212 2423 1339 2497 poetica

60 2517 224 2591 inventio,
259 2515 317 2576 fixi
348 2518 481 2578 fuerunt
502 2518 536 2576 et
562 2517 762 2592 immobiles,
791 2519 824 2577 et
847 2518 952 2578 multo
982 2521 1089 2594 magis
1112 2522 1237 2583 incerta
1259 2524 1340 2584 haec

61 2621 175 2681 omnia
198 2620 286 2679 iacta
308 2633 381 2679 esse
404 2633 538 2679 necesse
561 2621 613 2678 est
635 2618 930 2680 Alexandrinorum
955 2616 1072 2682 aetate.

1 2993 3 3049 ρ
105 2981 168 3042 Sed
188 2981 328 3042 certiora
345 2980 513 3055 comperta
531 2978 690 3039 habemus
707 2980 746 3039 de
758 2979 861 3040 altera
872 2994 907 3040 re
920 2995 1002 3053 quae
1014 2980 1095 3055 ipsis
1107 2981 1173 3042 illis
1184 2983 1334 3058 tempori·

59 3086 122 3144 bus
145 3098 304 3144 exornare
328 3083 433 3157 coepit
451 3081 704 3156 mythologiam,
725 3083 823 3155 atque
842 3082 987 3156 ipsorum
1008 3082 1142 3143 deorum
1161 3099 1336 3144 numerum
1442 3133 1444 3137 .

60 3199 260 3260 magnopere
282 3184 391 3244 auxit:
416 3182 541 3242 cultum
568 3182 638 3242 dico
662 3182 798 3256 Regum.
822 3182 869 3242 De
891 3184 1001 3243 divino
1025 3197 1140 3257 regum
1163 3186 1335 3260 Aegyptio·

58 3303 136 3347 rum
160 3286 250 3346 cultu
273 3285 349 3359 quid
372 3283 471 3358 igitur
494 3283 622 3343 censuit
644 3282 889 3344 Callimachus?

1 3368 2 3372 ¹
106 3387 265 3462 Quamvis
306 3384 449 3458 antiquis
496 3385 637 3445 Graecae
679 3385 846 3460 religionis
879 3387 995 3447 formis
1030 3387 1177 3463 impense
1210 3390 1336 3451 faveret

1 3487 2 3492 ’
59 3489 282 3551 Callimachus
323 3503 387 3547 non
429 3487 560 3546 tantum
602 3502 622 3546 a
663 3488 715 3548 sui
756 3489 914 3563 temporis
948 3488 1094 3549 moribus
1127 3491 1334 3568 abhorrebat,

1 3600 2 3608 ’
59 3595 97 3651 ut
120 3590 263 3665 Aegypti
292 3603 385 3663 reges
415 3587 536 3647 honore
560 3587 670 3647 divino
693 3586 822 3648 afficere
846 3588 1018 3650 dubitaret.
1042 3590 1153 3665 Neque
1177 3595 1335 3667 estquod

1 3747 2 3750 ,
60 3693 139 3753 illud
163 3692 332 3766 miremur,
354 3690 509 3764 quoniam
533 3705 609 3748 cum
632 3689 829 3750 Graecorum
852 3691 972 3751 yitaac
995 3692 1150 3766 religione
1173 3694 1240 3755 iarn
1263 3699 1335 3755 turn

60 3794 156 3869 plane
176 3793 341 3854 coaluerat
360 3793 425 3851 ista
446 3792 624 3867 institutio,
649 3808 754 3866 neque
777 3793 816 3853 ab
841 3793 913 3868 ipsa
936 3793 1132 3854 Graecorum
1157 3796 1334 3875 theologia,

60 3896 138 3956 licet
160 3909 233 3956 sero
256 3895 436 3969 irrepserit,
461 3893 568 3953 aliena
591 3894 771 3955 videbatur.
795 3894 866 3954 Iam
890 3895 944 3954 diu
968 3894 1030 3955 iuit
1053 3910 1094 3955 ex
1117 3912 1180 3970 quo
1204 3898 1335 3974 heroas,

63 3997 206 4071 primum
237 3995 485 4069 antiquissimos
514 3994 588 4055 illos
618 3996 650 4057 in
683 3995 764 4069 ipsis
795 3994 948 4056 Graeciae
978 3996 1146 4072 principiis
1170 4000 1225 4072 qui
1247 4000 1335 4061 vixe-

64 4100 149 4174 rant,
179 4097 290 4157 divino
320 4097 496 4157 affecerant
520 4097 655 4170 honore;
680 4113 759 4157 mox
782 4097 887 4157 secuti
911 4100 1005 4157 erant
1027 4096 1152 4157 οἰκισταὶ
1176 4103 1336 4177 ceterique

65 4199 234 4259 civitatum
246 4196 479 4257 benefactores.
501 4197 667 4257 Miltiaden
679 4197 901 4271 Brasidanque
913 4198 1178 4273 septentrionalis
1191 4201 1335 4278 Graecia,

65 4300 221 4373 tyrannos
251 4313 329 4359 suos
362 4298 471 4358 Sicilia
501 4298 621 4358 divinis
653 4298 830 4358 honoribus
862 4298 970 4358 coluit.
1002 4299 1086 4360 Tum
1110 4301 1245 4362 Graecia
1267 4304 1338 4378 ipsa

66 4398 131 4472 τοὺς
158 4397 457 4479 Μαραθωνομάχους
488 4414 607 4473 eosque
631 4399 685 4473 qui
709 4399 852 4459 Plataeis
875 4399 1059 4461 ceciderant
1080 4417 1182 4476 aequo
1205 4404 1338 4479 dignata

9 4577 10 4582 r
70 4571 286 4586 b-——n——n

97 4678 210 4816 ¹)Hl)lod.
229 4683 257 4730 V.
277 4683 316 4731 1'1.
335 4681 373 4730 Oi.
390 4682 497 4743 Berger,
513 4680 554 4729 die
566 4696 648 4745 yeoyr.
666 4681 760 4746 ᾖσμεν.
778 4683 819 4730 dee
835 4680 1024 4748 Eratosthenes,
1037 4701 1066 4747 p.
1083 4686 1115 4733 60
1131 4699 1165 4747 sq.
1245 4773 1260 4816 ⁹
