3104 5286
793 441 854 499 116

230 627 399 689 Titanibus
430 627 567 700 denique
594 627 741 701 adiungit
770 629 939 689 Briareum
967 630 1037 689 sive
1069 629 1254 704 Aegaeona,
1281 630 1337 702 qui
1363 644 1464 703 quon·

186 731 262 791 darn
297 729 367 790 Iovi
398 730 511 789 eontra
538 728 620 788 alios
654 729 731 789 deos
762 729 849 789 κύδεϊ
876 730 969 807 γαίων
1000 731 1116 806 adfuit,
1141 746 1239 805 quem
1263 746 1341 790 vero
1373 747 1464 792 nuno

183 834 314 908 propter
341 831 480 890 audaces
508 832 621 889 eontra
644 831 781 890 eundem
804 831 917 891 Iovem
937 834 1072 893 conatus
1096 834 1167 893 tota
1189 833 1310 906 premit
1335 833 1462 908 Sicilia,

186 949 265 993 nam
300 932 364 1003 (IV.
392 932 479 1001 ren:

660 1031 805 1093 Αἰτναίου
829 1030 912 1112 ὄρεος
935 1031 1007 1113 πυρί
1030 1030 1213 1111 τυφομένοιο

407 1132 536 1193 σείονται
560 1129 639 1211 μαχόι
660 1132 758 1192 πάντα
781 1132 972 1194 κατουδαίοιο
995 1133 1133 1214 γίγαντος

407 1234 449 1307 είς
471 1231 573 1313 ἑτέρην
596 1236 744 1314 Βριαρῆος
767 1231 901 1311 ἐπωμίδα
923 1232 1104 1312 κινυμένοιο.
1127 1229 1148 1307 ¹)

225 1338 347 1398 Verum
371 1337 507 1396 ulterius
538 1336 618 1395 haee
649 1351 705 1409 per
729 1351 844 1396 omnes
868 1336 1059 1397 Callimachi
1079 1337 1233 1410 reliquias
1258 1337 1463 1413 investigare

182 1455 263 1514 opus
286 1454 351 1499 non
374 1440 433 1497 est.
458 1437 597 1511 Mystiea
616 1437 804 1511 refugienda
822 1440 938 1512 poetae
959 1439 1077 1512 videri,
1100 1437 1342 1513 philosophicas
1362 1440 1462 1499 inter-

183 1541 382 1616 pretationes
412 1538 605 1613 reiciendae,
637 1538 893 1611 syneretismum
917 1540 1129 1599 vehementer
1155 1538 1408 1613 improbandum
1433 1541 1462 1600 si

185 1643 301 1702 horum
331 1639 556 1714 exemplorum
588 1638 710 1699 auxilio
735 1639 844 1712 aliqua
867 1640 1018 1700 veritatis
1041 1639 1149 1714 speeie
1172 1640 1366 1717 probavere,
1392 1642 1462 1701 iam

183 1741 334 1803 sufficiat.
352 1741 414 1801 Sed
426 1741 534 1800 effecit
545 1741 617 1814 ipsa
632 1740 814 1814 theologiae
826 1740 1064 1802 Callimaoheae
1076 1741 1230 1817 conditio,
1244 1743 1364 1818 quippe
1376 1759 1462 1817 quae

183 1843 290 1918 magis
312 1843 346 1902 in
371 1841 583 1917 oppugnando
603 1856 688 1901 nova
707 1857 805 1915 quam
825 1843 859 1901 in
879 1843 1026 1916 ponendo
1046 1846 1080 1903 et
1095 1845 1309 1919 praedicando
1329 1848 1464 1922 propria

183 1947 303 2022 placita
340 1945 499 2017 versetur,
542 1945 579 2001 ut
618 1943 785 2017 hueusque
823 1958 979 2018 magnam
1007 1947 1134 2019 partem
1170 1946 1348 2021 disputatio
1384 1963 1464 2008 mea

183 2048 340 2122 occupata
359 2046 403 2104 sit
426 2045 458 2103 in
482 2043 682 2119 proferendis
705 2044 770 2103 illis
794 2059 876 2118 quae
901 2045 1120 2107 Callimachus
1139 2048 1249 2107 minus
1268 2047 1463 2123 probavisse

183 2149 342 2209 videatur.
374 2146 490 2206 Restat
519 2144 639 2204 laboris
668 2160 745 2218 pars
772 2144 966 2206 difficillima
988 2149 1022 2207 et
1052 2149 1191 2208 fortasse
1221 2149 1462 2226 incertissima,

185 2267 248 2325 qua
280 2250 504 2322 —quantum
535 2245 645 2307 lieebit
671 2247 986 2324 -investigemus,
1017 2250 1147 2323 qualem
1177 2251 1243 2310 fere
1266 2250 1463 2325 religionem

186 2351 406 2426 accipiendam
430 2351 463 2410 et
487 2346 611 2408 civibus
635 2348 928 2408 commendandam
952 2350 1152 2410 iudicaverit.

187 2528 407 2536 ..-————--

220 2642 237 2706 ¹)
255 2645 393 2694 &niueam
416 2645 515 2692 Briarei
537 2643 680 2704 Aegaeonis
703 2645 834 2705 'typhonis
856 2645 970 2693 rabulam
993 2645 1035 2692 hio
1058 2647 1152 2706 exponi
1172 2660 1223 2694 non
1239 2649 1341 2696 attinet.
1357 2651 1462 2712 Operae

184 2729 270 2773 autem
293 2726 406 2786 pretinm
430 2727 471 2771 eat
492 2736 609 2780 monere,
634 2722 820 2771 Oallimaohum
843 2724 1020 2784 aliquatenus,
1042 2724 1146 2771 Briareo
1167 2738 1225 2772 oum
1243 2726 1381 2776 Titanibus
1399 2744 1461 2779 een·

184 2807 284 2863 innoto,
304 2805 465 2865 oonapiraaae
488 2802 568 2849 videri
588 2815 647 2849 oum
669 2803 807 2863 Zenodoto,
829 2805 874 2864 qui
891 2807 950 2864 poet
971 2803 1045 2851 Iliad.
1069 2804 1090 2851 A
1115 2807 1164 2851 tol
1187 2806 1251 2853 haee
1274 2807 1329 2855 iere
1345 2809 1463 2858 habebat

186 2887 261 2941 „nolu
282 2885 394 2948 φέρτατος
411 2879 449 2943 »lev
465 2892 511 2930 τῶν
528 2884 611 2929 ὀπόσοι
628 2882 715 2929 valovd
737 2883 783 2928 ὑπὸ
803 2886 925 2947 Τάρταρον
941 2881 1079 2948 ιύρώιιτα.”
1097 2884 1130 2931 At
1147 2885 1168 2931 ei
1187 2885 1255 2945 apud
1273 2891 1393 2935 nostrum
1411 2891 1461 2938 nub

183 2965 269 3012 sieilia
294 2964 429 3011 devinotue
454 2965 585 3009 aeternam
607 2961 684 3008 eolvit
706 2974 828 3022 poenam,
850 2975 899 3009 non
922 2962 1006 3009 eolum
1030 2966 1119 3010 eontra
1136 2963 1249 3011 Uranum
1266 2965 1462 3029 Saturnumque

184 3043 230 3090 aed
253 3046 341 3090 eontra
362 3042 450 3089 Iovem
474 3053 576 3100 quoqne
601 3041 748 3100 peeoaviaee
775 3043 888 3100 putatur.
915 3041 1037 3100 Sequitur
1060 3042 1140 3100 igitur
1164 3043 1190 3088 in
1216 3043 1264 3090 hae
1291 3057 1318 3091 re
1338 3045 1461 3095 Oallima·

184 3122 248 3169 ohne
269 3122 347 3168 aliam
370 3121 550 3167 auotoritatem
568 3133 646 3180 quam
663 3120 818 3179 Homerum,
835 3123 880 3166 ant
896 3120 1037 3167 Hesiodum
1054 3119 1151 3183 (Pheop.
1167 3123 1241 3182 oit);
1264 3136 1349 3183 neque
1371 3129 1461 3175 tamen

184 3203 321 3248 recentem.
347 3199 470 3246 Eumelua
492 3200 574 3260 enim,
599 3200 644 3258 qui
666 3212 696 3245 ex
720 3200 801 3246 Ponto
823 3199 944 3258 Geeaque
963 3202 1051 3247 natum
1069 3201 1204 3257 Aegaeona
1221 3202 1316 3259 voluit,
1335 3203 1462 3253 docuerat

184 3293 245 3327 eum
262 3292 320 3326 oum
339 3278 473 3324 Titanibus
489 3278 605 3324 iunotum
624 3291 753 3337 pugnaaae
772 3280 860 3324 eontra
877 3279 965 3324 Iovem
985 3279 1081 3341 (schol.
1098 3281 1124 3326 in
1138 3280 1222 3340 Apoll.
1237 3282 1318 3329 Rbod.
1334 3283 1355 3331 1.
1370 3287 1460 3347 1165),

183 3363 210 3406 et
228 3357 395 3404 Antimachus
412 3370 514 3416 quoque
532 3358 557 3402 in
574 3357 650 3404 tertio
667 3356 807 3403 Thebaidis
824 3370 896 3403 arma
913 3360 1002 3404 eontra
1017 3359 1104 3406 Iovem
1119 3359 1196 3407 abeo
1211 3355 1355 3420 oaptaeeee
1365 3366 1462 3413 oeoinit

183 3438 225 3497 (el.
244 3436 338 3495 Vergil.
355 3434 415 3482 Aea.
425 3435 455 3482 X.
465 3437 513 3483 bot
531 3439 558 3482 et
573 3435 672 3482 aeholia
692 3435 724 3481 ad
743 3448 802 3482 enm
823 3432 928 3499 looum).
946 3436 1016 3483 Alibi
1033 3437 1080 3484 aed
1097 3441 1203 3498 propter
1219 3440 1303 3487 simile
1321 3447 1460 3502 peooatum

182 3516 232 3563 aub
250 3520 318 3564 terra
334 3515 448 3576 punitum
465 3528 525 3562 eum
542 3518 629 3562 narrat
646 3515 798 3575 Apollonide
815 3515 836 3562 L
858 3516 931 3562 1165.
