3104 5296
831 455 891 514 102
1238 452 1296 511 III.
1322 450 1491 510 aaa-230

224 641 312 702 omni
347 639 552 715 mysticismo
595 656 724 716 semper
766 641 920 718 alienum,
954 657 1016 703 non
1052 640 1219 702 dubitasse
1254 639 1332 713 quin
1365 639 1432 699 dua
1463 639 1490 698 et

225 758 323 803 cemes
348 742 503 802 itinerum
527 757 565 802 eo
589 743 719 803 nomine
746 743 951 805 indicaretur.

266 920 419 981 Eiusdem
444 921 523 981 deae
548 936 588 981 ex
613 922 933 996 hymnographorum
958 920 1191 983 cousuetudine
1216 919 1365 981 cumulat
1387 932 1486 991 cogno·

221 1023 311 1083 mina
334 1023 367 1082 iu
391 1022 621 1095 sequentibus:

263 1123 318 1184 Vs.
343 1123 417 1184 228.
465 1120 591 1201 Χησιὰς,
609 1116 764 1201 Ἰμβρασίη
790 1122 994 1204 πρωτόθρονε,
1016 1121 1064 1184 σοὶ
1086 1118 1115 1184 δ’
1143 1120 1331 1203 Ἀγαμέμνων

467 1223 615 1302 πηδάλιον
639 1222 712 1302 νηὸς
735 1223 877 1303 σφετέρης
900 1222 1059 1304 ἐγκάτθετο
1084 1234 1158 1308 νηῷ,

346 1327 411 1386 230
469 1326 582 1404 μείλιον
605 1323 740 1404 ἀπλοΐης,
762 1324 809 1387 ὅτε
833 1325 865 1387 οδ
884 1323 1047 1404 κατέδησας
1070 1323 1173 1404 ἀήτας,

470 1430 608 1507 Τευκρῶν
631 1425 720 1505 ἡνίκα
744 1436 813 1506 νηες
838 1427 977 1507 Ἀχαιίδες
1001 1424 1089 1487 ἄστεα
1113 1426 1216 1505 κήδειν

1546 1077 1548 1167 i

468 1526 572 1589 ἔπλεον
595 1523 666 1607 ἄμφ’
687 1523 794 1613 Ἑλένη
813 1523 1004 1607 Ῥαμνονσίδι
1022 1533 1222 1607 θυμωθεῖσαι.

270 1629 380 1705 Multa,
412 1631 529 1704 quibus
551 1631 684 1705 mythos
706 1631 895 1705 cultumque
918 1631 1038 1692 Dianae
1062 1630 1251 1692 doctissime
1274 1629 1326 1688 his
1351 1628 1492 1689 versibus

225 1733 344 1791 tractat
376 1732 428 1791 vel
460 1732 557 1793 verbo
588 1734 703 1808 tangit,
735 1749 820 1794 nunc
851 1734 981 1795 silentio
1004 1736 1083 1794 sunt
1104 1732 1348 1808 praetereunda.
1372 1732 1409 1792 ld
1432 1733 1493 1791 tan-

225 1835 297 1892 tum
329 1833 447 1894 notabo
481 1849 544 1895 non
575 1835 756 1902 inconsulte
789 1835 1025 1896 callimachum
1056 1832 1346 1912 πρωτόθρονον
1378 1833 1495 1893 dixisse

226 1934 371 1994 Samiam
394 1934 499 1996 deam.
524 1936 608 1997 Nam
631 1938 664 1997 in
688 1939 811 2012 templo
834 1938 1030 2012 Ephesiacae
1053 1937 1185 2012 Dianae,
1213 1936 1253 1996 ad
1274 1934 1367 1995 cuius
1387 1935 1496 1995 laudes

226 2035 260 2095 hi
291 2051 404 2095 versus
435 2039 605 2112 tamquam
636 2039 759 2099 exordii
789 2039 859 2100 loco
893 2040 980 2113 sunt,
1013 2053 1070 2098 ara
1100 2037 1247 2098 dedicata
1278 2037 1350 2097 erat
1381 2035 1497 2097 Rhoeci

227 2137 327 2197 Samii
351 2140 420 2199 arte
443 2139 596 2216 perfecta,
621 2141 713 2201 cuius
733 2156 808 2201 arae
829 2142 899 2201 erat
918 2140 1036 2200 titulus
1059 2135 1241 2215 ,Ἀρτέμιδος
1260 2134 1496 2215 πρωτοθρόνον”

227 2238 333 2308 (Paus.
354 2239 394 2299 X.
420 2240 471 2301 38.
497 2245 538 2311 6).
555 2241 701 2302 -Haud
730 2243 839 2302 minus
857 2241 981 2302 erudite
1006 2256 1053 2301 vs.
1080 2241 1143 2300 232
1168 2239 1312 2299 Helenen
1336 2237 1497 2299 Rhamnu-

226 2340 308 2400 sium
336 2356 526 2417 nuncupans
559 2345 726 2418 antiquam
758 2346 829 2405 eius
860 2343 1083 2419 genealogiam
1114 2342 1289 2403 lectoribus
1311 2342 1446 2402 revocat
1467 2340 1499 2400 in

229 2443 420 2503 memoriam
445 2442 550 2521 (cypr.
575 2445 691 2519 fragm.
717 2447 769 2522 24,
795 2448 826 2517 6)

402 2545 475 2623 ,τήν
498 2568 568 2607 ποτε
591 2546 765 2623 καλλίκομος
793 2543 918 2623 Νέμεσις
940 2543 1002 2606 τέκε
1026 2550 1134 2621 θαῦμα
1158 2545 1319 2624 βροτοῖσι”.
1346 2539 1367 2614 ¹)

273 2645 395 2706 Versus
430 2649 494 2710 229
534 2650 566 2709 ni
612 2648 706 2709 fallor
748 2649 941 2709 documento
985 2650 1045 2725 est,
1089 2649 1181 2724 plura
1222 2660 1320 2721 quam
1363 2660 1499 2719 quorum

229 2748 345 2807 notitia
368 2749 408 2809 ad
432 2765 492 2810 uos
516 2751 698 2825 pervenerit
721 2750 849 2810 Troiani
871 2750 947 2811 belli
968 2766 1061 2811 sacra
1080 2757 1293 2810 monumenta
1313 2746 1500 2808 Callimachi

229 2851 338 2911 aetate
362 2851 450 2911 culta
469 2852 581 2928 inisse,
607 2852 716 2926 qualia
738 2855 901 2913 memorat
921 2854 1100 2914 Pausanias
1120 2852 1187 2923 (IX.
1203 2852 1253 2911 19.
1269 2852 1299 2921 7)
1323 2847 1503 2926 „alacriora

227 2941 263 3028 ἧς
277 2947 409 3029 Ὅμηρος
441 2948 473 3010 ἐν
501 2947 605 3013 Ἰλιάδι
629 2956 673 3023 (Β.
698 2955 773 3024 305)
805 2950 963 3031 ἐποιήσατο
986 2952 1118 3031 μνήμην,
1139 2950 1171 3012 τὸ
1195 2949 1235 3011 ἔτι
1258 2958 1312 3011 τοῦ
1337 2950 1431 3023 ξύλον
1453 2971 1501 3009 πε-

228 3051 294 3132 ριὸν
317 3052 522 3128 φυλάσσουσιν
545 3052 578 3114 ἐν
601 3065 640 3139 τῷ
664 3065 726 3138 ναῷ
755 3057 798 3127 (in
820 3057 898 3117 aede
918 3056 1039 3116 Dianae
1062 3055 1258 3125 Aulidensis)
1288 3051 1504 3112 ...δείκνυται

229 3151 261 3215 δὲ
291 3153 341 3215 καλ
370 3151 390 3234 ἡ
420 3154 501 3236 πηγὴ
533 3149 599 3233 παρ’
633 3152 672 3233 ἣν
703 3151 722 3232 ἡ
754 3155 902 3228 πλάτανος
935 3154 1085 3235 ἐπεφύκει,
1111 3152 1161 3215 καλ
1185 3152 1352 3229 tutilaque
1376 3153 1502 3231 πλησίον

228 3265 279 3334 τῆς
311 3255 525 3337 Ἀγαμέμνονος
557 3265 668 3335 σκηνῆς
702 3255 792 3330 οὐδὸς
815 3261 957 3338 χνλκοῦ”,
982 3258 1175 3333 quibuscum
1199 3255 1346 3329 componi
1368 3257 1503 3329 possunt

229 3359 383 3431 reliquiae
406 3360 476 3420 eius
498 3360 592 3421 navis
615 3374 714 3433 quarn
738 3361 816 3420 olim
842 3362 977 3422 voverat
995 3361 1141 3421 Theseus
1160 3358 1200 3419 ad
1220 3357 1377 3418 Demetrii
1402 3371 1504 3429 usque

228 3463 376 3533 tempora
398 3464 547 3521 servatae
573 3461 623 3532 (ci.
647 3460 723 3522 Gall.
739 3462 792 3522 IV.
807 3465 893 3532 315).
909 3456 930 3532 ²)
951 3462 1053 3523 Vocat
1074 3464 1186 3522 autem
1205 3461 1238 3520 id
1249 3459 1506 3534 gubernaculum

230 3561 448 3622 callimachus
482 3561 659 3638 ,μείλιον
691 3559 882 3639 ἀπλολης”
918 3578 1117 3636 quamquam
1148 3577 1185 3622 eo
1216 3576 1315 3621 seusu
1339 3575 1445 3633 usque
1468 3560 1508 3620 ab

229 3664 371 3724 Homero
402 3668 437 3734 (κ.
461 3665 535 3734 217)
576 3664 681 3725 dicere
719 3665 867 3725 solebant
897 3667 1011 3739 poetae
1044 3663 1189 3742 μείλιγμα,
1221 3661 1404 3740 μειλίγματα.
1442 3661 1511 3738 Quo

231 3765 407 3825 verisimile
439 3764 477 3824 iit
507 3768 656 3826 nostrum
685 3766 718 3825 in
742 3766 853 3827 Iliadis
877 3782 975 3828 versu
1000 3769 1024 3826 Ι.
1051 3767 1112 3826 147
1137 3779 1201 3825 non
1225 3763 1256 3823 id
1281 3763 1401 3837 legisse
1426 3765 1512 3837 quod

229 3866 438 3927 Aristarchus
469 3866 582 3927 deinde
614 3868 768 3941 praetulit
804 3865 878 3947 ,ἐμὼ
902 3862 930 3928 δ’
958 3865 1157 3944 ἕπιμελλια
1181 3865 1287 3926 δώσω”
1321 3866 1356 3925 at
1378 3879 1513 3940 praepo·

230 3968 383 4028 sitiouem
414 3983 434 4027 a
458 3968 664 4029 substantivo
685 3970 879 4046 seiunxisse,
910 3973 983 4031 tum
1003 3968 1260 4044 interpretationi
1280 3967 1404 4028 favisse
1426 3971 1514 4042 post·

231 4070 291 4130 hac
314 4069 353 4129 ab
376 4069 545 4143 Apollonio
566 4070 717 4145 Sophiste
738 4070 822 4141 (Lex.
847 4073 919 4133 110.
946 4073 977 4143 9)
996 4071 1151 4147 prolatae,
1173 4085 1236 4142 qua
1263 4067 1378 4128 nititur
1403 4068 1514 4130 Schol.

230 4172 269 4232 ad
294 4172 320 4231 Ι.
347 4171 408 4230 147
445 4170 559 4247 ,μείλια
592 4167 624 4230 δέ
655 4170 729 4230 εἰσιν
760 4165 804 4243 οἷς
835 4172 1031 4251 μειλίσσονται
1065 4170 1134 4243 τοὺς
1169 4167 1314 4248 δνδρας”.
1345 4168 1515 4232 Rhodium

262 4388 282 4453 ¹)
308 4392 414 4439 Videtur
444 4393 523 4451 igitur
550 4392 723 4440 Callimachus
751 4406 782 4440 ea
810 4395 909 4440 ratione
940 4405 999 4440 cum
1024 4393 1139 4440 Helenen
1167 4391 1383 4447 „Rhamnusiam”
1412 4392 1517 4441 diceret

229 4475 258 4519 ut
280 4471 420 4519 Nemeseos
437 4471 516 4518 liliam
540 4485 596 4518 eam
615 4484 672 4518 essa
690 4471 823 4533 indicarat,
841 4485 1005 4532 oppugnasse
1022 4471 1198 4532 Lycophronis
1216 4472 1323 4526 ,θυιάδα
1341 4475 1516 4537 Πλινμωνλαν”

233 4547 312 4605 (Alex.
332 4548 399 4611 114).

264 4625 285 4694 ²)
304 4631 340 4676 De
357 4631 537 4691 pronominum
555 4629 664 4693 σφέτερος
682 4633 708 4677 at
726 4631 833 4695 ὑμλιιρος
851 4644 900 4678 usu
919 4631 976 4677 ride
994 4631 1060 4677 infra
1078 4630 1110 4677 sd
1128 4630 1170 4676 IV.
1191 4630 1247 4676 ala.
