3090 5294
830 444 872 504 56
1270 442 1327 502 III.
1355 443 1485 503 30-31

215 631 295 691 haee
318 628 447 703 quidem
471 627 637 689 exclamat
660 627 767 689 verbis
790 642 853 690 non
875 629 1048 689 homericis
1071 631 1106 689 at
1128 644 1183 704 pro
1208 629 1354 690 doctrina
1373 630 1486 703 poetae

216 731 267 792 sui
301 730 424 791 erudite
459 729 624 804 coniungit
656 729 737 789 duos
771 745 886 791 versus
917 731 1033 804 quibus
1063 729 1141 791 olim
1165 745 1259 791 suam
1282 730 1487 805 increpuerat

125 879 127 883 ι
214 849 362 909 uxorem,
399 832 434 893 Θ.
470 833 533 893 477
566 828 655 891 σέθεν
686 825 716 890 δ’
750 829 807 912 ἐγὼ
838 831 894 893 οὐκ
924 829 1044 911 ἀλεγίζω
1078 828 1279 910 χωομένης
1302 833 1337 893 et
1363 832 1396 892 Θ.
1422 833 1484 892 482

214 934 250 996 od
278 928 319 994 σί
342 931 432 1013 ἔγωγε
457 929 638 1010 σκυζομένης
662 929 792 1013 ἀλέγω.
816 934 885 994 Ηοο
907 949 1010 1008 genus
1030 934 1222 995 imitationis
1245 934 1282 994 ut
1304 933 1399 994 nobis
1422 935 1485 994 tae·

215 1039 305 1099 dium
325 1036 420 1098 affert
437 1036 485 1097 ita
504 1036 650 1110 impense
662 1035 733 1096 eius
746 1037 864 1097 estatis
885 1037 1028 1098 eruditos
1048 1036 1237 1098 delectabat.
1250 1035 1362 1109 Neque
1374 1037 1486 1095 tamen

122 1164 124 1167 ·
215 1139 431 1202 callimachus
451 1136 634 1197 imitatione
654 1137 724 1197 erat
744 1138 916 1197 contentus
937 1153 1020 1211 quae
1040 1137 1339 1212 interpretationem
1353 1137 1485 1197 omnino

214 1241 340 1302 nullam
373 1238 561 1300 contineret.
600 1239 652 1298 Ita
685 1254 734 1298 vs.
766 1238 808 1299 27
850 1235 1314 1311 πολλὰς...ἐτάνυσσατο
1353 1241 1486 1316 χεῖρας

213 1358 277 1404 non
311 1342 381 1403 sine
416 1339 548 1400 oonsilio
583 1339 675 1401 dixit.
711 1340 785 1413 Ipse
818 1340 906 1401 enim
938 1355 1039 1401 sonus
1063 1339 1235 1401 verborum
1263 1340 1485 1414 cogitatione

213 1447 242 1522 β.
271 1446 344 1520 151,
368 1457 430 1515 quo
460 1441 530 1502 loeo
560 1441 674 1502 eadem
705 1441 829 1502 retione
860 1442 899 1503 de
929 1444 1021 1504 motu
1052 1442 1169 1503 iterato
1196 1442 1263 1502 iam
1296 1441 1485 1503 callimachi

214 1544 415 1620 temporibus
450 1542 574 1603 leolum
604 1541 706 1604 inisse
744 1539 1038 1622 ,tervatdeepv
1071 1540 1162 1623 πτερὰ
1196 1542 1340 1603 πολλά”
1377 1550 1485 1618 (quarn

214 1649 387 1711 lectionem
411 1644 529 1705 merito
551 1643 706 1704 reiectam
730 1644 824 1706 hodie
848 1644 922 1706 (lod.
952 1645 1018 1706 Pal.
1043 1648 1163 1715 servat)
1188 1661 1229 1706 ex
1255 1661 1352 1707 versu
1376 1648 1486 1707 nostro

216 1753 253 1813 fit
283 1746 470 1811 verisimile.
498 1746 564 1806 Neo
590 1745 799 1821 improbabile
823 1748 874 1808 est
897 1747 954 1808 Od.
977 1768 999 1806 ε.
1025 1747 1087 1807 118
1119 1747 1228 1822 ipsum
1251 1747 1486 1811 callimachum

216 1853 335 1926 legisse
374 1845 517 1926 ,σχέτλιοί
539 1843 600 1906 ίστε
622 1843 700 1924 θεοί,
722 1845 944 1925 ζηλήμονες
968 1845 1070 1926 ἔξοχον
1095 1844 1213 1907 ἄλλοθ’
1241 1850 1336 1923 (quod
1358 1850 1485 1911 adiecti·

218 1971 297 2017 vum
318 1951 395 2013 alibi
414 1949 499 2026 apud
519 1949 699 2009 Homerum
721 1964 786 2010 non
805 1950 965 2026 oeourrit),
985 1965 1044 2011 nee
1064 1950 1185 2010 favisse
1205 1950 1336 2012 lectioni
1358 1949 1487 2029 δηλήμο

217 2078 265 2128 νες
294 2056 352 2116 aut
380 2054 419 2115 de
449 2050 713 2125 interpretatione
737 2051 913 2128 dubitasse,
944 2067 1020 2112 oum
1043 2052 1090 2112 ita
1113 2050 1272 2126 significet
1294 2067 1369 2112 eam
1393 2053 1487 2114 deam

218 2159 311 2220 ouius
335 2151 495 2230 δυσζηλίαν
518 2167 593 2212 eum
617 2167 713 2226 saepe
737 2152 932 2226 castigasset
951 2153 985 2213 in
1011 2152 1111 2215 Iliade
1134 2153 1268 2213 deorum
1292 2153 1373 2230 Rex,
1398 2169 1485 2215 num·

217 2273 315 2334 quam
351 2258 464 2317 tamen
506 2253 612 2327 magis
651 2253 767 2313 vividis
811 2253 970 2314 coloribus
1005 2269 1079 2315 eam
1110 2254 1255 2330 depinxit
1285 2255 1354 2329 ipse
1389 2256 1488 2316 Poeta

217 2376 316 2436 quam
346 2358 420 2419 istis
455 2356 603 2418 versibus
632 2371 769 2429 quorum
801 2356 994 2418 memoriam
1024 2357 1057 2417 in
1088 2357 1149 2418 hae
1171 2357 1286 2432 hymni
1307 2359 1400 2432 parte
1422 2357 1487 2419 iere

218 2475 378 2536 nusquam
405 2459 553 2535 deposuit
577 2457 812 2519 callimachus:
840 2460 877 2519 Φ.
902 2457 1077 2518 480-512
1105 2451 1135 2528 ¹).

261 2627 315 2701 Vs}
341 2642 393 2701 31.
853 2632 964 2715 ,φέρευ
987 2632 1069 2709 τέλος
1092 2630 1153 2696 ὅσσ’
1179 2634 1325 2715 ἐθελημὸς

439 2738 565 2817 αἰτίζεις,
586 2736 639 2798 καί
660 2731 680 2797 τ’
707 2734 781 2798 ἅλλα
803 2734 900 2818 πατήρ
928 2735 968 2798 έτι
991 2737 1113 2816 μείζονα
1137 2736 1231 2799 δώσει.

437 2838 499 2920 τρίς
523 2837 594 2900 δέκα
617 2861 662 2899 τοι
685 2838 846 2918 πτολίεθρα
869 2837 920 2899 καί
943 2837 997 2918 οὐχ
1019 2835 1072 2899 ἕνα
1095 2839 1212 2920 πύργον
1235 2835 1367 2920 ὀπάσσω,

436 2939 498 3020 τρίς
522 2938 593 3002 δέκα
615 2963 660 3001 τοι
683 2940 855 3019 πτολίεθρα,
876 2937 912 3000 τὰ
934 2939 975 3019 μή
998 2939 1073 3001 θεὸν
1096 2937 1186 3001 ἄλλον
1209 2938 1305 3015 ἀέξειν

340 3048 381 3107 35
439 3043 554 3121 εἴσεται,
576 3040 650 3103 ἀλλὰ
672 3041 769 3121 μόνην
793 3038 835 3119 σὲ,
855 3039 907 3102 ιιαί
929 3039 1093 3121 Ἀρτέμιδος
1119 3039 1288 3122 καλέεσθαι,

436 3142 547 3217 πολλὰς
571 3141 603 3205 δὲ
626 3144 701 3228 ξυυή
723 3142 828 3216 πόλεας
852 3143 1105 3225 διαμετρήσασθαι
1129 3138 1151 3216 ²)

435 3245 599 3326 μεσσόγεοος
623 3244 734 3324 νήσους
756 3263 794 3305 τε·
817 3242 868 3305 ιιαί
892 3242 924 3305 έν
947 3245 1077 3330 πάσῃσιν
1100 3244 1217 3307 έσονται
1294 3264 1295 3267 ’

436 3345 600 3427 Ἀρτέμιδος
623 3346 721 3427 βωμοί
742 3369 771 3407 τε
793 3344 844 3407 ιιαὶ
868 3343 965 3407 ἄλσεα.
988 3344 1039 3407 καί
1066 3343 1120 3425 μέν
1145 3345 1264 3430 ἀγυιαῖς

436 3448 507 3533 ἕσση
529 3446 579 3509 καί
601 3446 766 3528 λιμένεσσιν
789 3445 977 3522 έπίσιιοπος.”

260 3553 396 3628 Deserit,
426 3550 511 3627 quod
541 3551 705 3612 interdum
728 3551 815 3627 facit,
841 3551 979 3625 vestigia
1002 3551 1147 3630 Homeri,
1171 3552 1267 3626 idque
1289 3566 1375 3613 nune
1401 3567 1486 3614 eoac-

216 3658 281 3732 tue,
306 3669 384 3715 nam
408 3653 437 3714 ei
460 3652 594 3727 imagini
619 3667 717 3726 quam
741 3652 873 3713 reddere
896 3651 975 3728 vult,
1000 3653 1106 3713 Patris
1130 3652 1246 3727 virgini
1270 3651 1355 3713 filiae
1379 3669 1487 3715 cumu-

216 3757 281 3817 late
301 3754 451 3816 donantis
470 3768 509 3814 ea
520 3768 656 3815 munera
667 3754 784 3827 quibus
795 3754 880 3814 inter
898 3754 1048 3814 homines
1067 3754 1181 3815 deinde
1201 3754 1304 3815 Diana
1323 3754 1485 3833 inclaruit,

215 3860 337 3921 colores
359 3873 426 3920 non·
445 3856 617 3932 praebebat
640 3856 812 3917 Homerus.
836 3855 877 3915 iit
898 3856 1088 3931 plerumque
1112 3871 1188 3916 eum
1212 3857 1281 3917 suis
1305 3857 1414 3918 verbis
1438 3858 1486 3920 uti

250 4059 269 4128 ¹)
287 4065 325 4112 De
350 4064 437 4113 verbis
461 4064 544 4128 μέχρις
569 4064 607 4109 ἵνα
626 4066 686 4124 post
708 4063 893 4111 Sohnelderum
910 4063 953 4110 vix
973 4062 1113 4123 quidquam
1132 4063 1294 4112 adioiendnm
1311 4064 1361 4111 niel
1379 4066 1489 4114 conferri

215 4157 291 4205 posse
317 4143 458 4191 Attioorum
480 4144 551 4207 μέχρι
574 4145 664 4198 τούτου,
689 4145 893 4197 τοσούτου-ἕως
909 4140 955 4205 dr).
974 4140 1012 4191 De
1030 4143 1122 4191 deteris
1144 4144 1176 4190 oi.
1194 4142 1289 4192 Seheer
1306 4156 1332 4203 p.
1351 4145 1375 4201 i,
1392 4145 1425 4194 de
1444 4146 1488 4193 Ian

215 4237 240 4284 p.
259 4224 298 4271 ab.

247 4297 268 4367 ε)
289 4302 384 4349 Duram
409 4304 436 4350 et
457 4301 617 4362 ineleganter
638 4303 781 4349 contortam
799 4302 952 4349 sententiam
970 4302 1099 4349 duriorem
1117 4301 1230 4349 reddidit
1247 4302 1421 4351 Schneiderns
1439 4305 1489 4352 δια·

214 4385 373 4446 μετρήσασθαι
399 4381 535 4430 oonieiene.
563 4381 657 4428 Oontra
683 4381 762 4429 habet
787 4394 839 4440 quo
865 4393 892 4429 se
918 4381 1081 4430 commendet
1105 4381 1131 4428 id
1158 4382 1226 4442 quod
1244 4383 1444 4432 Valolreneerius
1463 4385 1488 4432 in

214 4460 317 4509 sohedle
336 4461 457 4522 proponit
473 4474 512 4509 τε.
529 4461 559 4508 31
579 4461 606 4507 et
623 4461 669 4507 82:

779 4538 848 4604 φέρου
865 4539 929 4593 τίνος
946 4540 996 4587 ted
1017 4543 1173 4600 ίθελημῶς

573 4619 663 4673 αἰτίζεις
680 4622 719 4665 καί
734 4618 755 4680 ῤ’
774 4618 832 4665 ἄλλα
849 4618 925 4683 πατήρ
943 4620 992 4666 lul
1009 4621 1102 4678 μείζονα
1123 4619 1215 4672 δώσω.
