3090 5294
55 449 113 509 ΠΙ.
141 449 273 509 61-63
677 447 719 506 63

304 629 461 713 ἀμβλήδην
483 632 600 714 γοόωσα
623 630 694 712 μετὰ
719 635 854 718 Τρριῆσιν
877 631 973 693 έειπεν

57 741 90 799 et
112 734 291 817 ἀμβολάδην
317 737 354 797 Φ.
380 736 444 797 364

306 833 346 910 ὡς
369 832 402 896 δέ
426 833 515 916 λέβης
538 837 583 910 ζεῖ
601 834 700 915 ἔνδον,
721 833 908 916 ἐπειγόμενος
932 832 1005 916 πυρλ
1027 840 1135 921 πολλῷ,

302 937 410 1016 κνίσην
432 937 609 1017 μελδόμενος
633 934 850 1018 ἁπαλοτρεφέος
875 938 998 1017 σιάλοιο,

303 1039 456 1100 πάντοθεν
478 1036 665 1120 ἀμβολάδην,

56 1145 190 1205 tertiam
226 1144 366 1205 formam
400 1143 517 1205 adiecit
545 1144 665 1203 noster.
709 1141 998 1204 verumenimvero
1032 1157 1096 1203 non
1115 1143 1190 1226 ¹hoc
1225 1142 1331 1204 solum

56 1246 279 1308 memorabile.
305 1247 508 1310 contendunt
530 1246 676 1307 nonnulli
707 1245 941 1309 Callimachum
965 1247 997 1307 id
1026 1243 1202 1326 ἀμβολάδην
1224 1246 1331 1307 home·

56 1350 163 1409 ricum
185 1349 434 1424 interpretatum
455 1364 528 1410 esse
549 1349 643 1423 quasi
663 1351 752 1409 esset
773 1345 805 1408 ἔτι
826 1348 976 1427 διαδοχῆς,
995 1350 1091 1424 idque
1103 1349 1209 1410 solum
1222 1350 1332 1410 nostro

57 1452 167 1512 versui
190 1453 361 1513 convenire
384 1453 417 1513 et
440 1452 472 1511 in
497 1451 670 1543 hpmerieis
691 1465 818 1525 quoque
842 1451 922 1512 locis
950 1451 1077 1525 (quibus
1099 1452 1200 1513 addas
1222 1452 1331 1528 ληιιιιι.

57 1552 151 1614 Μαι.
165 1553 241 1624 425)
261 1569 334 1614 eam
354 1553 459 1614 solam
475 1551 776 1628 interpretationem
790 1552 907 1614 valere.
922 1552 1032 1613 Multis
1042 1552 1126 1614 hano
1137 1554 1331 1630 opinionem,

57 1670 157 1728 quam
190 1653 269 1715 olim
292 1655 508 1731 Spanhemius
540 1655 667 1728 copiose
694 1653 882 1731 illustravit,
909 1653 1039 1716 firmare
1066 1658 1202 1717 conatus
1222 1658 1273 1717 est
1293 1656 1332 1717 de

56 1758 127 1818 Ian.
141 1773 171 1832 p.
195 1759 235 1817 15
248 1771 317 1831 sqq.
337 1772 431 1819 orsus
451 1772 493 1818 ex
513 1757 778 1831 interpretatione
797 1757 905 1831 atym.
923 1756 1027 1831 Magn.
1055 1753 1094 1836 ,ἢ
1106 1754 1135 1830 ἐξ
1147 1754 1331 1836 δποβολῆς”.

56 1857 197 1918 Multum
233 1859 344 1919 tamen
375 1858 468 1919 abest
498 1860 535 1918 ut
558 1857 638 1917 mihi
661 1858 860 1932 persuaserit
882 1858 932 1919 vir
955 1858 1068 1919 doctus
1093 1859 1205 1920 eodem
1229 1859 1332 1920 redire

56 1957 234 2038 ἀοαβλῆδην
258 1961 291 2020 et
315 1957 343 2032 ἐξ
367 1956 528 2039 ὑποβολῆς,
551 1962 648 2032 atque
672 1974 754 2032 quae
773 1958 907 2020 offendit
926 1975 1002 2021 eum
1021 1957 1196 2041 ταδτολοχία
1216 1962 1243 2021 si
1264 1961 1329 2021 vul·

56 2064 135 2137 gato
169 2077 269 2123 sensu
303 2061 553 2136 interpretemur
584 2056 757 2139 ἀμβολαδὶς,
790 2075 864 2121 eam
891 2060 1040 2135 equidem
1063 2077 1127 2122 non
1151 2062 1253 2124 video.
1276 2062 1335 2137 oy·

56 2164 167 2240 clopes
197 2163 286 2224 enim
317 2162 452 2223 malleos
486 2177 583 2236 super
610 2162 764 2222 humeros
788 2162 915 2239 tollunt,
948 2162 1140 2238 brachiisque
1167 2165 1225 2224 alte
1247 2165 1333 2226 curra

57 2266 182 2327 ferrum
202 2265 338 2326 feriunt:
371 2261 569 2343 ἀναβαλόντες
588 2260 657 2335 τοὺς
677 2261 835 2343 ῥαιστῆρος
854 2263 1007 2343 τύπτουσι,
1024 2262 1201 2345 ἀναβάλλειν
1221 2268 1331 2328 autem

56 2366 202 2447 ῥαιστῆρα
232 2365 305 2441 plus
336 2370 387 2427 est
417 2381 515 2440 quam
543 2361 660 2445 δείρειν.
685 2364 836 2427 Ceterum
859 2368 896 2427 ut
918 2367 979 2428 hoc
1002 2367 1072 2428 loeo
1095 2369 1235 2430 imitatio
1257 2369 1332 2430 Ver·

56 2469 180 2543 gillana
211 2468 308 2537 (VIII.
340 2470 404 2528 453
435 2467 481 2528 illi
510 2468 591 2527 inter
615 2483 677 2529 sese
698 2468 799 2528 molta
820 2467 851 2527 ci
872 2467 1017 2529 δνοοτλιλα
1039 2468 1146 2530 tollunt
1169 2471 1204 2529 δκ
1226 2486 1332 2530 numo·

55 2575 146 2641 rum)
175 2570 326 2631 inducere
354 2570 509 2631 lectorem
540 2569 645 2645 possit
674 2571 711 2629 ut
743 2568 976 2631 callimachum
1000 2571 1046 2630 ita
1069 2587 1194 2646 quoque
1219 2588 1332 2633 vocem

56 2670 224 2754 ἀμβολαδλς
244 2673 386 2748 accipere
414 2673 571 2750 opinetur,
599 2674 734 2735 minime
759 2673 848 2734 iavet
875 2673 950 2734 huic
977 2674 1118 2750 opinioni
1145 2675 1228 2748 quod
1256 2674 1332 2735 Ara·

53 2779 124 2852 tus,
147 2791 247 2850 quem
269 2774 355 2835 haud
382 2774 485 2836 semel
512 2776 622 2836 noster
644 2775 677 2836 in
701 2791 763 2836 usu
786 2774 1015 2836 vocabulorum
1038 2777 1180 2853 respicit,
1203 2777 1334 2852 scripsit

54 2896 106 2940 vs.
135 2879 222 2938 1070

305 2972 406 3039 ὁππότ’
431 2975 666 3059 άναστροοφῶσιν
690 2974 770 3057 ὀχῆς,
790 2976 827 3038 τὰ
850 2976 883 3039 δέ
904 2972 928 3059 γ’
954 2975 1055 3058 άρσεσι
1076 2979 1173 3039 πάντα

304 3079 460 3158 δεξάμεναι
482 3079 572 3140 πάλιν
596 3071 679 3152 αὖτις
703 3077 938 3160 άναβλήδην
963 3075 1111 3160 ὄχέωνται,

51 3184 102 3246 ibi
127 3183 216 3244 enim
238 3183 460 3258 interpretatio
486 3179 517 3242 λιι
541 3182 681 3261 διαδοχῆς
709 3182 906 3244 subridicule
928 3183 1020 3245 roret.

128 3386 184 3447 VS.
209 3389 262 3448 62.
308 3396 347 3470 τῷ
371 3383 464 3464 σφέας
489 3386 545 3447 οὐκ
569 3383 731 3447 έτάλασσαν
754 3383 877 3464 ἀκηδέες
897 3380 1068 3447 Ὠκεανῖναι

307 3481 364 3548 οὔτ’
391 3484 485 3566 άντην
508 3485 597 3548 ἰδέειν
620 3486 687 3548 οὔτε
710 3488 823 3549 κτύπον
847 3486 934 3548 οὔασι
957 3485 1070 3567 δέχθαι·

307 3587 343 3649 οὐ
367 3586 490 3667 νέμεσις·
513 3589 631 3662 κείνους
654 3611 686 3670 γε
709 3586 759 3649 καὶ
782 3590 816 3650 αἱ
835 3588 913 3668 μάλα
936 3586 1037 3668 μηκέτι
1059 3588 1167 3650 cordat

207 3693 249 3753 65
306 3685 437 3752 οὐδέποτ’
464 3688 583 3770 άφρικτλ
606 3690 747 3772 μακάρων
771 3688 878 3772 δράοοσι
900 3692 1055 3773 θύγατρες.

102 3793 210 3855 Verbo
232 3793 375 3868 primurn
398 3793 586 3855 indicandae
609 3795 810 3856 imitationes
832 3795 1025 3871 homericae,
1050 3809 1186 3868 quarum
1209 3795 1332 3869 priores

54 3896 179 3958 indicia
209 3897 287 3955 sunt
317 3895 388 3955 eius
417 3897 498 3956 artis
529 3911 592 3970 qua
622 3896 775 3957 delectari
798 3899 946 3957 nostrum
969 3912 1067 3972 saepe
1090 3896 1155 3957 iarn
1179 3896 1332 3974 vidimus,

56 3999 116 4072 qni
148 4012 245 4058 versu
280 3997 419 4070 quodam
449 3996 581 4058 Homeri
612 4013 702 4074 usus,
734 4013 831 4073 saepe
870 4014 911 4060 ex
941 3999 1005 4058 alio
1039 3999 1186 4059 eiusdem
1219 4000 1333 4073 poetae

55 4101 130 4161 loco
159 4097 321 4158 admiscet
351 4098 490 4159 formam
521 4098 591 4159 sive
622 4114 735 4159 vocem
760 4099 1015 4162 memorabilem.
1040 4102 1091 4160 Ita
1113 4116 1188 4161 eum
1212 4099 1334 4175 legeret

60 4205 93 4261 T.
128 4201 169 4261 14
205 4194 296 4275 ,οὐδὲ
325 4219 367 4270 τις
398 4197 464 4277 ἔτλη
485 4195 489 4280 1
510 4197 603 4278 άοτητ
635 4196 779 4277 εἰσιδέειν,
802 4216 933 4262 versum
957 4202 1087 4275 quidem
1111 4202 1260 4264 imitatus
1284 4206 1335 4264 est

58 4304 117 4365 sed
147 4316 205 4378 pro
232 4300 339 4375 magis
361 4302 456 4364 solito
480 4299 545 4380 ἔτλη
569 4303 632 4377 legi
656 4303 852 4365 meminerat
875 4306 904 4362 P.
931 4304 993 4366 166

308 4400 381 4463 ἀλλὰ
404 4404 441 4465 σύ
464 4398 486 4483 μ’
513 4402 643 4477 Αἴαντος
666 4403 863 4485 μεγαλήτορος
888 4403 943 4465 oria
966 4402 1187 4478 ἐτάλασσας

309 4504 448 4584 στήμεναι
471 4502 555 4583 άντα,

58 4611 231 4688 paululum
251 4608 360 4682 itaque
381 4609 572 4671 immutavit
592 4625 724 4671 versum
744 4625 841 4684 quem
855 4611 1059 4688 sequebatur,
1073 4609 1265 4688 scripsitque
1278 4609 1333 4671 οὐκ
