3104 5286
703 483 765 543 189

89 671 273 745 licentiam;
315 687 412 733 nemo
455 672 542 732 enirn
585 672 683 730 anxie
720 673 856 745 quaerat
889 686 952 744 qua
986 671 1180 731 auctoritate
1214 671 1366 731 Ismenus

91 774 212 834 iluvius
243 773 307 844 (IV.
341 775 393 843 76)
423 772 535 833 Dirces
559 775 656 847 atque
681 773 851 847 Strophiae
878 775 971 847 pater
993 772 1128 847 dicatur,
1154 788 1229 832 curn
1253 775 1364 832 tamen

92 876 260 950 Euripides
280 874 450 951 Thebanae
469 875 625 934 mulieres
644 875 692 934 ita
711 873 914 948 alloquentes
930 874 1062 934 fecisset
1073 872 1191 933 Dircen
1206 871 1365 954 ,excides

91 977 222 1056 θύγατερ
241 970 332 1036 πότνι’
356 974 524 1054 εὐπάρθενε
544 975 639 1056 Δίρκα
657 976 780 1047 (Bacch.
794 991 843 1035 vs.
858 976 943 1050 519),
961 977 1087 1035 auteur
1100 975 1186 1034 idem
1199 974 1364 1050 Ismenus,

91 1079 235 1139 adfuisse
265 1079 391 1139 dicatur
421 1078 454 1138 in
484 1078 620 1138 Boeotia
648 1079 791 1139 nondum
827 1081 904 1138 nato
932 1076 1097 1153 Apolline,
1123 1076 1274 1150 quamvis
1298 1075 1365 1134 vul·

91 1185 168 1254 gata
199 1180 402 1255 mythologie
433 1195 508 1241 eum
540 1196 582 1241 ex
618 1179 688 1255 ipso
719 1180 868 1255 Apolline
903 1181 1018 1239 natum
1050 1178 1249 1238 tradidisset.
1285 1175 1367 1238 cum

92 1281 180 1341 enim
201 1282 328 1357 propria
347 1281 568 1356 mythologiae
588 1281 669 1341 haec
686 1281 819 1341 licentia
839 1283 927 1340 esset
943 1282 980 1340 ut
998 1277 1119 1353 fingere
1138 1294 1242 1338 novas
1253 1293 1367 1353 genea-

92 1383 197 1457 logias
227 1382 260 1442 in
284 1383 463 1443 minorihus
497 1382 616 1442 saltem
651 1383 701 1442 dis
732 1397 797 1442 non
828 1384 1018 1442 vererentur
1048 1384 1176 1456 poetae,
1202 1395 1367 1453 novasque

91 1484 248 1545 historias
286 1484 380 1544 salva
418 1484 573 1558 religione
606 1498 736 1558 semper
770 1483 935 1543 adicerent
969 1482 1112 1556 antiquis
1152 1481 1285 1557 rabulis,
1330 1495 1368 1540 eo

92 1586 162 1646 iure
197 1587 267 1646 tam
301 1586 425 1647 erudite
459 1589 556 1661 atque
591 1589 685 1647 caute
718 1587 821 1646 utitur
854 1584 1074 1647 Callimachus
1109 1587 1146 1644 ut
1179 1599 1252 1644 raro
1286 1599 1368 1658 quae

93 1689 204 1748 namet
239 1702 314 1747 cum
348 1688 469 1747 tradita
507 1688 710 1762 mythologie
748 1690 893 1762 pugnent
934 1687 1070 1746 adversa
1108 1686 1227 1760 fronte,
1265 1700 1368 1758 neque

93 1803 191 1863 saepe
210 1788 335 1849 lateant
354 1803 472 1848 causae
495 1804 578 1863 quae
597 1790 638 1849 ad
650 1789 891 1849 immutandam
912 1789 1080 1862 acceptam
1100 1787 1274 1848 historiam
1293 1803 1369 1847 eum

93 1890 312 1950 incitaverint.
334 1890 448 1950 Gentis
467 1905 545 1950 suae
565 1891 742 1951 memorias
762 1891 796 1950 in
815 1891 877 1950 hac
896 1905 930 1949 re
949 1905 1047 1965 saepe
1067 1904 1144 1949 eum
1156 1889 1290 1949 duxisse
1302 1889 1369 1948 iarn

94 1990 252 2067 vidimus,
265 1992 424 2052 accedunt
436 1993 600 2052 doctrinae
613 1991 823 2068 recentiores,
838 1994 895 2051 aut
907 1993 1055 2052 mutatae
1074 1989 1370 2050 Alexandrinorum

95 2092 263 2167 opiniones
287 2093 325 2153 de
348 2093 532 2154 fabularum
556 2093 713 2154 decentia.
738 2094 790 2154 Ita
812 2093 959 2154 doctrina
982 2092 1095 2167 opinor
1117 2107 1217 2153 causa
1239 2091 1315 2167 fuit,
1335 2092 1371 2150 ut

95 2194 180 2254 inter
214 2193 333 2254 fluvios
367 2195 519 2256 Boeotiae
554 2196 742 2256 recedentes
774 2211 793 2255 a
823 2196 949 2255 Latona
979 2195 1126 2269 Asopum
1156 2195 1369 2268 memoraret,

95 2311 203 2371 quem,
224 2297 379 2369 quoniam
403 2297 549 2357 novisset
566 2313 625 2358 suo
649 2298 750 2357 etiarn
773 2298 920 2371 tempore
939 2292 1115 2372 ,dvepomg
1137 2291 1273 2372 φέρειν”,
1296 2309 1371 2354 cum

96 2397 214 2457 ceteris
246 2397 278 2456 in
310 2401 454 2459 carmine
484 2414 544 2459 suo
571 2398 679 2458 locum
703 2398 815 2472 dabat,
841 2397 1032 2457 eruditionis
1056 2412 1135 2457 suae
1159 2396 1372 2457 ostentandae

95 2500 211 2574 gratia.
237 2498 440 2574 Quamquam
464 2515 544 2560 sane
568 2515 641 2560 cum
666 2500 797 2559 tardum
821 2499 969 2559 incedere
992 2501 1103 2557 narras
1116 2498 1264 2572 Asopum
1290 2492 1372 2572 ,cael

95 2600 264 2660 πεπάλακτο
294 2603 451 2684 κεραυνῷ”
483 2616 599 2676 parurn
630 2603 705 2676 apte
732 2615 802 2661 rem
830 2600 907 2674 agit.
937 2597 1051 2658 Melius
1075 2599 1246 2674 aptiusque
1270 2598 1372 2658 alium

96 2703 234 2764 fluvium
265 2705 484 2764 memorasset
507 2718 606 2776 quam
630 2718 705 2763 eum
729 2702 784 2776 qui
808 2701 885 2762 olim
918 2701 1061 2775 Aeginae
1092 2698 1178 2760 filiae
1208 2701 1372 2774 raptorem

96 2805 265 2865 insecutus
295 2806 443 2865 extremo
467 2803 608 2878 periculo
633 2818 692 2863 suo
716 2804 871 2878 expertus
897 2803 999 2878 esset,
1028 2816 1126 2876 quam
1158 2815 1257 2875 grave
1284 2802 1373 2860 esset

96 2921 227 2966 summo
251 2906 321 2966 Iovi
343 2906 511 2966 resistere!
1200 2889 1203 2895 ¹

142 3007 204 3068 Sed
227 3007 401 3067 mittamus
423 3007 561 3082 leviora,
587 3007 620 3067 in
643 3007 760 3080 quibus
784 3006 842 3066 aut
861 3005 990 3080 ingenio
1010 3003 1146 3064 indulsit
1164 3004 1293 3079 poetae,
1316 3005 1373 3063 aut

97 3106 289 3182 aetiologiae
313 3109 426 3169 amori.
451 3108 552 3169 Multo
575 3108 689 3185 maior,
711 3109 814 3168 immo
834 3110 928 3167 tanta
947 3107 984 3167 ut
1002 3107 1165 3166 everteret
1181 3104 1371 3179 religionem

97 3210 218 3285 ipsam,
251 3208 443 3270 Callimachi
473 3211 506 3270 in
537 3209 656 3270 fabulis
686 3211 831 3281 deorum,
851 3208 984 3269 licentia
1016 3208 1119 3268 luisse
1149 3206 1279 3267 videtur
1308 3205 1373 3266 illis

97 3312 179 3372 viris
213 3311 330 3387 doctis,
375 3312 430 3387 qui
463 3312 638 3387 opinantur
679 3326 842 3385 nusquam
876 3326 953 3371 vero
988 3308 1155 3384 religionis
1190 3308 1298 3369 studio
1333 3308 1373 3367 ad

98 3413 240 3488 hymnos
282 3414 522 3488 componendos
566 3413 740 3474 incitatum
778 3412 880 3473 fuisse
915 3414 1060 3488 poetam,
1100 3411 1158 3471 sed
1193 3409 1374 3469 aulicarum

98 3529 207 3575 rerum
239 3514 423 3575 studiosum
454 3514 685 3589 blanditiisque
716 3514 803 3589 regis
833 3514 885 3574 sui
909 3529 1041 3589 prorsus
1066 3511 1212 3574 deditum
1236 3509 1375 3585 singulis

98 3615 165 3676 iere
207 3616 315 3675 verbis
357 3616 513 3676 carminis
547 3617 599 3676 sui
634 3615 839 3682 Ptolemaeos
874 3615 1031 3675 extollere
1069 3614 1219 3686 factaque
1262 3626 1372 3672 eorum

98 3717 245 3778 subtecto
264 3717 417 3777 indicare.
442 3716 585 3792 Quorum
605 3718 700 3777 docta
719 3718 867 3792 inventa,
890 3732 952 3790 quo
973 3716 1124 3791 sagacius
1141 3715 1275 3775 defensa
1287 3715 1374 3788 sunt,

57 3841 60 3847 ·
99 3835 136 3879 eo
167 3819 297 3879 facilius
320 3819 499 3879 multorum
524 3834 697 3880 assensum
713 3819 876 3891 tulerunt;
897 3818 932 3878 at
951 3817 1177 3890 mihiquidem
1190 3815 1377 3875 rectissime

100 3922 139 3981 de
159 3922 320 3982 eiusmodi
340 3922 565 3982 conaminibus
585 3922 746 3981 iudicasse
765 3921 894 3980 videtur
914 3920 965 3979 vir
984 3919 1188 3979 clarissimus
1205 3918 1233 3978 J.
1250 3916 1376 3976 Vahlen

100 4023 132 4083 in
153 4025 225 4085 Act.
247 4023 346 4083 Acad.
368 4023 472 4084 Berol.
497 4024 595 4099 1895,
617 4040 647 4098 p.
662 4023 725 4083 869
739 4023 820 4082 haec
839 4019 999 4093 scribens;
1023 4019 1097 4093 ,Ich
1115 4020 1200 4094 hepo,
1214 4017 1248 4094 je
1268 4019 1378 4092 linger

91 4124 125 4201 je
145 4125 244 4200 mehr,
270 4124 433 4186 Bedenken
457 4124 493 4185 ob
516 4125 581 4184 aaa
605 4123 811 4198 Aucdeutuoq
833 4122 928 4182 dicam
956 4119 1095 4181 Dictatore
1117 4119 1255 4180 Beatand
1277 4117 1377 4178 haben

100 4226 214 4303 tonna,
239 4226 285 4287 bct
307 4229 363 4288 der
381 4228 429 4288 dte
447 4225 626 4302 smmum,
646 4226 694 4286 dic
714 4240 747 4284 er
760 4224 872 4300 pretet,
896 4223 931 4281 ic
953 4221 1002 4281 die
1024 4220 1200 4282 historiatis
1225 4217 1376 4279 Gestoden

101 4331 157 4390 der
186 4328 306 4405 Konige
335 4345 394 4389 ooo
422 4328 579 4405 Aegypton
608 4326 673 4387 sich
694 4324 892 4385 ouwoadetn
913 4322 982 4383 uod
1004 4322 1084 4382 Zeus
1107 4321 1164 4380 mit
1186 4320 1377 4380 Ptolemaeus

101 4431 329 4511 Philadelphoa,
359 4430 464 4506 Apollo
491 4430 549 4489 mit
571 4427 740 4488 metten
764 4427 837 4487 oder
859 4426 930 4485 dem
953 4424 1065 4485 dritten
1096 4421 1282 4482 Ptolemacer
1305 4421 1378 4481 oder

101 4534 219 4595 Beideu
248 4532 384 4608 zaphat
412 4532 446 4590 irc
475 4529 645 4590 melden
675 4527 839 4604 Hymnus,
872 4525 1007 4602 Apollo'c
1038 4524 1142 4583 Bract
1174 4521 1291 4599 Cyrene
1322 4522 1380 4581 mit

101 4635 273 4713 magded
300 4631 466 4695 demolitio
488 4631 634 4693 Berenice
655 4628 844 4705 identiftoiert
870 4627 984 4688 wird’.
1008 4626 1057 4685 Ex
1080 4625 1191 4685 animo
1214 4623 1381 4698 suffragor
