3308 5436
871 537 912 596 86

306 725 464 800 Quoniam
495 740 585 802 vero,
618 726 748 800 propter
778 723 1071 786 Callimacheorum
1094 723 1133 784 de
1157 723 1242 784 Iside
1265 723 1534 784 testimoniorum

260 827 403 902 inopiam
449 843 490 888 ne
531 827 671 887 minima
704 825 834 900 quidem
869 825 1069 900 neglegenda
1102 825 1193 900 sunt,
1229 825 1283 884 hic
1315 823 1534 900 spectandum

260 943 387 1002 quoque
417 931 479 990 erit
510 929 547 988 fr.
576 929 653 988 189:
692 924 761 1002 „uui
790 924 907 1002 τριτάτη
938 928 1074 1003 Περσῆος
1105 923 1275 1003 ἐπώνυμος,
1300 916 1336 1002 ἧς
1360 921 1534 1003 όρόδαμνον

261 1027 403 1114 Αἰγύπτῳ
437 1027 614 1107 κατέπηξε,”
654 1044 716 1102 quo
754 1030 888 1103 apparet
922 1043 1071 1102 perseam
1113 1027 1262 1088 arborem
1293 1027 1372 1088 Isidi
1401 1041 1534 1086 sacram

261 1131 382 1191 Graeco
413 1131 532 1192 iterum
564 1131 653 1190 heroi
684 1133 718 1190 et
740 1143 859 1189 nomen
883 1129 999 1189 debere
1021 1131 1055 1189 et
1077 1129 1235 1204 originem
1259 1129 1439 1189 secundum
1463 1125 1533 1187 (lal-

259 1231 449 1292 limachum.
482 1233 570 1308 Quae
600 1232 694 1293 arbor
725 1232 803 1291 Isidi
834 1247 876 1292 ex
903 1231 1029 1306 mythis
1053 1233 1223 1307 Aegyptiis
1247 1247 1322 1292 cara
1344 1231 1420 1307 fuit,
1445 1231 1534 1290 teste

260 1333 433 1395 Plutarcho
469 1336 516 1405 (de
546 1333 620 1394 laio.
654 1335 721 1410 68),
757 1331 819 1408 ηὸτι
848 1332 954 1414 καρδίᾳ
983 1328 1036 1408 μὲν
1060 1329 1076 1392 ό
1100 1332 1212 1410 ιιοιρπός
1236 1331 1341 1409 αὐτῆς,
1363 1331 1475 1413 γλώττῃ
1500 1327 1534 1389 δὲ

259 1431 291 1493 τὸ
311 1434 426 1510 φύλλον
445 1432 572 1510 ἔοικεν’,
594 1434 668 1494 aliie
686 1436 811 1510 eutem,
833 1436 943 1495 minus
964 1438 1051 1495 recte
1070 1434 1227 1510 proiecto,
1248 1449 1366 1495 nomen
1386 1433 1536 1494 aPersie

261 1536 425 1612 accepisse
449 1537 627 1612 videbatur,
652 1537 707 1610 qui
729 1537 827 1610 primi
850 1537 883 1596 in
903 1537 1090 1612 Aegyptum
1110 1551 1184 1596 eam
1205 1535 1395 1596 intulissent
1411 1527 1448 1610 ¹),
1474 1534 1535 1594 sed

260 1651 373 1696 revera
411 1651 486 1697 cum
522 1637 655 1712 antiquo
690 1637 768 1697 deae
803 1637 930 1697 Hathor
964 1636 1054 1698 cultu
1088 1637 1357 1698 coniunctissima
1390 1636 1462 1696 erat
1500 1637 1536 1694 et

259 1741 463 1800 mortuorum
487 1739 551 1800 ritu
575 1741 765 1799 eonsecrata
786 1731 818 1808 ²).
838 1739 924 1798 Num
941 1739 1013 1798 leve
1032 1741 1097 1814 est,
1118 1739 1202 1814 quod
1220 1739 1332 1799 tantae
1345 1736 1536 1798 sanctitatis

259 1839 408 1900 arborem
438 1856 537 1915 quam
569 1840 706 1900 vidisset
736 1855 755 1899 a
786 1854 861 1915 rege
892 1841 962 1914 ipso
992 1841 1026 1899 in
1049 1841 1162 1900 Graeci
1185 1840 1237 1900 dei
1259 1854 1379 1914 pompa
1401 1837 1537 1898 Graecis

259 1940 462 2002 ornamentis
481 1941 577 2018 adici,
599 1956 661 2014 quo
680 1943 826 2016 tempore
848 1941 1006 2002 solemnis
1025 1941 1160 2016 Dionysi
1179 1943 1285 2002 festus
1304 1941 1373 2001 dies
1392 1940 1534 2001 Alexan·

259 2042 347 2102 <iriae
385 2045 545 2119 ageretur,
577 2057 693 2117 operae
723 2042 864 2118 pretium
895 2041 990 2102 duxit
1020 2045 1116 2118 poete
1154 2045 1266 2104 contra
1297 2041 1536 2118 Aegyptiorum

261 2143 428 2218 opiniones
452 2145 570 2205 Perseo
592 2144 683 2204 heroi
706 2146 739 2204 et
762 2144 903 2204 Graecae
926 2143 1043 2218 origini
1067 2144 1255 2206 vindicare?
1276 2136 1298 2214 ἰ

313 2245 416 2318 Magis
458 2241 571 2306 autem
604 2261 703 2320 quam
738 2245 835 2305 Isidis
869 2245 1088 2320 Aegyptiacae
1123 2248 1243 2322 cultus,
1280 2261 1377 2321 quem
1417 2245 1537 2320 ubique

263 2346 433 2407 florentem
467 2347 610 2424 videbat,
642 2348 703 2407 boc
733 2349 864 2421 poetam
895 2346 1031 2408 offendit
1060 2349 1143 2422 quod
1174 2347 1339 2409 nonnullis
1366 2349 1538 2422 acceptam

263 2446 427 2508 sentiebat
450 2448 631 2508 doctrinam
664 2463 790 2524 eorum,
823 2449 878 2523 qui
901 2449 995 2508 deam
1020 2451 1216 2524 Aegyptiam
1240 2464 1315 2510 cum
1339 2449 1539 2510 Graecorum

261 2547 414 2608 Demetre
445 2549 477 2608 in
506 2564 608 2608 unum
644 2565 766 2610 numen
797 2550 977 2610 coalescere
1009 2549 1174 2626 volebant,
1211 2553 1262 2612 cui
1285 2551 1429 2626 opinioni
1451 2550 1540 2611 haud

263 2649 400 2712 minime
428 2651 523 2712 Isidis
551 2655 668 2712 natura
701 2651 845 2725 favebat;
881 2652 970 2712 valet
1000 2653 1088 2713 enim
1119 2654 1158 2713 de
1183 2653 1268 2713 iside
1291 2667 1432 2729 quoque,
1454 2652 1541 2727 quod

264 2751 303 2811 de
326 2754 432 2813 matre
455 2753 661 2828 Dindymene
685 2753 774 2814 canit
797 2753 987 2827 Apollonius
1011 2754 1045 2824 (I.
1074 2755 1184 2826 1098):

484 2852 516 2914 ἐκ
539 2852 596 2934 γὰρ
619 2863 670 2932 τῆς
693 2849 800 2931 ἄνεμοί
819 2873 850 2912 τε
873 2853 1012 2914 θάλασσά
1036 2875 1065 2914 τε
1088 2855 1186 2916 νειόθι
1209 2876 1239 2915 σε
1261 2855 1346 2933 χθὼν

486 2963 567 3014 πᾶσα
591 2954 784 3032 πεπείρανται
805 2953 913 3029 νιφόεν
935 2948 966 3014 θ’
991 2951 1058 3028 ἕδος
1084 2954 1268 3032 Οὐλύμποιο.

308 3057 505 3132 uempomm
525 3056 619 3132 lapsu
635 3059 705 3117 tam
725 3058 820 3116 extra
832 3057 1018 3132 Aegyptum
1031 3070 1130 3132 quam
1147 3059 1180 3118 in
1191 3057 1387 3134 Lagidarum
1401 3059 1540 3133 imperio

263 3159 431 3232 utriusque
463 3157 541 3218 deae
573 3158 680 3218 cultus
711 3173 844 3233 prorsus
875 3158 995 3218 coaluit
1015 3151 1053 3235 ⁴),
1085 3159 1142 3220 sed
1173 3160 1307 3222 florente
1337 3159 1542 3221 Callimacho

264 3427 291 3475 id
316 3429 433 3488 proiecto
459 3441 509 3474 non
535 3430 591 3476 sine
617 3429 725 3476 oonsilio
752 3430 820 3477 feeit.
845 3431 908 3478 Nam
927 3429 971 3477 din
989 3431 1056 3487 init,
1078 3444 1110 3477 ex
1132 3443 1183 3490 qno
1203 3431 1343 3491 scriptores
1360 3430 1477 3478 historici
1494 3432 1542 3490 qui

263 3508 355 3567 prisois
386 3507 481 3554 sabulis
511 3507 544 3555 de
575 3509 645 3556 lonis
676 3509 787 3556 transitu
819 3509 897 3556 fldem
924 3507 1095 3570 denegabant,
1121 3509 1165 3556 alii
1190 3511 1268 3557 aliam
1293 3509 1402 3569 Bospori
1428 3509 1542 3556 nominis

265 3600 368 3634 oausam
392 3587 574 3646 eroogitarant
598 3588 636 3635 Ex
658 3589 753 3648 quibus
770 3603 846 3637 nemo
863 3590 914 3636 init
931 3590 1015 3649 magis
1031 3589 1125 3649 (lignus
1142 3603 1218 3650 quern
1238 3591 1401 3650 oppugnaret
1419 3589 1542 3637 callima-

264 3669 341 3728 obns,
367 3679 445 3726 qnam
470 3666 604 3729 Ephorus,
631 3669 675 3728 qni
700 3671 767 3717 teste
789 3669 929 3716 scholiasta
950 3668 983 3715 ad
1005 3669 1168 3729 Apollonium
1192 3666 1261 3730 (Arg.
1280 3667 1315 3714 11.
1332 3665 1392 3728 ies>
1417 3667 1544 3716 docuerat

266 3749 388 3810 ἡρπάσθαι
409 3745 451 3806 τὴν
470 3746 513 3793 Ἰὼ
535 3747 581 3793 ὑπό
605 3751 723 3796 Φοινίκων
746 3752 784 3796 aul
806 3751 989 3809 διακομισθῆναι
1008 3751 1039 3803 ala
1056 3751 1186 3808 Αἴγυπτον,
1204 3749 1259 3795 ἄνθ’
1282 3745 1306 3808 ἧς
1322 3749 1363 3796 σδν
1379 3748 1478 3810 paedia
1494 3755 1543 3794 eea

264 3826 404 3883 Αἰγυπτίαν
424 3825 518 3884 πόμψαι
534 3827 624 3890 Ἰνάχῳ
646 3835 738 3892 ταῦρον’
757 3833 942 3888 τετελευτηκότας
959 3829 985 3875 tl
1003 3831 1090 3875 taalenu
1107 3829 1218 3892 πιριιόναι
1234 3829 1318 3884 αὐτοὺς
1334 3827 1542 3892 παραδεικνύντας,

267 3904 331 3950 sabb
355 3907 468 3969 πρότερον
488 3908 530 3952 οὐκ
552 3909 691 3964 δγίγνασιιον
714 3909 740 3955 τό
759 3911 822 3970 ζῷον·
840 3909 880 3955 τόν
898 3909 923 3955 δι
939 3911 1012 3955 τόπον
1028 3914 1246 3973 προσηγορεῦσθαι,
1264 3909 1292 3956 δι’
1313 3905 1341 3956 αδ
1357 3913 1380 3955 ol
1397 3909 1438 3955 νόν
1454 3915 1544 3971 σαῦρον

268 3985 360 4043 'loma
378 3983 498 4039 Ιπλιυσαν,
515 3984 647 4048 Βόσπορον.

302 4059 323 4125 ¹)
339 4062 413 4110 Diod.
432 4063 482 4110 flio.
499 4063 519 4110 1.
538 4065 578 4110 84.
597 4065 635 4112 ol.
654 4066 746 4114 Strabo
765 4064 844 4118 xvn.
862 4068 918 4115 828.
935 4065 1099 4114 Wiedemann
1117 4081 1143 4127 p.
1159 4068 1215 4114 191.

302 4138 324 4206 ¹)
341 4141 547 4202 Neroniana-Ray
574 4141 715 4193 l'Aaoieaae
741 4145 929 4206 Alexandriep.
948 4148 1008 4194 itt.
1034 4145 1086 4203 „Oa
1102 4145 1153 4194 ooa'l
1168 4148 1268 4194 εοιισαιιι
1283 4159 1325 4193 aar
1344 4143 1378 4192 lea
1394 4149 1546 4193 maesta

268 4221 310 4269 dea
331 4218 452 4269 dernibrea
475 4221 599 4284 dynastia
622 4224 646 4270 la
668 4221 747 4273 δόσεσι
771 4223 882 4290 (Hathor
904 4227 959 4273 sire
980 4223 1041 4289 Isis)
1062 4240 1146 4288 ειινριν
1167 4224 1197 4272 de
1219 4224 1244 4271 la
1260 4223 1320 4272 σιίιια
1335 4223 1368 4272 ds
1383 4223 1465 4287 persea
1476 4239 1545 4286 poar

269 4317 347 4349 verser
371 4300 401 4348 de
425 4317 452 4348 aa
476 4301 540 4348 ιιιαιίι
566 4301 629 4350 l'eaa
655 4301 685 4350 de
710 4304 735 4351 la
759 4305 797 4352 οἱα
819 4320 863 4352 aar
890 4303 912 4351 le
935 4301 1039 4368 defferet,
1058 4303 1110 4368 (tol
1128 4305 1154 4351 cll
1174 4303 1285 4367 Ὀσιριδος
1307 4303 1379 4362 ἁγνόν
1401 4304 1463 4367 ὕδωρ
1478 4296 1545 4358 'Issa

328 4397 413 4428 οαιτι.

269 4387 327 4520 vig:
341 4461 371 4507 ln
393 4377 488 4521 {pompa
511 4461 663 4521 Dionysiaca
685 4458 760 4526 (Call.
777 4462 858 4510 Rhod.
877 4463 908 4509 tr.
927 4462 978 4522 apd
995 4463 1067 4509 unii.
1088 4461 1115 4510 F.
1132 4461 1166 4510 Η.
1185 4462 1213 4510 G.
1230 4462 1277 4509 ΠΙ.
1295 4475 1321 4522 p.
1340 4462 1383 4525 eb)
1400 4463 1458 4522 ipsa
1474 4461 1544 4509 Pen-

268 4542 359 4588 teteris
366 4540 531 4601 progreditur
540 4541 621 4588 altera
630 4555 707 4589 mann
726 4554 845 4589 eoronam
861 4555 893 4589 ex
907 4555 999 4601 persea
1012 4555 1105 4601 gorens
1120 4542 1201 4588 altera
1214 4541 1326 4600 palmam
1333 4578 1340 4602 ‚
1350 4541 1384 4588 ot
1393 4553 1472 4601 supra
1480 4553 1507 4600 p.
1519 4541 1544 4588 t.

301 4617 322 4681 ⁴)
340 4620 442 4680 Ingenti
468 4621 673 4669 testimoniorum
697 4621 783 4682 eopia,
805 4623 956 4681 posterioris
974 4624 1060 4668 umen
1078 4621 1230 4684 praesertim
1248 4619 1353 4684 aetatis,
1370 4619 1421 4667 hoe
1436 4619 1544 4669 (lamon-

270 4700 361 4750 strarit
377 4700 486 4748 Drexlsr
502 4693 572 4764 apud
589 4701 682 4752 Rosob.
700 4699 734 4749 11.
753 4701 810 4750 448.
