3104 5296
854 481 895 543 98
1262 478 1319 538 ΙΙΙ.
1345 478 1497 538 212-213

238 670 273 728 at
306 668 338 728 in
371 669 489 745 hymno
521 668 673 728 homerico
706 669 741 727 in
774 667 873 743 Apoll.
909 669 972 727 199
1005 668 1076 742 ipsa
1109 666 1211 727 Diana
1234 667 1327 728 audit
1350 663 1498 746 ὁμότροφος

241 768 430 841 Ἀπόλλωνος.

283 871 337 932 Vs,
369 873 433 932 212
468 870 545 931 θοὰ
574 871 666 944 τόξα
697 872 807 933 dicens
840 887 903 933 non
935 872 1070 932 Homeri
1101 871 1157 931 sed
1186 871 1383 944 tragicorum
1408 871 1495 931 artem

237 973 436 1046 aemulatur:
473 973 541 1046 τόξα
574 974 662 1034 enim
693 975 835 1048 epitheto
863 976 957 1034 ornat
980 973 1064 1047 quod
1088 972 1220 1046 sagittis
1247 974 1378 1032 tantum
1402 986 1494 1032 conve·
1547 1018 1548 1074 ρ

236 1075 285 1134 nit
311 1067 341 1143 ¹).
374 1075 556 1150 Aeschylus
588 1090 663 1136 cum
694 1074 847 1135 Prometh.
875 1076 936 1135 711
963 1071 1107 1153 ἑκηβόλον
1131 1074 1213 1134 dixit
1235 1071 1323 1144 τόξον
1349 1074 1399 1143 (cf.
1423 1071 1495 1133 Pind.
1546 1077 1548 1156 j

239 1174 283 1236 Oi.
310 1177 367 1236 IX.
393 1178 423 1247 9)
454 1193 566 1239 arcum
598 1180 709 1238 tamen
742 1178 902 1238 adiectivo
933 1177 1061 1237 ornavit
1094 1176 1177 1249 quod
1203 1177 1243 1237 ad
1268 1176 1378 1249 ipsum
1402 1187 1495 1235 arcum
1546 1171 1548 1205 4

237 1278 347 1338 referri
370 1281 494 1354 potest;
519 1281 633 1339 notum
657 1293 783 1352 quoque
808 1281 868 1356 est,
894 1277 963 1351 τόξα
986 1292 1233 1350 nonnumquam
1258 1278 1342 1350 apud
1366 1277 1496 1350 antiquos
1546 1305 1548 1364 ρ

235 1380 363 1454 aathoa
385 1381 526 1441 indicare
550 1381 667 1455 (nurip.
693 1381 760 1441 Ion.
784 1383 847 1441 524
875 1377 965 1459 ,πρὶν
989 1379 1058 1439 εἴσω
1082 1378 1152 1452 τόξα
1176 1376 1355 1455 πνευμόνων
1379 1377 1496 1457 λαβεῖν’)
1546 1379 1548 1440 ἰ

236 1482 270 1540 at
294 1482 374 1542 mire
405 1498 475 1543 rem
506 1483 650 1543 confudit
674 1481 893 1543 Callimachus
917 1498 992 1543 cum
1018 1484 1127 1556 ipsum
1159 1495 1270 1541 arcum
1295 1496 1355 1540 suo
1385 1480 1495 1542 nominc
1546 1441 1548 1520 4

234 1581 320 1654 τόξον
351 1585 461 1644 dicens
492 1587 603 1645 tamen
637 1585 796 1646 adiectivo
820 1587 951 1646 ornaret
974 1584 1041 1659 tali,
1074 1585 1159 1657 quod
1174 1595 1245 1643 'non
1270 1583 1333 1643 nisi
1353 1584 1393 1644 ad
1416 1581 1494 1655 sagit·

233 1687 285 1745 tas
307 1689 380 1760 apte
398 1688 574 1761 pertineret
597 1688 647 1757 (cf.
673 1710 696 1765 χ.
721 1688 763 1748 83
788 1685 866 1746 θοὸν
889 1683 994 1766 βέλος).
1015 1688 1137 1746 Arcum
1160 1688 1395 1758 antemnaque
1418 1682 1494 1756 sagit·

235 1790 287 1847 tas
314 1788 457 1862 intellegi
489 1792 521 1849 et
544 1790 616 1865 ipsa
639 1805 691 1850 res
716 1792 879 1851 monetet
904 1790 1036 1851 Homeri
1061 1803 1177 1848 versus
1201 1803 1299 1860 quem
1323 1786 1494 1861 exemplum

238 1890 353 1951 habuit
376 1891 424 1961 (0.
450 1892 526 1961 443)

505 1990 591 2065 τόξον
615 1990 688 2071 ἔχων
713 1990 744 2052 ἐν
768 1991 840 2072 χειρὶ
862 1992 1043 2053 παλίντονον
1069 1987 1123 2069 ἠδὲ
1146 1987 1297 2069 φαρέτρην
1546 2007 1548 2157 ρ

506 2092 626 2154 ἰοδόκον
650 2095 700 2165 (cf.
727 2117 759 2170 φ.
786 2096 847 2167 11).
1547 2159 1548 2163 ,

284 2196 320 2255 In
355 2196 598 2257 diversissimas
632 2198 741 2272 partes
772 2198 920 2258 abierunt
951 2197 1145 2270 interpretes
1177 2194 1383 2269 disputantes
1405 2195 1442 2255 de
1461 2205 1497 2250 se·
1546 2169 1548 2269 4

237 2298 411 2370 quentibus
440 2294 604 2374 „deotmot
630 2294 663 2357 rt
686 2320 740 2374 φιν
766 2289 840 2374 ὦμοι
864 2297 1034 2377 δεξιτεροά’.
1064 2298 1206 2374 Quorum
1230 2298 1322 2357 varia
1345 2295 1499 2358 conamina
1547 2319 1548 2325 ς

237 2399 353 2459 merito
378 2399 538 2473 improbat
560 2398 670 2460 lanius
694 2409 734 2476 (p.
760 2404 823 2475 63),
844 2404 914 2462 tam
933 2402 1075 2462 Ernestii
1101 2397 1280 2477 „detineor”
1306 2398 1499 2470 (inviolabile)
1547 2388 1548 2399 ’

236 2514 333 2572 quam
363 2500 483 2575 Ungeri
518 2498 722 2578 „tutionem”
758 2519 796 2563 ac
824 2504 1010 2564 Schneideri
1044 2500 1248 2579 „icadioni”
1273 2506 1346 2571 (non
1377 2499 1497 2565 mount

236 2603 372 2663 reiciens
407 2604 508 2678 „qnod
536 2620 600 2663 non
629 2608 764 2679 spectant
793 2605 944 2680 habiturn,
976 2605 1115 2665 vestitum
1138 2604 1366 2680 nympharum,
1390 2606 1427 2664 de
1448 2617 1497 2677 qno

235 2719 336 2763 eornm
356 2708 397 2764 est
416 2705 487 2763 etin
508 2706 751 2766 antecedentibus
765 2706 835 2765 etin
846 2705 1071 2780 sequentibus&
1086 2707 1168 2765 Tum
1181 2721 1301 2766 novam
1314 2706 1498 2767 emendatio·

235 2821 311 2865 nem
345 2806 413 2880 ipse
448 2808 614 2880 proposuit
654 2804 893 2883 „detineor”
926 2810 947 2870 i.
972 2825 998 2870 e.
1027 2809 1093 2869 sinc
1110 2809 1272 2884 pharetro,
1300 2808 1340 2869 ci.
1366 2808 1498 2883 Hesych.

234 2907 254 2967 i.
276 2923 302 2966 ν.
327 2906 448 2978 θυλλίς;
480 2909 596 2981 quihus
620 2910 727 2970 verbis
751 2912 921 2984 tamquam
944 2911 976 2970 in
1001 2910 1186 2986 parenthesi
1209 2910 1335 2986 positis,
1361 2908 1497 2970 Callima·

235 3011 315 3068 chus
337 3010 404 3069 viro
424 3010 516 3069 docto
539 3010 665 3071 videtur
683 3011 796 3073 docere
817 3013 970 3088 voluisse,
994 3013 1175 3073 venatrices
1187 3012 1261 3071 illas
1274 3011 1499 3081 loeoohnrnero,

234 3126 297 3169 non
331 3111 437 3171 dextro
470 3114 618 3185 gestasse
649 3112 826 3186 pharetras.
859 3114 928 3175 Non
962 3113 1100 3174 diffiteor
1129 3115 1211 3173 hanc
1236 3112 1500 3184 emendationem,

234 3213 384 3285 quamvis
408 3213 547 3288 facilem,
572 3214 706 3273 minime
726 3214 925 3288 prohabilem
953 3215 1032 3275 mihi
1058 3215 1168 3275 videri.
1195 3215 1285 3274 Licet
1309 3214 1397 3273 enim
1423 3216 1500 3274 recte

234 3316 288 3387 qui
324 3311 461 3385 ἀπέδιλος
497 3317 548 3375 est
582 3312 759 3386 ἀπεόίλωτος
793 3317 855 3376 dici
887 3318 999 3392 possit,
1033 3320 1090 3376 aut
1125 3315 1217 3402 ωτόλη
1245 3313 1402 3392 ἀπύρωτος
1427 3329 1502 3389 quae

234 3433 413 3490 numquam
436 3418 502 3490 igni
527 3419 658 3478 admota
680 3419 734 3492 sit,
760 3419 968 3479 vehementer
993 3423 1104 3479 tamen
1127 3419 1236 3478 dubito
1258 3433 1335 3477 num
1351 3430 1502 3490 umquam

235 3519 407 3591 quisquam
445 3515 603 3578 ἀθόλωτον
638 3511 719 3596 ὦμον
754 3521 873 3581 dixerit
909 3521 1081 3580 humerum
1111 3537 1132 3579 a
1163 3535 1224 3593 qno
1258 3519 1412 3593 pharetra
1446 3533 1503 3578 non

229 3621 384 3694 penderet.
413 3620 545 3680 Accedit
567 3622 651 3693 quod
674 3622 765 3697 mire,
791 3622 818 3681 si
841 3622 1003 3695 acceperis
1030 3622 1112 3680 lanii
1137 3620 1401 3681 emendationem
1425 3621 1503 3680 inter

234 3738 270 3781 se
286 3723 478 3782 cohaereant
500 3724 557 3782 aut
577 3722 683 3796 potius
704 3738 766 3782 non
785 3724 978 3783 cohaereant
996 3723 1112 3782 haecce
1137 3716 1228 3799 »ἀμφ’
1243 3718 1348 3798 ὤμοισι
1361 3718 1504 3800 φαρέτρας

236 3821 373 3893 ιὀδόκους
409 3819 561 3901 {poppone
597 3821 647 3881 καὶ
676 3821 789 3903 γυμνὸς
821 3820 866 3882 ἀεὶ
898 3822 1096 3901 παρεφαίνετο
1121 3821 1241 3900 μαζός”.
1274 3822 1315 3881 Et
1343 3823 1374 3882 id
1401 3824 1504 3898 ipsum

236 3925 347 3998 opinor
380 3926 474 3998 coget
504 3939 563 3984 nos
594 3925 745 3985 assentiri
777 3925 816 3984 iis
839 3926 893 3998 qui
920 3925 1175 3985 contendanteo
1200 3924 1357 3985 adiectivo
1382 3926 1505 3998 dequo

237 4042 332 4087 omne
356 4027 478 4099 geritur
501 4027 631 4102 bellum,
655 4027 735 4086 nihil
760 4027 892 4087 indicari
918 4028 980 4086 nisi
1005 4028 1079 4087 hoc:
1104 4036 1174 4087 tam
1198 4028 1352 4086 humeros
1376 4027 1507 4088 dextros

235 4129 405 4188 denudatos
437 4130 584 4202 gestasse
622 4129 762 4202 virgines
794 4143 891 4200 quarn
921 4129 1058 4188 alteram
1083 4142 1274 4188 mammam.
1301 4127 1507 4203 Quamquam

236 4234 347 4290 autem
375 4230 449 4302 quid
474 4228 638 4302 scripserit
668 4233 772 4304 poeta,
797 4245 861 4289 non
885 4230 1084 4304 dispicimus
1100 4231 1239 4290 ¹certum
1263 4230 1355 4289 nobis
1380 4231 1508 4292 videtur

235 4332 431 4392 adiectivum
455 4347 475 4391 a
507 4332 594 4391 vestis
629 4332 759 4391 nomine
783 4331 967 4392 derivatum
991 4332 1103 4406 latere,
1130 4331 1230 4392 veluti
1254 4326 1431 4408 ἀχλαίνωτοτ
1455 4333 1506 4404 (ci.

235 4434 309 4507 Lyc.
337 4434 431 4503 1347)
457 4429 594 4492 ἀλίνωτοι
619 4433 669 4494 vel
694 4433 758 4493 tale
783 4432 869 4505 quid.

269 4649 287 4715 ¹)
306 4654 343 4700 Oi.
363 4667 428 4713 qnae
447 4668 504 4714 pag.
525 4654 555 4699 ii
571 4653 604 4698 ad
622 4653 669 4699 111.
689 4654 735 4699 118
756 4655 856 4717 „repom
877 4652 949 4712 ἀχος”
967 4652 1102 4699 observata
1120 4656 1187 4700 sunt.
