<?xml version="1.0" encoding="UTF-8"?>
<!DOCTYPE html PUBLIC "-//W3C//DTD XHTML 1.0 Transitional//EN"
    "http://www.w3.org/TR/xhtml1/DTD/xhtml1-transitional.dtd">
<html xmlns="http://www.w3.org/1999/xhtml" xml:lang="en" lang="en">
 <head>
  <title>
</title>
<meta http-equiv="Content-Type" content="text/html;charset=utf-8" />
  <meta name='ocr-system' content='tesseract 3.04.00' />
  <meta name='ocr-capabilities' content='ocr_page ocr_carea ocr_par ocr_line ocrx_word'/>
</head>
<body>
  <div class='ocr_page' id='page_1' title='image "./studiacallimach01kuipgoog_0074.png"; bbox 0 0 3090 5294; ppageno 0'>
   <div class='ocr_carea' id='block_1_1' title="bbox 59 463 722 529">
    <p class='ocr_par' dir='ltr' id='par_1_1' title="bbox 59 463 722 529">
     <span class='ocr_line' id='line_1_1' title="bbox 59 463 722 529; baseline -0.008 -1"><span class='ocrx_word' id='word_1_1' title='bbox 59 468 121 529; x_wconf 91' lang='lat' dir='ltr'><strong>III.</strong></span> <span class='ocrx_word' id='word_1_2' title='bbox 147 467 280 528; x_wconf 80' lang='lat'>51-53</span> <span class='ocrx_word' id='word_1_3' title='bbox 680 463 722 524; x_wconf 81' lang='lat'><strong>61</strong></span> 
     </span>
    </p>
   </div>
   <div class='ocr_carea' id='block_1_2' title="bbox 62 649 1388 4709">
    <p class='ocr_par' dir='ltr' id='par_1_2' title="bbox 62 649 1340 1545">
     <span class='ocr_line' id='line_1_2' title="bbox 62 649 1337 730; baseline -0.006 -13"><span class='ocrx_word' id='word_1_4' title='bbox 62 657 98 717; x_wconf 92' lang='lat' dir='ltr'><strong>in</strong></span> <span class='ocrx_word' id='word_1_5' title='bbox 133 654 297 717; x_wconf 79' lang='lat' dir='ltr'>codicibus</span> <span class='ocrx_word' id='word_1_6' title='bbox 330 653 399 714; x_wconf 88' lang='lat' dir='ltr'><strong>suis</strong></span> <span class='ocrx_word' id='word_1_7' title='bbox 433 654 474 712; x_wconf 88' lang='lat' dir='ltr'><strong>A.</strong></span> <span class='ocrx_word' id='word_1_8' title='bbox 510 652 591 725; x_wconf 81' lang='lat'><strong>459;</strong></span> <span class='ocrx_word' id='word_1_9' title='bbox 624 653 669 709; x_wconf 90' lang='grc' dir='ltr'><strong>Μ.</strong></span> <span class='ocrx_word' id='word_1_10' title='bbox 702 651 783 725; x_wconf 84' lang='grc'>208;</span> <span class='ocrx_word' id='word_1_11' title='bbox 816 673 842 730; x_wconf 78' lang='grc' dir='ltr'><strong>γ.</strong></span> <span class='ocrx_word' id='word_1_12' title='bbox 872 650 954 725; x_wconf 83' lang='grc'><strong>373;</strong></span> <span class='ocrx_word' id='word_1_13' title='bbox 986 671 1010 727; x_wconf 78' lang='grc' dir='ltr'><strong>χ.</strong></span> <span class='ocrx_word' id='word_1_14' title='bbox 1041 651 1093 726; x_wconf 81' lang='lat'><strong>21,</strong></span> <span class='ocrx_word' id='word_1_15' title='bbox 1118 649 1234 723; x_wconf 89' lang='lat' dir='ltr'><strong>quibus</strong></span> <span class='ocrx_word' id='word_1_16' title='bbox 1257 649 1337 711; x_wconf 92' lang='lat' dir='ltr'><strong>locis</strong></span> 
     </span>
     <span class='ocr_line' id='line_1_3' title="bbox 62 749 1337 832; baseline -0.006 -13"><span class='ocrx_word' id='word_1_17' title='bbox 62 758 160 819; x_wconf 88' lang='lat' dir='ltr'><strong>hodie</strong></span> <span class='ocrx_word' id='word_1_18' title='bbox 182 755 332 819; x_wconf 81' lang='lat' dir='ltr'><strong>nonnulli</strong></span> <span class='ocrx_word' id='word_1_19' title='bbox 351 754 490 817; x_wconf 76' lang='lat' dir='ltr'>editores</span> <span class='ocrx_word' id='word_1_20' title='bbox 514 749 576 811; x_wconf 81' lang='grc' dir='ltr'><strong><em>ἐπεὶ</em></strong></span> <span class='ocrx_word' id='word_1_21' title='bbox 597 752 649 824; x_wconf 84' lang='lat' dir='ltr'><strong>(cf.</strong></span> <span class='ocrx_word' id='word_1_22' title='bbox 670 752 817 813; x_wconf 82' lang='lat' dir='ltr'><strong>Eustatb.</strong></span> <span class='ocrx_word' id='word_1_23' title='bbox 842 752 883 812; x_wconf 88' lang='lat' dir='ltr'><strong>ad</strong></span> <span class='ocrx_word' id='word_1_24' title='bbox 905 775 933 832; x_wconf 78' lang='grc' dir='ltr'><strong>γ.</strong></span> <span class='ocrx_word' id='word_1_25' title='bbox 960 753 1036 823; x_wconf 83' lang='grc'><strong>373)</strong></span> <span class='ocrx_word' id='word_1_26' title='bbox 1063 753 1231 828; x_wconf 84' lang='lat' dir='ltr'><strong>reponunt,</strong></span> <span class='ocrx_word' id='word_1_27' title='bbox 1257 749 1337 823; x_wconf 79' lang='grc' dir='ltr'><strong><em>ὅπως</em></strong></span> 
     </span>
     <span class='ocr_line' id='line_1_4' title="bbox 68 853 1335 936; baseline -0.004 -16"><span class='ocrx_word' id='word_1_28' title='bbox 68 860 129 936; x_wconf 79' lang='grc' dir='ltr'><strong>,αδ</strong></span> <span class='ocrx_word' id='word_1_29' title='bbox 166 859 314 920; x_wconf 89' lang='lat' dir='ltr'><strong>hiatum”</strong></span> <span class='ocrx_word' id='word_1_30' title='bbox 351 857 507 931; x_wconf 86' lang='lat' dir='ltr'><strong>(neglecto</strong></span> <span class='ocrx_word' id='word_1_31' title='bbox 542 856 742 930; x_wconf 81' lang='lat' dir='ltr'>digammate</span> <span class='ocrx_word' id='word_1_32' title='bbox 766 857 884 925; x_wconf 84' lang='lat' dir='ltr'><strong>ortum)</strong></span> <span class='ocrx_word' id='word_1_33' title='bbox 916 853 1126 931; x_wconf 75' lang='lat' dir='ltr'><strong>„invectum”</strong></span> <span class='ocrx_word' id='word_1_34' title='bbox 1155 854 1335 915; x_wconf 89' lang='lat' dir='ltr'><strong>censentes.</strong></span> 
     </span>
     <span class='ocr_line' id='line_1_5' title="bbox 66 954 1337 1037; baseline -0.008 -14"><span class='ocrx_word' id='word_1_35' title='bbox 66 961 126 1024; x_wconf 83' lang='lat' dir='ltr'><strong>Oui</strong></span> <span class='ocrx_word' id='word_1_36' title='bbox 145 961 287 1037; x_wconf 92' lang='lat' dir='ltr'><strong>opinioni</strong></span> <span class='ocrx_word' id='word_1_37' title='bbox 305 961 416 1021; x_wconf 88' lang='lat' dir='ltr'><strong>minus</strong></span> <span class='ocrx_word' id='word_1_38' title='bbox 434 959 572 1021; x_wconf 84' lang='lat' dir='ltr'><strong>fortasse</strong></span> <span class='ocrx_word' id='word_1_39' title='bbox 592 959 682 1019; x_wconf 84' lang='lat' dir='ltr'><strong>iavet</strong></span> <span class='ocrx_word' id='word_1_40' title='bbox 699 958 860 1019; x_wconf 84' lang='lat' dir='ltr'>Hesiodus</span> <span class='ocrx_word' id='word_1_41' title='bbox 876 956 983 1033; x_wconf 75' lang='grc' dir='ltr'><strong><em>Τλοομ</em></strong></span> <span class='ocrx_word' id='word_1_42' title='bbox 998 958 1060 1018; x_wconf 78' lang='grc'><strong>156</strong></span> <span class='ocrx_word' id='word_1_43' title='bbox 1079 954 1170 1027; x_wconf 81' lang='grc' dir='ltr'><strong><em>(ὅπως</em></strong></span> <span class='ocrx_word' id='word_1_44' title='bbox 1182 977 1225 1027; x_wconf 80' lang='grc' dir='ltr'><strong><em>τις</em></strong></span> <span class='ocrx_word' id='word_1_45' title='bbox 1236 963 1337 1035; x_wconf 79' lang='grc' dir='ltr'><strong><em>πρῶτα</em></strong></span> 
     </span>
     <span class='ocr_line' id='line_1_6' title="bbox 64 1058 1337 1143; baseline -0.005 -19"><span class='ocrx_word' id='word_1_46' title='bbox 64 1061 191 1143; x_wconf 75' lang='grc' dir='ltr'><strong>γένοιτο)</strong></span> <span class='ocrx_word' id='word_1_47' title='bbox 224 1063 280 1124; x_wconf 87' lang='lat' dir='ltr'><strong>&#39;ubi</strong></span> <span class='ocrx_word' id='word_1_48' title='bbox 314 1061 402 1123; x_wconf 92' lang='lat' dir='ltr'><strong>nullo</strong></span> <span class='ocrx_word' id='word_1_49' title='bbox 432 1062 524 1123; x_wconf 86' lang='lat' dir='ltr'><strong>hiatu</strong></span> <span class='ocrx_word' id='word_1_50' title='bbox 555 1063 688 1135; x_wconf 81' lang='lat' dir='ltr'><strong>cogente</strong></span> <span class='ocrx_word' id='word_1_51' title='bbox 720 1061 808 1122; x_wconf 92' lang='lat' dir='ltr'><strong>idem</strong></span> <span class='ocrx_word' id='word_1_52' title='bbox 832 1058 912 1131; x_wconf 81' lang='grc' dir='ltr'><strong><em>ὅπως</em></strong></span> <span class='ocrx_word' id='word_1_53' title='bbox 934 1058 1104 1135; x_wconf 89' lang='lat' dir='ltr'><strong>temporali</strong></span> <span class='ocrx_word' id='word_1_54' title='bbox 1129 1073 1229 1119; x_wconf 89' lang='lat' dir='ltr'><strong>sensu</strong></span> <span class='ocrx_word' id='word_1_55' title='bbox 1252 1058 1337 1119; x_wconf 88' lang='lat' dir='ltr'><strong>adhi-</strong></span> 
     </span>
     <span class='ocr_line' id='line_1_7' title="bbox 65 1157 1338 1236; baseline -0.005 -11"><span class='ocrx_word' id='word_1_56' title='bbox 65 1166 171 1227; x_wconf 81' lang='lat' dir='ltr'><strong>betur.</strong></span> <span class='ocrx_word' id='word_1_57' title='bbox 209 1164 251 1224; x_wconf 81' lang='lat' dir='ltr'><strong>Iit</strong></span> <span class='ocrx_word' id='word_1_58' title='bbox 283 1163 364 1223; x_wconf 91' lang='lat' dir='ltr'><strong>mihi</strong></span> <span class='ocrx_word' id='word_1_59' title='bbox 397 1162 528 1236; x_wconf 89' lang='lat' dir='ltr'><strong>quidem</strong></span> <span class='ocrx_word' id='word_1_60' title='bbox 563 1163 610 1223; x_wconf 90' lang='lat' dir='ltr'><strong>eis</strong></span> <span class='ocrx_word' id='word_1_61' title='bbox 639 1162 719 1223; x_wconf 88' lang='lat' dir='ltr'><strong>locis</strong></span> <span class='ocrx_word' id='word_1_62' title='bbox 755 1161 888 1222; x_wconf 88' lang='lat' dir='ltr'><strong>Homeri</strong></span> <span class='ocrx_word' id='word_1_63' title='bbox 921 1176 1002 1234; x_wconf 88' lang='lat' dir='ltr'><strong>quos</strong></span> <span class='ocrx_word' id='word_1_64' title='bbox 1037 1160 1226 1220; x_wconf 82' lang='lat' dir='ltr'><strong>enumeravi</strong></span> <span class='ocrx_word' id='word_1_65' title='bbox 1258 1157 1338 1231; x_wconf 82' lang='grc' dir='ltr'><strong><em>ὅπως</em></strong></span> 
     </span>
     <span class='ocr_line' id='line_1_8' title="bbox 66 1259 1339 1341; baseline -0.003 -15"><span class='ocrx_word' id='word_1_66' title='bbox 66 1262 190 1337; x_wconf 58' lang='lat' dir='ltr'><strong>izei:</strong></span> <span class='ocrx_word' id='word_1_67' title='bbox 216 1265 280 1341; x_wconf 83' lang='lat' dir='ltr'><strong>ubi,</strong></span> <span class='ocrx_word' id='word_1_68' title='bbox 315 1264 464 1334; x_wconf 88' lang='lat' dir='ltr'><strong>simulac)</strong></span> <span class='ocrx_word' id='word_1_69' title='bbox 498 1263 617 1325; x_wconf 88' lang='lat' dir='ltr'><strong>melius</strong></span> <span class='ocrx_word' id='word_1_70' title='bbox 649 1279 749 1338; x_wconf 86' lang='lat' dir='ltr'><strong>quam</strong></span> <span class='ocrx_word' id='word_1_71' title='bbox 783 1259 845 1323; x_wconf 78' lang='grc' dir='ltr'><strong><em>ἐπεὶ</em></strong></span> <span class='ocrx_word' id='word_1_72' title='bbox 874 1262 1045 1324; x_wconf 84' lang='lat' dir='ltr'><strong>convenire</strong></span> <span class='ocrx_word' id='word_1_73' title='bbox 1074 1261 1211 1323; x_wconf 86' lang='lat' dir='ltr'><strong>videtur.</strong></span> <span class='ocrx_word' id='word_1_74' title='bbox 1248 1261 1339 1323; x_wconf 82' lang='lat' dir='ltr'><strong>Galli·</strong></span> 
     </span>
     <span class='ocr_line' id='line_1_9' title="bbox 65 1365 1340 1443; baseline -0.002 -14"><span class='ocrx_word' id='word_1_75' title='bbox 65 1369 222 1429; x_wconf 82' lang='lat' dir='ltr'><strong>maehum</strong></span> <span class='ocrx_word' id='word_1_76' title='bbox 257 1368 369 1428; x_wconf 90' lang='lat' dir='ltr'><strong>autem</strong></span> <span class='ocrx_word' id='word_1_77' title='bbox 402 1366 487 1427; x_wconf 89' lang='lat' dir='ltr'><strong>haud</strong></span> <span class='ocrx_word' id='word_1_78' title='bbox 510 1366 719 1443; x_wconf 85' lang='lat' dir='ltr'><strong>improbabile</strong></span> <span class='ocrx_word' id='word_1_79' title='bbox 750 1367 802 1427; x_wconf 89' lang='lat' dir='ltr'><strong>est</strong></span> <span class='ocrx_word' id='word_1_80' title='bbox 833 1381 870 1427; x_wconf 95' lang='lat' dir='ltr'><strong>eo</strong></span> <span class='ocrx_word' id='word_1_81' title='bbox 897 1380 1023 1440; x_wconf 89' lang='lat' dir='ltr'><strong>quoque</strong></span> <span class='ocrx_word' id='word_1_82' title='bbox 1058 1365 1127 1425; x_wconf 92' lang='lat' dir='ltr'><strong>loco</strong></span> <span class='ocrx_word' id='word_1_83' title='bbox 1158 1380 1257 1438; x_wconf 86' lang='lat' dir='ltr'><strong>quem</strong></span> <span class='ocrx_word' id='word_1_84' title='bbox 1287 1366 1340 1427; x_wconf 87' lang='lat' dir='ltr'><strong>hic</strong></span> 
     </span>
     <span class='ocr_line' id='line_1_10' title="bbox 64 1467 930 1545; baseline -0.005 -14"><span class='ocrx_word' id='word_1_85' title='bbox 64 1471 226 1545; x_wconf 83' lang='lat' dir='ltr'><strong>imitatur,</strong></span> <span class='ocrx_word' id='word_1_86' title='bbox 250 1491 276 1528; x_wconf 85' lang='grc' dir='ltr'><strong>κ.</strong></span> <span class='ocrx_word' id='word_1_87' title='bbox 299 1469 374 1544; x_wconf 86' lang='grc'><strong>219,</strong></span> <span class='ocrx_word' id='word_1_88' title='bbox 400 1468 518 1543; x_wconf 81' lang='lat' dir='ltr'><strong>legisse</strong></span> <span class='ocrx_word' id='word_1_89' title='bbox 542 1468 575 1529; x_wconf 91' lang='lat' dir='ltr'><strong>in</strong></span> <span class='ocrx_word' id='word_1_90' title='bbox 596 1467 837 1543; x_wconf 82' lang='lat' dir='ltr'><strong>exemplaribus</strong></span> <span class='ocrx_word' id='word_1_91' title='bbox 861 1467 930 1528; x_wconf 89' lang='lat' dir='ltr'><strong>suis</strong></span> 
     </span>
    </p>

    <p class='ocr_par' dir='ltr' id='par_1_3' title="bbox 65 1563 1074 1746">
     <span class='ocr_line' id='line_1_11' title="bbox 356 1563 1074 1647; baseline -0.001 -18"><span class='ocrx_word' id='word_1_92' title='bbox 356 1566 402 1630; x_wconf 84' lang='grc' dir='ltr'><strong>τολ</strong></span> <span class='ocrx_word' id='word_1_93' title='bbox 424 1563 454 1629; x_wconf 92' lang='grc' dir='ltr'><strong>δ’</strong></span> <span class='ocrx_word' id='word_1_94' title='bbox 480 1567 616 1629; x_wconf 79' lang='grc' dir='ltr'><em>ἔδδεισαν</em></span> <span class='ocrx_word' id='word_1_95' title='bbox 640 1568 743 1642; x_wconf 81' lang='grc' dir='ltr'><strong><em>ὅπως</em></strong></span> <span class='ocrx_word' id='word_1_96' title='bbox 765 1568 832 1629; x_wconf 83' lang='grc' dir='ltr'><strong>ἴδον</strong></span> <span class='ocrx_word' id='word_1_97' title='bbox 855 1565 926 1628; x_wconf 83' lang='grc' dir='ltr'><strong><em>αλνδι</em></strong></span> <span class='ocrx_word' id='word_1_98' title='bbox 947 1564 1074 1647; x_wconf 78' lang='grc' dir='ltr'><strong><em>πέλωρα,</em></strong></span> 
     </span>
     <span class='ocr_line' id='line_1_12' title="bbox 65 1667 1041 1746; baseline -0.005 -12"><span class='ocrx_word' id='word_1_99' title='bbox 65 1673 144 1734; x_wconf 87' lang='lat' dir='ltr'><strong>licet</strong></span> <span class='ocrx_word' id='word_1_100' title='bbox 167 1686 253 1731; x_wconf 91' lang='lat' dir='ltr'><strong>nunc</strong></span> <span class='ocrx_word' id='word_1_101' title='bbox 275 1686 409 1732; x_wconf 91' lang='lat' dir='ltr'><strong>summa</strong></span> <span class='ocrx_word' id='word_1_102' title='bbox 431 1672 599 1733; x_wconf 89' lang='lat' dir='ltr'><strong>concordia</strong></span> <span class='ocrx_word' id='word_1_103' title='bbox 622 1671 748 1733; x_wconf 91' lang='lat' dir='ltr'><strong>codices</strong></span> <span class='ocrx_word' id='word_1_104' title='bbox 771 1667 835 1731; x_wconf 78' lang='grc' dir='ltr'><strong><em>ἐπελ</em></strong></span> <span class='ocrx_word' id='word_1_105' title='bbox 856 1670 1041 1746; x_wconf 87' lang='lat' dir='ltr'><strong>praebeant.</strong></span> 
     </span>
    </p>

    <p class='ocr_par' dir='ltr' id='par_1_4' title="bbox 65 1770 1388 3280">
     <span class='ocr_line' id='line_1_13' title="bbox 112 1770 1341 1853; baseline -0.002 -18"><span class='ocrx_word' id='word_1_106' title='bbox 112 1775 232 1835; x_wconf 81' lang='lat' dir='ltr'><strong>Forma</strong></span> <span class='ocrx_word' id='word_1_107' title='bbox 254 1772 427 1852; x_wconf 77' lang='grc' dir='ltr'><strong><em>πρηόσιν</em></strong></span> <span class='ocrx_word' id='word_1_108' title='bbox 450 1773 490 1835; x_wconf 90' lang='lat' dir='ltr'><strong>ab</strong></span> <span class='ocrx_word' id='word_1_109' title='bbox 511 1775 600 1849; x_wconf 92' lang='lat' dir='ltr'><strong>epico</strong></span> <span class='ocrx_word' id='word_1_110' title='bbox 620 1774 757 1836; x_wconf 88' lang='lat' dir='ltr'><strong>dialecto</strong></span> <span class='ocrx_word' id='word_1_111' title='bbox 777 1774 883 1835; x_wconf 90' lang='lat' dir='ltr'><strong>aliena</strong></span> <span class='ocrx_word' id='word_1_112' title='bbox 902 1774 964 1850; x_wconf 85' lang='lat' dir='ltr'><strong>est,</strong></span> <span class='ocrx_word' id='word_1_113' title='bbox 988 1787 1070 1847; x_wconf 85' lang='lat' dir='ltr'><strong>quae</strong></span> <span class='ocrx_word' id='word_1_114' title='bbox 1090 1770 1175 1851; x_wconf 77' lang='grc' dir='ltr'><strong><em>πρὼν</em></strong></span> <span class='ocrx_word' id='word_1_115' title='bbox 1194 1775 1228 1835; x_wconf 92' lang='lat' dir='ltr'><strong>et</strong></span> <span class='ocrx_word' id='word_1_116' title='bbox 1243 1772 1341 1853; x_wconf 81' lang='grc' dir='ltr'><strong><em>πρώο-</em></strong></span> 
     </span>
     <span class='ocr_line' id='line_1_14' title="bbox 65 1874 1342 1955; baseline -0.001 -19"><span class='ocrx_word' id='word_1_117' title='bbox 65 1897 117 1949; x_wconf 91' lang='grc' dir='ltr'><strong><em>νες</em></strong></span> <span class='ocrx_word' id='word_1_118' title='bbox 136 1878 266 1937; x_wconf 90' lang='lat' dir='ltr'><strong>tantum</strong></span> <span class='ocrx_word' id='word_1_119' title='bbox 291 1876 438 1951; x_wconf 90' lang='lat' dir='ltr'><strong>agnoscit</strong></span> <span class='ocrx_word' id='word_1_120' title='bbox 460 1876 504 1948; x_wconf 85' lang='lat' dir='ltr'><strong>(in</strong></span> <span class='ocrx_word' id='word_1_121' title='bbox 529 1874 620 1937; x_wconf 81' lang='lat' dir='ltr'><strong>Scuto</strong></span> <span class='ocrx_word' id='word_1_122' title='bbox 642 1875 787 1937; x_wconf 80' lang='lat' dir='ltr'><strong>Herculis</strong></span> <span class='ocrx_word' id='word_1_123' title='bbox 807 1891 854 1936; x_wconf 86' lang='lat' dir='ltr'><strong>vs.</strong></span> <span class='ocrx_word' id='word_1_124' title='bbox 876 1876 939 1935; x_wconf 80' lang='lat'><strong>437</strong></span> <span class='ocrx_word' id='word_1_125' title='bbox 961 1881 1100 1955; x_wconf 78' lang='grc' dir='ltr'><strong><em>πρηῶνος</em></strong></span> <span class='ocrx_word' id='word_1_126' title='bbox 1119 1876 1277 1946; x_wconf 86' lang='lat' dir='ltr'><strong>occurrit).</strong></span> <span class='ocrx_word' id='word_1_127' title='bbox 1301 1875 1342 1935; x_wconf 81' lang='lat' dir='ltr'><strong>Et</strong></span> 
     </span>
     <span class='ocr_line' id='line_1_15' title="bbox 66 1974 1342 2056; baseline -0.002 -15"><span class='ocrx_word' id='word_1_128' title='bbox 66 1995 145 2041; x_wconf 90' lang='lat' dir='ltr'><strong>cum</strong></span> <span class='ocrx_word' id='word_1_129' title='bbox 166 1980 264 2039; x_wconf 80' lang='lat' dir='ltr'><strong>attici</strong></span> <span class='ocrx_word' id='word_1_130' title='bbox 286 1993 411 2052; x_wconf 87' lang='lat' dir='ltr'><strong>quoque</strong></span> <span class='ocrx_word' id='word_1_131' title='bbox 429 1980 543 2054; x_wconf 88' lang='lat' dir='ltr'><strong>poetae</strong></span> <span class='ocrx_word' id='word_1_132' title='bbox 559 1979 709 2040; x_wconf 89' lang='lat' dir='ltr'><strong>adhibere</strong></span> <span class='ocrx_word' id='word_1_133' title='bbox 722 1979 849 2040; x_wconf 80' lang='lat' dir='ltr'><strong>soleant</strong></span> <span class='ocrx_word' id='word_1_134' title='bbox 871 1974 956 2056; x_wconf 86' lang='grc' dir='ltr'><strong><em>πρὼν</em></strong></span> <span class='ocrx_word' id='word_1_135' title='bbox 979 1980 1013 2038; x_wconf 91' lang='lat' dir='ltr'><strong>et</strong></span> <span class='ocrx_word' id='word_1_136' title='bbox 1035 1984 1160 2056; x_wconf 81' lang='grc' dir='ltr'><strong><em>πρῶνες,</em></strong></span> <span class='ocrx_word' id='word_1_137' title='bbox 1182 1992 1246 2038; x_wconf 92' lang='lat' dir='ltr'><strong>non</strong></span> <span class='ocrx_word' id='word_1_138' title='bbox 1272 1977 1342 2038; x_wconf 89' lang='lat' dir='ltr'><strong>sins</strong></span> 
     </span>
     <span class='ocr_line' id='line_1_16' title="bbox 66 2073 1342 2166; baseline -0.003 -24"><span class='ocrx_word' id='word_1_139' title='bbox 66 2081 203 2142; x_wconf 90' lang='lat' dir='ltr'><strong>consilio</strong></span> <span class='ocrx_word' id='word_1_140' title='bbox 237 2095 322 2141; x_wconf 92' lang='lat' dir='ltr'><strong>nova</strong></span> <span class='ocrx_word' id='word_1_141' title='bbox 352 2094 433 2140; x_wconf 88' lang='lat' dir='ltr'><strong>usus</strong></span> <span class='ocrx_word' id='word_1_142' title='bbox 462 2095 535 2141; x_wconf 93' lang='lat' dir='ltr'><strong>esse</strong></span> <span class='ocrx_word' id='word_1_143' title='bbox 565 2080 671 2141; x_wconf 81' lang='lat' dir='ltr'><strong>forma</strong></span> <span class='ocrx_word' id='word_1_144' title='bbox 701 2082 797 2156; x_wconf 89' lang='lat' dir='ltr'><strong>poeta</strong></span> <span class='ocrx_word' id='word_1_145' title='bbox 827 2073 1007 2166; x_wconf 85' lang='lat' dir='ltr'><strong>censendus</strong></span> <span class='ocrx_word' id='word_1_146' title='bbox 1031 2079 1092 2155; x_wconf 89' lang='lat' dir='ltr'><strong>est,</strong></span> <span class='ocrx_word' id='word_1_147' title='bbox 1116 2093 1213 2152; x_wconf 85' lang='lat' dir='ltr'><strong>quem</strong></span> <span class='ocrx_word' id='word_1_148' title='bbox 1237 2078 1342 2139; x_wconf 88' lang='lat' dir='ltr'><strong>secuti</strong></span> 
     </span>
     <span class='ocr_line' id='line_1_17' title="bbox 67 2179 1342 2257; baseline -0.002 -13"><span class='ocrx_word' id='word_1_149' title='bbox 67 2185 148 2244; x_wconf 89' lang='lat' dir='ltr'><strong>sunt</strong></span> <span class='ocrx_word' id='word_1_150' title='bbox 167 2182 319 2256; x_wconf 84' lang='lat' dir='ltr'><strong>aequales</strong></span> <span class='ocrx_word' id='word_1_151' title='bbox 339 2183 372 2243; x_wconf 92' lang='lat' dir='ltr'><strong>et</strong></span> <span class='ocrx_word' id='word_1_152' title='bbox 391 2182 512 2256; x_wconf 87' lang='lat' dir='ltr'><strong>posteri</strong></span> <span class='ocrx_word' id='word_1_153' title='bbox 531 2182 673 2253; x_wconf 87' lang='lat' dir='ltr'><strong>(Nicand.</strong></span> <span class='ocrx_word' id='word_1_154' title='bbox 695 2179 1251 2257; x_wconf 76' lang='lat' dir='ltr'><strong>Alea.1043Antb.Pal.VIL214).</strong></span> <span class='ocrx_word' id='word_1_155' title='bbox 1269 2180 1342 2255; x_wconf 81' lang='lat' dir='ltr'><strong>Ety-</strong></span> 
     </span>
     <span class='ocr_line' id='line_1_18' title="bbox 68 2282 1343 2359; baseline -0.002 -13"><span class='ocrx_word' id='word_1_156' title='bbox 68 2285 230 2359; x_wconf 86' lang='lat' dir='ltr'><strong>mologiae</strong></span> <span class='ocrx_word' id='word_1_157' title='bbox 243 2284 332 2345; x_wconf 86' lang='lat' dir='ltr'><strong>vocis</strong></span> <span class='ocrx_word' id='word_1_158' title='bbox 344 2284 483 2345; x_wconf 79' lang='lat' dir='ltr'><strong>fortasse</strong></span> <span class='ocrx_word' id='word_1_159' title='bbox 495 2283 674 2359; x_wconf 88' lang='lat' dir='ltr'><strong>consuluit;</strong></span> <span class='ocrx_word' id='word_1_160' title='bbox 687 2284 849 2345; x_wconf 90' lang='lat' dir='ltr'><strong>nonenim</strong></span> <span class='ocrx_word' id='word_1_161' title='bbox 871 2283 1109 2356; x_wconf 83' lang='lat' dir='ltr'><strong>suffragaturos</strong></span> <span class='ocrx_word' id='word_1_162' title='bbox 1121 2283 1191 2343; x_wconf 90' lang='lat' dir='ltr'><strong>erat</strong></span> <span class='ocrx_word' id='word_1_163' title='bbox 1203 2282 1343 2356; x_wconf 91' lang='lat' dir='ltr'><strong>opinioni</strong></span> 
     </span>
     <span class='ocr_line' id='line_1_19' title="bbox 69 2380 1388 2468; baseline -0.003 -21"><span class='ocrx_word' id='word_1_164' title='bbox 69 2402 169 2461; x_wconf 84' lang='lat' dir='ltr'><strong>quam</strong></span> <span class='ocrx_word' id='word_1_165' title='bbox 191 2386 336 2448; x_wconf 78' lang='lat' dir='ltr'><strong>servavit</strong></span> <span class='ocrx_word' id='word_1_166' title='bbox 353 2385 542 2461; x_wconf 80' lang='lat' dir='ltr'><strong>Apollonius</strong></span> <span class='ocrx_word' id='word_1_167' title='bbox 560 2384 635 2447; x_wconf 69' lang='lat' dir='ltr'><strong>Lex.</strong></span> <span class='ocrx_word' id='word_1_168' title='bbox 655 2386 728 2447; x_wconf 86' lang='lat'><strong>136.</strong></span> <span class='ocrx_word' id='word_1_169' title='bbox 743 2387 784 2446; x_wconf 85' lang='lat'><strong>30</strong></span> <span class='ocrx_word' id='word_1_170' title='bbox 807 2381 916 2464; x_wconf 81' lang='grc' dir='ltr'><strong><em>,ὄρους</em></strong></span> <span class='ocrx_word' id='word_1_171' title='bbox 939 2381 1023 2463; x_wconf 74' lang='grc' dir='ltr'><strong><em>ἐξοχὴ</em></strong></span> <span class='ocrx_word' id='word_1_172' title='bbox 1046 2380 1178 2444; x_wconf 77' lang='grc' dir='ltr'><strong><em>ἀπὸτοῦ</em></strong></span> <span class='ocrx_word' id='word_1_173' title='bbox 1197 2392 1343 2464; x_wconf 85' lang='grc' dir='ltr'><strong><em>προῶσ-</em></strong></span> <span class='ocrx_word' id='word_1_174' title='bbox 1386 2465 1388 2468; x_wconf 10' lang='grc' dir='ltr'><em>Α</em></span> 
     </span>
     <span class='ocr_line' id='line_1_20' title="bbox 68 2483 1341 2566; baseline -0.001 -18"><span class='ocrx_word' id='word_1_175' title='bbox 68 2490 175 2564; x_wconf 82' lang='grc' dir='ltr'><strong><em>θοι”,</em></strong></span> <span class='ocrx_word' id='word_1_176' title='bbox 207 2490 242 2549; x_wconf 88' lang='lat' dir='ltr'><strong>at</strong></span> <span class='ocrx_word' id='word_1_177' title='bbox 271 2503 346 2549; x_wconf 88' lang='lat' dir='ltr'><strong>cum</strong></span> <span class='ocrx_word' id='word_1_178' title='bbox 370 2487 528 2548; x_wconf 89' lang='lat' dir='ltr'><strong>adiectivo</strong></span> <span class='ocrx_word' id='word_1_179' title='bbox 555 2483 710 2566; x_wconf 77' lang='grc' dir='ltr'><strong><em>πρηνὴς</em></strong></span> <span class='ocrx_word' id='word_1_180' title='bbox 732 2487 902 2548; x_wconf 90' lang='lat' dir='ltr'><strong>cohaerere</strong></span> <span class='ocrx_word' id='word_1_181' title='bbox 926 2485 1064 2547; x_wconf 89' lang='lat' dir='ltr'><strong>iortaess</strong></span> <span class='ocrx_word' id='word_1_182' title='bbox 1088 2501 1203 2548; x_wconf 86' lang='lat' dir='ltr'><strong>vocem</strong></span> <span class='ocrx_word' id='word_1_183' title='bbox 1225 2486 1341 2547; x_wconf 87' lang='lat' dir='ltr'><strong>iudica·</strong></span> 
     </span>
     <span class='ocr_line' id='line_1_21' title="bbox 68 2587 1343 2667; baseline -0.001 -17"><span class='ocrx_word' id='word_1_184' title='bbox 68 2591 137 2667; x_wconf 87' lang='lat' dir='ltr'><strong>bat,</strong></span> <span class='ocrx_word' id='word_1_185' title='bbox 172 2591 265 2651; x_wconf 89' lang='lat' dir='ltr'><strong>cuiue</strong></span> <span class='ocrx_word' id='word_1_186' title='bbox 300 2590 510 2652; x_wconf 81' lang='lat' dir='ltr'><strong>derivationis</strong></span> <span class='ocrx_word' id='word_1_187' title='bbox 543 2592 670 2651; x_wconf 88' lang='lat' dir='ltr'><strong>restant</strong></span> <span class='ocrx_word' id='word_1_188' title='bbox 699 2604 825 2663; x_wconf 85' lang='lat' dir='ltr'><strong>quoque</strong></span> <span class='ocrx_word' id='word_1_189' title='bbox 854 2587 993 2662; x_wconf 86' lang='lat' dir='ltr'><strong>vestigia</strong></span> <span class='ocrx_word' id='word_1_190' title='bbox 1015 2587 1099 2662; x_wconf 88' lang='lat' dir='ltr'><strong>apud</strong></span> <span class='ocrx_word' id='word_1_191' title='bbox 1122 2588 1343 2649; x_wconf 90' lang='lat' dir='ltr'><strong>Herodianum</strong></span> 
     </span>
     <span class='ocr_line' id='line_1_22' title="bbox 68 2689 1342 2772; baseline 0.001 -20"><span class='ocrx_word' id='word_1_192' title='bbox 68 2689 148 2772; x_wconf 76' lang='grc' dir='ltr'><strong><em>(περ)</em></strong></span> <span class='ocrx_word' id='word_1_193' title='bbox 178 2697 289 2752; x_wconf 80' lang='grc' dir='ltr'><strong><em>παθῶν</em></strong></span> <span class='ocrx_word' id='word_1_194' title='bbox 320 2692 420 2754; x_wconf 89' lang='lat' dir='ltr'><strong>Lentz</strong></span> <span class='ocrx_word' id='word_1_195' title='bbox 443 2693 485 2753; x_wconf 91' lang='lat'><strong>11.</strong></span> <span class='ocrx_word' id='word_1_196' title='bbox 510 2694 584 2753; x_wconf 82' lang='lat'>363.</span> <span class='ocrx_word' id='word_1_197' title='bbox 609 2693 672 2764; x_wconf 86' lang='grc'><strong>30).</strong></span> <span class='ocrx_word' id='word_1_198' title='bbox 699 2724 739 2735; x_wconf 89' lang='grc'>-</span> <span class='ocrx_word' id='word_1_199' title='bbox 764 2692 886 2753; x_wconf 88' lang='lat' dir='ltr'><strong>Verum</strong></span> <span class='ocrx_word' id='word_1_200' title='bbox 914 2706 1012 2765; x_wconf 89' lang='lat' dir='ltr'><strong>quare</strong></span> <span class='ocrx_word' id='word_1_201' title='bbox 1036 2692 1161 2754; x_wconf 85' lang='lat' dir='ltr'><strong>Siculos</strong></span> <span class='ocrx_word' id='word_1_202' title='bbox 1188 2692 1342 2768; x_wconf 81' lang='lat' dir='ltr'><strong>cyclopes</strong></span> 
     </span>
     <span class='ocr_line' id='line_1_23' title="bbox 67 2787 1343 2873; baseline 0.002 -19"><span class='ocrx_word' id='word_1_203' title='bbox 67 2791 199 2873; x_wconf 77' lang='grc' dir='ltr'><strong><em>πρηόσιν</em></strong></span> <span class='ocrx_word' id='word_1_204' title='bbox 218 2787 484 2854; x_wconf 62' lang='lat' dir='ltr'><strong>’ornatum’</strong></span> <span class='ocrx_word' id='word_1_205' title='bbox 506 2793 732 2868; x_wconf 79' lang='lat' dir='ltr'><strong>comparavit?</strong></span> <span class='ocrx_word' id='word_1_206' title='bbox 753 2792 893 2854; x_wconf 80' lang='lat' dir='ltr'><strong>Causam</strong></span> <span class='ocrx_word' id='word_1_207' title='bbox 913 2794 1033 2854; x_wconf 87' lang='lat' dir='ltr'><strong>frustra</strong></span> <span class='ocrx_word' id='word_1_208' title='bbox 1053 2809 1207 2868; x_wconf 87' lang='lat' dir='ltr'><strong>quaeres;</strong></span> <span class='ocrx_word' id='word_1_209' title='bbox 1227 2810 1343 2870; x_wconf 85' lang='lat' dir='ltr'><strong>pamm</strong></span> 
     </span>
     <span class='ocr_line' id='line_1_24' title="bbox 68 2894 1343 2971; baseline 0.001 -15"><span class='ocrx_word' id='word_1_210' title='bbox 68 2896 148 2970; x_wconf 91' lang='lat' dir='ltr'><strong>apta</strong></span> <span class='ocrx_word' id='word_1_211' title='bbox 169 2909 248 2956; x_wconf 89' lang='lat' dir='ltr'><strong>sane</strong></span> <span class='ocrx_word' id='word_1_212' title='bbox 271 2895 479 2971; x_wconf 89' lang='lat' dir='ltr'><strong>comparatio,</strong></span> <span class='ocrx_word' id='word_1_213' title='bbox 502 2896 566 2955; x_wconf 91' lang='lat' dir='ltr'><strong>nisi</strong></span> <span class='ocrx_word' id='word_1_214' title='bbox 590 2895 672 2957; x_wconf 89' lang='lat' dir='ltr'><strong>iorte</strong></span> <span class='ocrx_word' id='word_1_215' title='bbox 695 2911 770 2956; x_wconf 91' lang='lat' dir='ltr'><strong>cum</strong></span> <span class='ocrx_word' id='word_1_216' title='bbox 794 2895 874 2956; x_wconf 92' lang='lat' dir='ltr'><strong>Oeto</strong></span> <span class='ocrx_word' id='word_1_217' title='bbox 898 2897 995 2969; x_wconf 89' lang='lat' dir='ltr'><strong>atque</strong></span> <span class='ocrx_word' id='word_1_218' title='bbox 1017 2895 1164 2970; x_wconf 83' lang='lat' dir='ltr'><strong>Ephialte</strong></span> <span class='ocrx_word' id='word_1_219' title='bbox 1188 2894 1343 2971; x_wconf 80' lang='lat' dir='ltr'><strong>Cyclopes</strong></span> 
     </span>
     <span class='ocr_line' id='line_1_25' title="bbox 69 2995 1344 3071; baseline 0.001 -13"><span class='ocrx_word' id='word_1_220' title='bbox 69 2995 217 3058; x_wconf 83' lang='lat' dir='ltr'><strong>contudit</strong></span> <span class='ocrx_word' id='word_1_221' title='bbox 250 2997 364 3057; x_wconf 88' lang='lat' dir='ltr'><strong>doctus</strong></span> <span class='ocrx_word' id='word_1_222' title='bbox 390 3001 495 3071; x_wconf 86' lang='lat' dir='ltr'><strong>poeta.</strong></span> <span class='ocrx_word' id='word_1_223' title='bbox 533 2997 609 3059; x_wconf 84' lang='lat' dir='ltr'><strong>Mihi</strong></span> <span class='ocrx_word' id='word_1_224' title='bbox 640 3012 716 3058; x_wconf 84' lang='lat' dir='ltr'><strong>vero</strong></span> <span class='ocrx_word' id='word_1_225' title='bbox 747 2997 780 3058; x_wconf 92' lang='lat' dir='ltr'><strong>in</strong></span> <span class='ocrx_word' id='word_1_226' title='bbox 811 2996 986 3058; x_wconf 91' lang='lat' dir='ltr'><strong>lectionum</strong></span> <span class='ocrx_word' id='word_1_227' title='bbox 1018 2997 1234 3071; x_wconf 81' lang='lat' dir='ltr'><strong>discrepantia</strong></span> <span class='ocrx_word' id='word_1_228' title='bbox 1255 3002 1344 3070; x_wconf 86' lang='lat' dir='ltr'><strong>(narn</strong></span> 
     </span>
     <span class='ocr_line' id='line_1_26' title="bbox 69 3091 1346 3181; baseline 0.002 -22"><span class='ocrx_word' id='word_1_229' title='bbox 69 3095 222 3181; x_wconf 74' lang='grc' dir='ltr'><strong><em>δασείῃσιν</em></strong></span> <span class='ocrx_word' id='word_1_230' title='bbox 241 3099 380 3159; x_wconf 87' lang='lat' dir='ltr'><strong>traditur</strong></span> <span class='ocrx_word' id='word_1_231' title='bbox 402 3101 436 3159; x_wconf 92' lang='lat' dir='ltr'><strong>et</strong></span> <span class='ocrx_word' id='word_1_232' title='bbox 448 3091 801 3176; x_wconf 82' lang='grc' dir='ltr'><strong><em>ὀσσείοισιν,’οσσαίοισιν</em></strong></span> <span class='ocrx_word' id='word_1_233' title='bbox 814 3098 971 3160; x_wconf 84' lang='lat' dir='ltr'><strong>Meinekio</strong></span> <span class='ocrx_word' id='word_1_234' title='bbox 983 3098 1126 3169; x_wconf 82' lang='lat' dir='ltr'><strong>debetur)</strong></span> <span class='ocrx_word' id='word_1_235' title='bbox 1139 3100 1346 3161; x_wconf 81' lang='lat' dir='ltr'><strong>subnascitur</strong></span> 
     </span>
     <span class='ocr_line' id='line_1_27' title="bbox 69 3198 1342 3280; baseline 0.002 -18"><span class='ocrx_word' id='word_1_236' title='bbox 69 3201 215 3277; x_wconf 89' lang='lat' dir='ltr'><strong>suspicio</strong></span> <span class='ocrx_word' id='word_1_237' title='bbox 234 3201 403 3276; x_wconf 83' lang='lat' dir='ltr'><strong>scripsisse</strong></span> <span class='ocrx_word' id='word_1_238' title='bbox 422 3202 553 3277; x_wconf 91' lang='lat' dir='ltr'><strong>poetam</strong></span> <span class='ocrx_word' id='word_1_239' title='bbox 564 3198 692 3280; x_wconf 82' lang='grc' dir='ltr'><strong><em>πρηόσιν</em></strong></span> <span class='ocrx_word' id='word_1_240' title='bbox 711 3198 938 3279; x_wconf 69' lang='lat' dir='ltr'><strong>edoctorum</strong></span> <span class='ocrx_word' id='word_1_241' title='bbox 958 3200 1009 3272; x_wconf 89' lang='lat' dir='ltr'><strong>(ci.</strong></span> <span class='ocrx_word' id='word_1_242' title='bbox 1025 3199 1115 3278; x_wconf 74' lang='lat' dir='ltr'><strong>soph.</strong></span> <span class='ocrx_word' id='word_1_243' title='bbox 1133 3201 1243 3267; x_wconf 69' lang='lat' dir='ltr'><strong>itaci.</strong></span> <span class='ocrx_word' id='word_1_244' title='bbox 1259 3203 1342 3274; x_wconf 85' lang='lat'><strong>788).</strong></span> 
     </span>
    </p>

    <p class='ocr_par' dir='ltr' id='par_1_5' title="bbox 69 3301 1344 3481">
     <span class='ocr_line' id='line_1_28' title="bbox 119 3301 1344 3383; baseline 0.003 -21"><span class='ocrx_word' id='word_1_245' title='bbox 119 3301 220 3380; x_wconf 84' lang='grc' dir='ltr'><strong><em>φάεα</em></strong></span> <span class='ocrx_word' id='word_1_246' title='bbox 253 3303 311 3364; x_wconf 90' lang='lat' dir='ltr'><strong>illa</strong></span> <span class='ocrx_word' id='word_1_247' title='bbox 344 3301 600 3383; x_wconf 79' lang='grc' dir='ltr'><strong><em>μουνόγληνα</em></strong></span> <span class='ocrx_word' id='word_1_248' title='bbox 630 3303 747 3376; x_wconf 88' lang='lat' dir='ltr'><strong>quibus</strong></span> <span class='ocrx_word' id='word_1_249' title='bbox 775 3318 823 3364; x_wconf 87' lang='lat' dir='ltr'><strong>vs.</strong></span> <span class='ocrx_word' id='word_1_250' title='bbox 848 3304 890 3364; x_wconf 80' lang='lat'><strong>53</strong></span> <span class='ocrx_word' id='word_1_251' title='bbox 914 3303 1057 3365; x_wconf 87' lang='lat' dir='ltr'><strong>illustrat</strong></span> <span class='ocrx_word' id='word_1_252' title='bbox 1078 3306 1189 3366; x_wconf 91' lang='lat' dir='ltr'><strong>noster</strong></span> <span class='ocrx_word' id='word_1_253' title='bbox 1212 3320 1344 3366; x_wconf 89' lang='lat' dir='ltr'><strong>versum</strong></span> 
     </span>
     <span class='ocr_line' id='line_1_29' title="bbox 69 3403 489 3481; baseline -0.002 -15"><span class='ocrx_word' id='word_1_254' title='bbox 69 3404 264 3466; x_wconf 87' lang='lat' dir='ltr'><strong>hesiodeum</strong></span> <span class='ocrx_word' id='word_1_255' title='bbox 290 3403 396 3481; x_wconf 75' lang='lat' dir='ltr'><strong>ilreop.</strong></span> <span class='ocrx_word' id='word_1_256' title='bbox 427 3406 489 3466; x_wconf 80' lang='grc'><strong>143</strong></span> 
     </span>
    </p>

    <p class='ocr_par' dir='ltr' id='par_1_6' title="bbox 72 3500 1353 4709">
     <span class='ocr_line' id='line_1_30' title="bbox 341 3500 1114 3593; baseline 0.004 -28"><span class='ocrx_word' id='word_1_257' title='bbox 341 3513 453 3584; x_wconf 79' lang='grc' dir='ltr'><strong><em>μοῦνος</em></strong></span> <span class='ocrx_word' id='word_1_258' title='bbox 477 3500 504 3564; x_wconf 84' lang='grc' dir='ltr'><strong>δ’</strong></span> <span class='ocrx_word' id='word_1_259' title='bbox 532 3500 691 3583; x_wconf 79' lang='grc' dir='ltr'><strong><em>ὀφθαλμὸς</em></strong></span> <span class='ocrx_word' id='word_1_260' title='bbox 714 3501 810 3591; x_wconf 74' lang='grc' dir='ltr'><strong><em>μέσσῳ</em></strong></span> <span class='ocrx_word' id='word_1_261' title='bbox 833 3502 958 3567; x_wconf 76' lang='grc' dir='ltr'><strong><em>ἐνέκειτο</em></strong></span> <span class='ocrx_word' id='word_1_262' title='bbox 981 3506 1114 3593; x_wconf 77' lang='grc' dir='ltr'><strong><em>μετώπῳ,</em></strong></span> 
     </span>
     <span class='ocr_line' id='line_1_31' title="bbox 72 3607 1345 3671; baseline 0.002 -2"><span class='ocrx_word' id='word_1_263' title='bbox 72 3609 197 3670; x_wconf 86' lang='lat' dir='ltr'><strong>frustra</strong></span> <span class='ocrx_word' id='word_1_264' title='bbox 219 3610 331 3670; x_wconf 89' lang='lat' dir='ltr'><strong>eontra</strong></span> <span class='ocrx_word' id='word_1_265' title='bbox 355 3607 465 3669; x_wconf 79' lang='lat' dir='ltr'><strong>(lebeti</strong></span> <span class='ocrx_word' id='word_1_266' title='bbox 487 3608 670 3669; x_wconf 90' lang='lat' dir='ltr'><strong>irrisionem</strong></span> <span class='ocrx_word' id='word_1_267' title='bbox 693 3608 864 3670; x_wconf 81' lang='lat' dir='ltr'><strong>defendere</strong></span> <span class='ocrx_word' id='word_1_268' title='bbox 890 3611 1026 3671; x_wconf 91' lang='lat' dir='ltr'><strong>conatus</strong></span> <span class='ocrx_word' id='word_1_269' title='bbox 1049 3611 1100 3670; x_wconf 91' lang='lat' dir='ltr'><strong>est</strong></span> <span class='ocrx_word' id='word_1_270' title='bbox 1122 3610 1345 3671; x_wconf 80' lang='lat' dir='ltr'><strong>Schneiderus</strong></span> 
     </span>
     <span class='ocr_line' id='line_1_32' title="bbox 73 3709 1348 3788; baseline -0.001 -16"><span class='ocrx_word' id='word_1_271' title='bbox 73 3711 117 3772; x_wconf 80' lang='lat' dir='ltr'><strong>ut</strong></span> <span class='ocrx_word' id='word_1_272' title='bbox 148 3709 292 3785; x_wconf 88' lang='lat' dir='ltr'><strong>proiecto</strong></span> <span class='ocrx_word' id='word_1_273' title='bbox 325 3710 373 3771; x_wconf 92' lang='lat' dir='ltr'><strong>ita</strong></span> <span class='ocrx_word' id='word_1_274' title='bbox 406 3709 529 3771; x_wconf 88' lang='lat' dir='ltr'><strong>insulse</strong></span> <span class='ocrx_word' id='word_1_275' title='bbox 560 3709 684 3770; x_wconf 89' lang='lat' dir='ltr'><strong>dictum</strong></span> <span class='ocrx_word' id='word_1_276' title='bbox 715 3711 766 3771; x_wconf 91' lang='lat' dir='ltr'><strong>est</strong></span> <span class='ocrx_word' id='word_1_277' title='bbox 788 3710 826 3770; x_wconf 92' lang='lat' dir='ltr'><strong>ut</strong></span> <span class='ocrx_word' id='word_1_278' title='bbox 848 3725 923 3772; x_wconf 90' lang='lat' dir='ltr'><strong>earn</strong></span> <span class='ocrx_word' id='word_1_279' title='bbox 942 3709 1178 3773; x_wconf 90' lang='lat' dir='ltr'><strong>absurditatem</strong></span> <span class='ocrx_word' id='word_1_280' title='bbox 1202 3712 1348 3788; x_wconf 91' lang='lat' dir='ltr'><strong>superari</strong></span> 
     </span>
     <span class='ocr_line' id='line_1_33' title="bbox 73 3811 1347 3889; baseline 0.003 -17"><span class='ocrx_word' id='word_1_281' title='bbox 73 3827 172 3888; x_wconf 90' lang='lat' dir='ltr'><strong>posse</strong></span> <span class='ocrx_word' id='word_1_282' title='bbox 194 3827 331 3886; x_wconf 79' lang='lat' dir='ltr'><strong>negares</strong></span> <span class='ocrx_word' id='word_1_283' title='bbox 353 3811 418 3873; x_wconf 89' lang='lat' dir='ltr'><strong>nisi</strong></span> <span class='ocrx_word' id='word_1_284' title='bbox 440 3812 554 3873; x_wconf 89' lang='lat' dir='ltr'><strong>statim</strong></span> <span class='ocrx_word' id='word_1_285' title='bbox 577 3815 651 3889; x_wconf 85' lang='lat' dir='ltr'><strong>post</strong></span> <span class='ocrx_word' id='word_1_286' title='bbox 674 3812 787 3874; x_wconf 88' lang='lat' dir='ltr'><strong>oculus</strong></span> <span class='ocrx_word' id='word_1_287' title='bbox 809 3813 865 3874; x_wconf 91' lang='lat' dir='ltr'><strong>ille</strong></span> <span class='ocrx_word' id='word_1_288' title='bbox 888 3816 1129 3888; x_wconf 90' lang='lat' dir='ltr'><strong>compararetur</strong></span> <span class='ocrx_word' id='word_1_289' title='bbox 1155 3830 1231 3876; x_wconf 93' lang='lat' dir='ltr'><strong>cum</strong></span> <span class='ocrx_word' id='word_1_290' title='bbox 1255 3816 1347 3876; x_wconf 90' lang='lat' dir='ltr'><strong>scuto</strong></span> 
     </span>
     <span class='ocr_line' id='line_1_34' title="bbox 78 3912 1347 3998; baseline 0.004 -25"><span class='ocrx_word' id='word_1_291' title='bbox 78 3912 293 3998; x_wconf 62' lang='lat' dir='ltr'><strong>„empedocle”</strong></span> <span class='ocrx_word' id='word_1_292' title='bbox 315 3913 366 3974; x_wconf 90' lang='lat' dir='ltr'><strong>cui</strong></span> <span class='ocrx_word' id='word_1_293' title='bbox 386 3915 618 3990; x_wconf 87' lang='lat' dir='ltr'><strong>comparationi</strong></span> <span class='ocrx_word' id='word_1_294' title='bbox 639 3914 732 3977; x_wconf 88' lang='lat' dir='ltr'><strong>iacile</strong></span> <span class='ocrx_word' id='word_1_295' title='bbox 752 3916 860 3989; x_wconf 85' lang='lat' dir='ltr'><strong>quivis</strong></span> <span class='ocrx_word' id='word_1_296' title='bbox 875 3916 1021 3992; x_wconf 90' lang='lat' dir='ltr'><strong>palmam</strong></span> <span class='ocrx_word' id='word_1_297' title='bbox 1033 3917 1186 3978; x_wconf 90' lang='lat' dir='ltr'><strong>concedet</strong></span> <span class='ocrx_word' id='word_1_298' title='bbox 1197 3917 1347 3994; x_wconf 88' lang='lat' dir='ltr'><strong>ineptiae.</strong></span> 
     </span>
     <span class='ocr_line' id='line_1_35' title="bbox 75 4015 1348 4095; baseline 0.004 -19"><span class='ocrx_word' id='word_1_299' title='bbox 75 4016 165 4093; x_wconf 85' lang='lat' dir='ltr'><strong>Quae</strong></span> <span class='ocrx_word' id='word_1_300' title='bbox 196 4015 295 4090; x_wconf 88' lang='lat' dir='ltr'><strong>igitur</strong></span> <span class='ocrx_word' id='word_1_301' title='bbox 325 4030 424 4076; x_wconf 89' lang='lat' dir='ltr'><strong>causa</strong></span> <span class='ocrx_word' id='word_1_302' title='bbox 454 4016 494 4077; x_wconf 92' lang='lat' dir='ltr'><strong>ad</strong></span> <span class='ocrx_word' id='word_1_303' title='bbox 525 4016 605 4077; x_wconf 91' lang='lat' dir='ltr'><strong>talia</strong></span> <span class='ocrx_word' id='word_1_304' title='bbox 632 4016 868 4079; x_wconf 83' lang='lat' dir='ltr'><strong>Callimachum</strong></span> <span class='ocrx_word' id='word_1_305' title='bbox 890 4018 1043 4080; x_wconf 79' lang='lat' dir='ltr'><strong>induxit?</strong></span> <span class='ocrx_word' id='word_1_306' title='bbox 1067 4018 1173 4095; x_wconf 81' lang='lat' dir='ltr'><strong>clipeo</strong></span> <span class='ocrx_word' id='word_1_307' title='bbox 1196 4020 1252 4081; x_wconf 92' lang='lat' dir='ltr'><strong>illo</strong></span> <span class='ocrx_word' id='word_1_308' title='bbox 1274 4036 1348 4095; x_wconf 87' lang='lat' dir='ltr'><strong>qua·</strong></span> 
     </span>
     <span class='ocr_line' id='line_1_36' title="bbox 75 4117 1350 4194; baseline 0.002 -14"><span class='ocrx_word' id='word_1_309' title='bbox 75 4117 213 4193; x_wconf 90' lang='lat' dir='ltr'><strong>druplici</strong></span> <span class='ocrx_word' id='word_1_310' title='bbox 236 4117 359 4179; x_wconf 90' lang='lat' dir='ltr'><strong>imitari</strong></span> <span class='ocrx_word' id='word_1_311' title='bbox 389 4118 500 4192; x_wconf 89' lang='lat' dir='ltr'><strong>opinor</strong></span> <span class='ocrx_word' id='word_1_312' title='bbox 530 4118 633 4180; x_wconf 83' lang='lat' dir='ltr'><strong>voluit</strong></span> <span class='ocrx_word' id='word_1_313' title='bbox 655 4134 768 4180; x_wconf 89' lang='lat' dir='ltr'><strong>eorum</strong></span> <span class='ocrx_word' id='word_1_314' title='bbox 791 4119 1008 4194; x_wconf 88' lang='lat' dir='ltr'><strong>epithetorum</strong></span> <span class='ocrx_word' id='word_1_315' title='bbox 1031 4136 1128 4182; x_wconf 91' lang='lat' dir='ltr'><strong>usum</strong></span> <span class='ocrx_word' id='word_1_316' title='bbox 1149 4122 1350 4183; x_wconf 88' lang='lat' dir='ltr'><strong>homericum</strong></span> 
     </span>
     <span class='ocr_line' id='line_1_37' title="bbox 76 4219 1349 4302; baseline 0.003 -22"><span class='ocrx_word' id='word_1_317' title='bbox 76 4234 161 4294; x_wconf 89' lang='lat' dir='ltr'><strong>quas</strong></span> <span class='ocrx_word' id='word_1_318' title='bbox 192 4219 287 4281; x_wconf 90' lang='lat' dir='ltr'><strong>bodie</strong></span> <span class='ocrx_word' id='word_1_319' title='bbox 320 4220 507 4295; x_wconf 77' lang='lat' dir='ltr'><strong>„ornantia”</strong></span> <span class='ocrx_word' id='word_1_320' title='bbox 541 4220 707 4296; x_wconf 91' lang='lat' dir='ltr'><strong>dicuntur;</strong></span> <span class='ocrx_word' id='word_1_321' title='bbox 739 4223 774 4282; x_wconf 89' lang='lat' dir='ltr'><strong>at</strong></span> <span class='ocrx_word' id='word_1_322' title='bbox 801 4236 876 4282; x_wconf 91' lang='lat' dir='ltr'><strong>cum</strong></span> <span class='ocrx_word' id='word_1_323' title='bbox 900 4219 979 4297; x_wconf 80' lang='grc' dir='ltr'><strong><em>φάεα</em></strong></span> <span class='ocrx_word' id='word_1_324' title='bbox 1002 4220 1192 4302; x_wconf 77' lang='grc' dir='ltr'><strong><em>μουνόγληνα</em></strong></span> <span class='ocrx_word' id='word_1_325' title='bbox 1219 4224 1349 4301; x_wconf 89' lang='lat' dir='ltr'><strong>diceret,</strong></span> 
     </span>
     <span class='ocr_line' id='line_1_38' title="bbox 77 4318 1351 4403; baseline 0.002 -20"><span class='ocrx_word' id='word_1_326' title='bbox 77 4321 276 4395; x_wconf 83' lang='lat' dir='ltr'><strong>tragicorum</strong></span> <span class='ocrx_word' id='word_1_327' title='bbox 309 4319 430 4400; x_wconf 76' lang='grc' dir='ltr'><strong><em>σπείρας</em></strong></span> <span class='ocrx_word' id='word_1_328' title='bbox 460 4319 677 4399; x_wconf 83' lang='grc' dir='ltr'><strong><em>πολυπλόκους,</em></strong></span> <span class='ocrx_word' id='word_1_329' title='bbox 707 4318 782 4400; x_wconf 79' lang='grc' dir='ltr'><strong>ἀχὰν</strong></span> <span class='ocrx_word' id='word_1_330' title='bbox 812 4322 1006 4401; x_wconf 82' lang='grc' dir='ltr'><strong><em>πολύστονον,</em></strong></span> <span class='ocrx_word' id='word_1_331' title='bbox 1032 4324 1128 4397; x_wconf 85' lang='grc' dir='ltr'><strong><em>πύλας</em></strong></span> <span class='ocrx_word' id='word_1_332' title='bbox 1151 4321 1351 4403; x_wconf 78' lang='grc' dir='ltr'><strong><em>ἑπταστόμους</em></strong></span> 
     </span>
     <span class='ocr_line' id='line_1_39' title="bbox 77 4422 1353 4503; baseline 0.001 -17"><span class='ocrx_word' id='word_1_333' title='bbox 77 4423 239 4486; x_wconf 87' lang='lat' dir='ltr'><strong>aemulari</strong></span> <span class='ocrx_word' id='word_1_334' title='bbox 262 4422 324 4483; x_wconf 91' lang='lat' dir='ltr'><strong>sibi</strong></span> <span class='ocrx_word' id='word_1_335' title='bbox 348 4423 526 4501; x_wconf 84' lang='lat' dir='ltr'><strong>videbatur,</strong></span> <span class='ocrx_word' id='word_1_336' title='bbox 551 4424 660 4499; x_wconf 91' lang='lat' dir='ltr'><strong>ipsum</strong></span> <span class='ocrx_word' id='word_1_337' title='bbox 683 4426 794 4485; x_wconf 90' lang='lat' dir='ltr'><strong>autem</strong></span> <span class='ocrx_word' id='word_1_338' title='bbox 819 4425 1028 4503; x_wconf 84' lang='lat' dir='ltr'><strong>adiectivum,</strong></span> <span class='ocrx_word' id='word_1_339' title='bbox 1049 4427 1132 4502; x_wconf 91' lang='lat' dir='ltr'><strong>quod</strong></span> <span class='ocrx_word' id='word_1_340' title='bbox 1151 4427 1353 4501; x_wconf 85' lang='lat' dir='ltr'><strong>Lycophroni</strong></span> 
     </span>
     <span class='ocr_line' id='line_1_40' title="bbox 78 4524 1351 4608; baseline 0.002 -21"><span class='ocrx_word' id='word_1_341' title='bbox 78 4524 200 4601; x_wconf 79' lang='lat' dir='ltr'><strong>debuit,</strong></span> <span class='ocrx_word' id='word_1_342' title='bbox 224 4524 280 4598; x_wconf 82' lang='lat' dir='ltr'><strong>qui</strong></span> <span class='ocrx_word' id='word_1_343' title='bbox 303 4540 351 4586; x_wconf 77' lang='lat' dir='ltr'><strong>VS.</strong></span> <span class='ocrx_word' id='word_1_344' title='bbox 366 4527 431 4587; x_wconf 80' lang='lat'><strong>659</strong></span> <span class='ocrx_word' id='word_1_345' title='bbox 454 4526 575 4587; x_wconf 79' lang='lat' dir='ltr'><strong>rectius</strong></span> <span class='ocrx_word' id='word_1_346' title='bbox 599 4541 677 4589; x_wconf 79' lang='lat' dir='ltr'><strong>sane</strong></span> <span class='ocrx_word' id='word_1_347' title='bbox 701 4525 908 4607; x_wconf 76' lang='grc' dir='ltr'><strong><em>,μονογλήνου</em></strong></span> <span class='ocrx_word' id='word_1_348' title='bbox 929 4525 1030 4608; x_wconf 77' lang='grc' dir='ltr'><strong><em>στέγας</em></strong></span> <span class='ocrx_word' id='word_1_349' title='bbox 1052 4527 1206 4607; x_wconf 82' lang='grc' dir='ltr'><strong><em>χάρωνος”</em></strong></span> <span class='ocrx_word' id='word_1_350' title='bbox 1230 4544 1351 4590; x_wconf 85' lang='lat' dir='ltr'><strong>memo·</strong></span> 
     </span>
     <span class='ocr_line' id='line_1_41' title="bbox 78 4627 1351 4709; baseline 0.002 -22"><span class='ocrx_word' id='word_1_351' title='bbox 78 4628 175 4703; x_wconf 84' lang='lat' dir='ltr'><strong>ravit,</strong></span> <span class='ocrx_word' id='word_1_352' title='bbox 196 4642 234 4688; x_wconf 89' lang='lat' dir='ltr'><strong>so</strong></span> <span class='ocrx_word' id='word_1_353' title='bbox 255 4627 387 4688; x_wconf 89' lang='lat' dir='ltr'><strong>consilio</strong></span> <span class='ocrx_word' id='word_1_354' title='bbox 412 4628 547 4703; x_wconf 88' lang='lat' dir='ltr'><strong>arripuit</strong></span> <span class='ocrx_word' id='word_1_355' title='bbox 566 4630 604 4688; x_wconf 93' lang='lat' dir='ltr'><strong>ut</strong></span> <span class='ocrx_word' id='word_1_356' title='bbox 625 4629 713 4691; x_wconf 85' lang='lat' dir='ltr'><strong>vocis</strong></span> <span class='ocrx_word' id='word_1_357' title='bbox 730 4628 825 4709; x_wconf 71' lang='grc' dir='ltr'><strong><em>γλήνη</em></strong></span> <span class='ocrx_word' id='word_1_358' title='bbox 845 4630 1001 4692; x_wconf 89' lang='lat' dir='ltr'><strong>indicaret</strong></span> <span class='ocrx_word' id='word_1_359' title='bbox 1016 4632 1259 4706; x_wconf 87' lang='lat' dir='ltr'><strong>etymologiam.</strong></span> <span class='ocrx_word' id='word_1_360' title='bbox 1272 4630 1351 4707; x_wconf 77' lang='grc' dir='ltr'><strong><em>φάεα</em></strong></span> 
     </span>
    </p>
   </div>
   <div class='ocr_carea' id='block_1_3' title="bbox 0 0 1566 5294">
    <p class='ocr_par' dir='ltr' id='par_1_7' title="bbox 0 0 1566 5294">
     <span class='ocr_line' id='line_1_42' title="bbox 0 0 1566 5294; baseline 0 0"><span class='ocrx_word' id='word_1_361' title='bbox 0 0 1566 5294; x_wconf 95' lang='lat' dir='ltr'><strong> </strong></span> 
     </span>
    </p>
   </div>
  </div>
 </body>
</html>
