3068 5288
818 423 892 486 62.

205 616 249 675 At
272 613 492 675 Callimachus
523 614 570 673 ita
598 614 694 673 modo
717 612 907 687 Delphicam
930 612 1140 673 maiestatem
1157 611 1330 672 reveritus
1354 613 1393 671 ut
1416 608 1481 670 Deli

204 717 343 791 gloriam
373 715 447 775 inde
476 715 580 774 minui
616 729 681 774 non
707 714 808 789 sinai,
834 714 933 787 negat
955 711 1088 788 Delphis
1112 715 1245 773 demum
1270 716 1389 773 natam
1412 728 1480 773 esse

203 818 408 895 primamque
432 816 584 892 exempla
606 815 733 876 dedisse
756 814 916 889 Apollinis
936 813 1089 892 μαντικήν.
1110 814 1256 876 Artificio
1277 816 1379 891 enim,
1400 815 1479 888 quod

204 920 297 980 nobis
327 936 364 980 eo
394 920 505 979 minus
528 917 669 993 placebit
692 916 776 991 quod
806 916 906 977 simul
929 916 1054 977 duabus
1081 917 1178 978 rebus
1199 917 1358 993 prodesse
1382 915 1480 976 voluit

204 1024 312 1098 poeta,
337 1022 459 1096 gloriae
472 1018 634 1096 Apollinis
647 1033 767 1078 cavens
779 1033 817 1078 ac
829 1018 915 1093 regis
927 1018 979 1078 sui
991 1017 1154 1095 laudibus,
1168 1017 1266 1078 finxit
1278 1018 1374 1078 illum
1387 1018 1478 1077 deum

203 1125 270 1184 iam
300 1128 477 1196 antequam
501 1120 642 1196 Delphos
666 1120 802 1180 adiisset
828 1120 1078 1196 vaticinantem,
1103 1134 1188 1181 novo
1211 1135 1347 1196 prorsus
1371 1119 1476 1191 modo,

203 1239 322 1300 nempe
353 1225 386 1283 in
416 1225 509 1283 utero
542 1223 672 1298 mairie,
706 1237 810 1296 neque
841 1220 944 1282 semel
975 1221 1055 1281 illud
1084 1221 1140 1282 sed
1165 1222 1225 1283 bis.
1251 1221 1319 1298 Quo
1345 1219 1477 1281 artificio

204 1325 245 1385 ad
275 1341 452 1400 quemnam
483 1323 583 1384 finem
607 1338 693 1383 nunc
715 1325 812 1399 poeta
834 1324 946 1382 utatur
977 1322 1100 1383 multas
1123 1339 1176 1384 res
1207 1338 1377 1399 exponens
1400 1336 1477 1397 quae

203 1426 308 1487 multo
340 1428 454 1501 postea
485 1425 618 1485 demum
646 1425 775 1485 futurae
798 1426 911 1485 esseut
930 1417 969 1505 ¹),
994 1426 1028 1484 et
1050 1422 1177 1484 fabulas
1196 1426 1345 1486 tractans
1369 1438 1477 1485 earum

204 1529 373 1603 regionum
396 1542 477 1602 quas
501 1527 569 1587 adit
591 1528 732 1603 Latona,
756 1526 788 1586 id
808 1541 894 1586 nunc
917 1525 1044 1600 neglegi
1066 1525 1159 1601 licet;
1183 1541 1286 1587 unum
1310 1526 1392 1586 illud
1416 1540 1477 1584 mo·

204 1645 314 1707 neam,
341 1631 438 1690 deum
458 1629 603 1690 noudum
628 1632 742 1690 natum
763 1629 834 1705 ipso
857 1628 1004 1688 vaticinii
1029 1628 1120 1689 initio
1144 1628 1263 1688 diserte
1287 1627 1478 1703 Delphicum

204 1731 372 1792 oraculum
408 1744 592 1790 memorare
626 1732 723 1804 atque
759 1731 806 1789 ita
840 1728 996 1789 iudicium
1026 1732 1142 1804 poetae
1171 1729 1366 1804 patefacere.
1399 1727 1480 1786 Nam

204 1832 331 1893 Thebas
358 1833 518 1907 increpat:
553 1831 645 1907 „Noli
677 1845 731 1891 me
762 1831 904 1891 invitum
935 1830 1064 1906 adigere
1087 1833 1124 1890 ut
1147 1829 1304 1890 vaticinia
1326 1830 1480 1889 nunciam

202 1935 380 2010 proferam,
412 1935 557 1994 noudum
587 1933 671 1992 enim
704 1934 824 1993 eortina
854 1931 1003 2007 Delphica
1032 1932 1111 1992 mibi
1141 1933 1228 1993 cordi
1251 1935 1306 2009 eet,
1335 1932 1480 1992 nondum

202 2051 278 2096 mea
309 2051 409 2096 manu
435 2034 586 2095 occubuit
609 2033 765 2095 immanis
788 2034 897 2094 draco:
929 2048 949 2092 a
970 2032 1066 2093 Plisti
1089 2034 1168 2109 ripis
1191 2034 1371 2109 adserpcus
1394 2034 1481 2093 nivo·

203 2152 278 2197 sum
309 2137 509 2197 Parnassum
541 2136 766 2211 circumcingit
796 2137 984 2197 etiamnunc
1016 2149 1135 2196 novem
1158 2134 1289 2195 orbibus
1312 2134 1482 2195 horridum

205 2241 391 2298 monstrum
415 2240 513 2311 atque
535 2237 721 2313 barbatum,

425 2333 484 2399 ἀλλ’
510 2335 605 2416 ἔμπης
628 2335 699 2416 ἐρέω
721 2361 749 2398 τι
771 2338 932 2417 τορώτερον
955 2334 976 2417 ἢ
998 2334 1058 2397 ὑπὸ
1084 2335 1224 2415 δᾶφνης”
1247 2331 1280 2408 ²).

248 2440 329 2501 Nolo
362 2441 557 2502 contendere
584 2440 821 2501 Callimachum
846 2456 921 2502 curn
944 2441 1042 2501 hosce
1070 2455 1186 2500 versus
1211 2443 1427 2515 componeret
1453 2439 1484 2500 id

203 2543 299 2603 modo
319 2543 439 2619 egisse,
459 2542 538 2602 illud
555 2543 725 2618 praecipue
745 2542 865 2603 aluisse
886 2541 1072 2618 consilium,
1091 2543 1128 2601 ut
1139 2542 1331 2616 infringeret
1344 2542 1483 2603 auctori·

203 2647 307 2705 tatem
330 2645 460 2719 Pythici
482 2643 608 2720 templi.
633 2643 785 2704 Fortasse
808 2660 924 2720 parum
949 2644 988 2703 de
1011 2643 1146 2716 antiqua
1168 2642 1372 2719 Delphorum
1397 2644 1482 2703 theo·

203 2745 290 2820 logia
319 2748 397 2806 tunc
428 2746 559 2820 quidem
595 2745 761 2819 cogitavit.
786 2746 830 2806 At
853 2745 967 2806 efferre
991 2760 1066 2805 cum
1090 2745 1207 2805 ceteris
1230 2744 1365 2804 vatibus
1389 2744 1483 2821 Apol·

201 2847 277 2907 linis
317 2846 464 2922 Delphici
506 2847 646 2907 honores
689 2846 804 2906 noluit.
851 2845 941 2922 Quod
983 2847 1013 2905 si
1050 2846 1123 2920 quis
1161 2848 1258 2920 neget
1299 2845 1368 2906 tale
1409 2846 1485 2920 quid

202 2947 363 3022 cogitasse
405 2950 551 3024 poetam,
595 2963 671 3008 cum
707 2949 902 3022 praesertim
937 2949 1065 3009 constet
1098 2946 1350 3023 Philadelphum
1390 2948 1484 3009 donis

203 3050 311 3110 adisse
335 3050 466 3124 saepius
489 3048 657 3109 Phoebum
681 3050 852 3126 Pythium,
882 3049 1023 3110 alterum
1046 3050 1185 3110 adiciam
1210 3049 1416 3124 exemplum.

247 3150 403 3211 Constare
422 3150 593 3210 videbatur
613 3151 771 3228 antiquis,
794 3152 994 3212 coloniarum
1006 3151 1266 3213 deducendarum
1278 3151 1483 3226 praesidium

237 3404 257 3469 ¹)
274 3406 417 3454 artificium
440 3407 505 3454 illud
531 3407 615 3467 poetis
640 3407 717 3455 huius
744 3409 836 3456 aetatis
860 3408 1058 3457 dilectissimum
1076 3409 1134 3471 luit,
1155 3412 1185 3457 ut
1201 3422 1248 3470 per
1266 3408 1391 3456 vaticinia
1408 3409 1482 3470 quid·

202 3486 267 3533 libet
291 3486 434 3533 enarrando
457 3499 487 3533 ea
512 3500 579 3546 quae
603 3491 661 3546 posi
689 3488 758 3534 iacta
783 3490 870 3535 esseut
896 3490 982 3536 tamen
1007 3487 1122 3536 carmine
1142 3501 1189 3536 suo
1205 3491 1393 3543 memorareut;
1413 3488 1483 3549 qued

203 3565 269 3612 idem
288 3565 381 3612 iecisse
398 3567 514 3613 nostrum
531 3565 558 3612 iu
574 3563 666 3613 Hecale
682 3564 725 3624 (fr.
743 3567 831 3615 Hecal.
850 3580 864 3613 a
880 3568 972 3628 Gomp.
988 3567 1091 3616 educi.
1109 3569 1135 3629 1)
1150 3569 1277 3628 sagaciter
1293 3567 1483 3616 demonstravit

202 3645 233 3692 Η.
251 3645 276 3693 J.
289 3644 370 3692 Polelr
386 3642 531 3706 <Versum
552 3659 581 3691 ea
602 3642 796 3708 Mededeela'agea
814 3645 856 3693 der
873 3644 991 3694 Koniskt.
1009 3646 1088 3695 Akad.
1106 3662 1128 3695 c.
1151 3646 1209 3695 Wer.
1229 3648 1294 3695 1894
1308 3663 1333 3709 p.
1353 3648 1404 3696 16'1
1420 3648 1482 3711 sqq.)

203 3724 292 3772 Artem
312 3723 383 3771 illam
401 3723 490 3771 deberi
507 3720 672 3784 Lycophroni
689 3738 765 3773 nemo
782 3712 900 3785 ignorat

235 3799 315 3864 ⁷)1v.
333 3804 441 3851 aa-ea
467 3804 508 3850 Ita
535 3803 639 3852 'l'hebas
665 3804 849 3864 adloquentem
871 3807 969 3854 faciens
992 3807 1138 3867 Apollinem
1163 3807 1276 3854 noudum
1294 3809 1387 3855 uatum
1405 3810 1482 3868 poeta

202 3884 351 3943 ceteroquin
375 3883 537 3942 antiquitatis
563 3883 777 3944 diligentissimus
799 3899 868 3933 nuuc
893 3886 1042 3947 exemplum
1063 3887 1178 3946 neglegit
1198 3886 1288 3946 hymni
1310 3887 1439 3934 homerici
1455 3888 1482 3934 iu

202 3964 360 4024 Apollinem,
387 3975 465 4022 quem
490 3977 519 4010 re
544 3965 649 4025 saepius
674 3977 840 4025 oppugnans,
864 3967 949 4014 verbis
973 3970 1057 4013 tetum
1080 3966 1195 4012 imitatus
1219 3968 1282 4013 erat.
1304 3965 1388 4012 Poeta
1413 3967 1482 4013 euim

201 4044 347 4091 homericus
370 4047 557 4091 memoraverat
574 4044 679 4103 quidem
698 4057 734 4092 vs.
749 4047 797 4093 115
817 4047 895 4109 θήρης
911 4047 973 4101 dioc,
995 4045 1042 4093 sed
1060 4045 1194 4092 addiderat
1210 4045 1277 4092 Dlud
1292 4047 1356 4092 tuuc
1374 4045 1481 4104 quidem

202 4124 283 4172 lmese
300 4121 451 4182 xuaaerpa'ser
470 4124 522 4185 dap,

535 4205 563 4250 ct
581 4206 625 4268 γάρ
643 4207 681 4251 nui
698 4219 732 4258 τις
749 4205 810 4251 isera
826 4210 917 4269 βροτῶν
933 4208 982 4270 ἱερῇ
998 4206 1031 4251 iu
1050 4206 1116 4267 Oislp

534 4283 588 4330 οὐδ’
608 4283 655 4348 ἄρα
673 4297 711 4330 ner
727 4286 779 4331 stae
797 4285 817 4343 γ’
838 4280 896 4344 ἦσαν
912 4285 1035 4349 deuoueret
1054 4284 1108 4331 obit
1124 4283 1232 4331 κέλινθοι

535 4362 615 4424 Cistepe
632 4360 665 4419 tp
682 4361 764 4409 nacitor
780 4366 928 4427 πυρηφόρον,
945 4363 992 4410 ἀλλ’
1012 4364 1066 4423 igar
1082 4364 1129 4422 ὕλη.

201 4442 298 4487 'Pamen
319 4440 409 4498 paucis
427 4438 545 4487 versibus
563 4443 622 4486 ente
640 4437 772 4488 Boeotiam
790 4444 881 4501 Accipe
898 4441 984 4489 dicere
1002 4454 1052 4488 uon
1069 4441 1166 4489 oblitus
1183 4443 1240 4488 erat
1256 4439 1304 4497 (vs.
1323 4442 1384 4504 75),
1401 4443 1482 4503 Lyco·

199 4519 306 4581 phronis
331 4519 478 4579 exemplum
502 4521 607 4567 secutus
631 4517 713 4577 (Alea.
740 4522 804 4568 1109
828 4521 862 4569 ci.
887 4523 950 4570 1206
971 4535 1048 4580 quem
1068 4533 1171 4569 versum
1190 4522 1336 4569 accuratius
1353 4526 1484 4584 expressit

199 4597 351 4658 Apollonius
367 4595 458 4660 Argon.
474 4597 522 4646 ΙΙΙ,
542 4595 627 4660 nra).
