3090 5294
69 447 231 534 εὀ-ιο
690 472 714 542 9

68 665 138 725 beri
172 665 364 741 saepissime
395 683 416 728 a
442 665 656 743 Callimacho,
680 681 756 728 cum
790 667 876 728 baud
903 666 1012 728 crebro
1039 666 1073 725 in
1096 664 1268 726 homericis
1291 665 1339 725 ita

69 770 266 842 usurpatum
294 768 400 843 esset;
432 768 466 828 in
496 768 593 830 verbo
624 767 911 828 τεκταίνεσθαι
941 769 981 829 ab
1003 768 1166 828 homerico
1191 782 1252 827 usu
1275 782 1339 827 non

68 870 250 931 decessisse
271 869 517 945 Callimachum
540 870 575 930 in
598 870 706 931 verbis
732 867 813 947 „ieet
838 867 895 950 γὰρ
917 866 996 929 αίεί”
1020 870 1185 945 spectasse
1208 871 1339 943 poetam

67 968 163 1042 θεοὺς
194 967 258 1031 αἰὲν
292 969 402 1043 ἐόντας.
437 971 619 1033 Levissima
654 974 734 1034 haec
763 973 884 1049 omnia,
915 971 1011 1048 paulo
1034 972 1172 1033 sortasse
1206 970 1340 1031 maioris

69 1074 230 1133 momenti
263 1074 325 1135 erit
358 1074 529 1135 observare
561 1090 609 1135 vs.
636 1077 676 1135 10
703 1064 784 1153 „ixl
819 1073 962 1150 μίλιστα”
994 1074 1061 1135 iam
1092 1071 1339 1149 Callimachum,

68 1173 98 1232 si
128 1189 194 1247 qua
215 1174 296 1237 fides
323 1178 374 1237 est
401 1191 551 1237 summae
575 1177 721 1238 codicum
748 1176 945 1253 concordiae,
969 1176 1138 1251 scripsisse
1161 1164 1209 1252 ἧχι
1232 1174 1302 1235 sine
1329 1195 1341 1232 ι

68 1275 241 1354 adscripto,
273 1293 372 1351 quam
402 1278 543 1339 formam
573 1278 690 1352 ubique
720 1279 755 1339 in
784 1279 885 1340 Iliade
907 1277 1018 1339 sedulo
1041 1278 1170 1338 tutatus
1193 1278 1244 1338 est
1266 1276 1341 1351 post

68 1391 146 1437 eum
175 1379 394 1441 Aristarchus.
427 1379 598 1451 (Lunwros
626 1381 726 1442 Arist.
750 1382 775 1442 Ι.
804 1382 878 1442 201.
904 1381 964 1455 2ος
989 1380 1063 1440 529.
1088 1380 1141 1440 21.
1165 1376 1338 1439 Herodian.¹

66 1479 94 1541 Ι.
117 1481 193 1541 505.
217 1480 257 1542 οί.
281 1481 328 1543 De
350 1483 420 1544 Ian:
442 1498 473 1557 p.
498 1482 562 1552 82.)

111 1581 169 1643 Vs.
196 1584 235 1643 11
259 1580 371 1644 ἔσκεν
402 1579 492 1663 ὄρος
521 1583 716 1662 θάμνοισι
746 1580 993 1664 ιιιρισιιιιιές.
1021 1582 1190 1646 Novicium
1215 1584 1267 1643 est
1288 1601 1339 1641 τιε·

65 1679 202 1760 ρισιιιττὲς
235 1686 276 1747 ad
310 1685 494 1759 analogiam
523 1692 576 1745 τοῦ
607 1681 766 1763 ίιτισκιινης
796 1687 831 1747 et
852 1681 1006 1762 εὐσκειτὴς,
1028 1700 1111 1759 quae
1133 1685 1217 1759 apud
1240 1681 1339 1745 Theo-

64 1786 239 1860 phrastum
270 1788 304 1848 et
325 1786 536 1848 Aristotelem
559 1786 716 1864 invenies,
736 1787 914 1849 formatum
941 1779 972 1857 ¹).
1001 1785 1169 1847 invenisse
1193 1784 1339 1847 Callima·

64 1887 176 1963 chum,
211 1888 265 1960 qui
296 1887 428 1962 passive
459 1886 694 1962 significatione
715 1891 826 1950 nostro
848 1888 929 1965 loco,
953 1887 1060 1951 activa
1082 1888 1194 1950 autem
1216 1887 1270 1948 IV.
1296 1888 1337 1948 23

65 1988 261 2050 vocabulum
295 1989 451 2067 adhibuit,
485 2005 542 2064 pro
577 1991 664 2051 certo
699 1991 914 2052 demonstrari
949 1990 1078 2064 nequit;
1111 1991 1147 2050 at
1179 1989 1338 2069 suspicari

64 2089 152 2151 lieet.
177 2092 253 2166 Ipsa
274 2092 426 2154 adiectivi
448 2091 599 2154 formatio
623 2092 816 2154 documento
839 2094 891 2154 est
909 2093 1045 2153 minime
1065 2089 1338 2164 adstipulatorem

64 2191 168 2253 brisso
190 2192 424 2255 Callimachum
444 2209 557 2255 eorum
577 2195 718 2269 opinioni
737 2195 884 2268 quicum
904 2193 1104 2257 Doederlinio
1120 2191 1229 2263 (Gtoee.
1243 2192 1341 2262 2354)

64 2294 268 2356 homericum
295 2295 488 2374 περίσκεπτον
518 2295 730 2358 derivandum
753 2293 813 2356 ἀτὸ
836 2303 889 2356 τοῦ
913 2293 1031 2356 σκέιτειν
1059 2295 1263 2359 censuerunt.
1287 2293 1339 2364 (of.

65 2409 193 2469 quoque
212 2398 389 2460 Aristercb.
411 2399 452 2460 ad
472 2401 508 2457 Ε.
530 2402 561 2476 6,
584 2399 693 2460 Ludo.
717 2399 743 2460 1.
767 2400 843 2461 603.
870 2400 921 2472 10,
941 2399 975 2459 et
998 2397 1124 2461 Gallim.
1148 2412 1196 2472 ep.
1217 2396 1270 2457 VI.
1297 2397 1339 2484 7.)

64 2498 220 2559 Imitatus
243 2501 295 2560 eet
319 2515 450 2562 versum
473 2502 587 2575 hymni
609 2501 663 2563 IV.
690 2502 731 2562 23
754 2500 929 2576 Dionysius
955 2501 1025 2563 Per.
1051 2502 1116 2562 245

311 2598 430 2680 οὔρεσιν
453 2599 663 2681 ἀμφοτέροισιν
686 2598 922 2681 περισκεπέεσσιν
946 2599 1086 2682 ἐρυμνόν,

64 2700 120 2760 ubi
143 2702 289 2775 suspicor
310 2717 367 2777 pro
389 2700 654 2783 ἀμφοτέροισι
676 2703 900 2782 reponendum
922 2719 995 2766 esse
1018 2699 1286 2782 ἀμφοτέρωθι.

110 2802 166 2863 Vs.
192 2805 243 2865 12.
275 2803 355 2865 (lum
387 2805 521 2880 perfecti
550 2803 691 2884 κέχρημαι
714 2822 777 2867 usu
800 2807 974 2884 homerico,
998 2820 1095 2879 quem
1114 2819 1219 2878 neque
1238 2804 1339 2864 Attici

61 2906 179 2980 poetae
194 2907 416 2984 neglexerunt,
431 2908 553 2983 optime
569 2909 720 2972 convenit
735 2909 815 2969 illud
834 2905 1078 2987 κεχρημένον
1099 2903 1337 2983 Εἰλειθυίης

61 3021 205 3080 quocum
230 3010 410 3084 comparari
432 3013 569 3085 possunt
591 3011 755 3072 homerica
778 3008 878 3088 εὐνῆς,
899 3008 1017 3087 νόστον,
1041 3006 1139 3089 γάμον
1162 3003 1337 3085 κεχρημένος

61 3110 111 3178 (Τ.
135 3109 209 3170 262.
234 3133 263 3171 α.
289 3112 340 3172 13.
371 3133 397 3189 χ.
423 3114 487 3184 od.)
521 3113 626 3173 Minus
660 3114 773 3174 autem
807 3113 942 3186 vulgata
977 3112 1086 3186 captat
1121 3109 1339 3170 Callimachus

61 3225 140 3271 cum
174 3207 338 3290 ἕρτιετὸν
373 3213 451 3274 dicit
484 3214 522 3275 de
554 3216 670 3288 quovis
700 3215 845 3291 animali,
877 3214 961 3288 quod
985 3213 1109 3275 faciens
1130 3211 1274 3273 illustrat
1298 3226 1338 3271 ex

61 3326 155 3372 more
177 3327 236 3374 suo
259 3314 459 3377 homericum
484 3314 562 3389 ἅτιαξ
586 3313 749 3397 εἰρημένον.
775 3318 910 3379 Dixerat
931 3317 1094 3377 Homerus
1118 3312 1145 3372 d.
1168 3313 1232 3374 418

285 3415 383 3475 πάντα
406 3413 439 3477 δὲ
460 3416 633 3498 γιγνόμενος
656 3418 834 3498 πειρήσεται,
857 3413 917 3479 iod
943 3415 992 3478 ἔτιὶ
1013 3420 1103 3497 μαῖαν

286 3513 392 3595 ἑρπετὰ
412 3517 564 3599 γίγνονται
586 3518 637 3580 καί
658 3520 741 3599 ὕδωρ
763 3519 814 3581 καί
836 3515 997 3591 θεσπιδαὲς
1020 3525 1089 3597 ινῦρ.

60 3617 110 3678 Ut
144 3616 258 3677 unicus
293 3618 327 3678 in
362 3620 422 3681 bae
455 3637 490 3682 re
522 3623 574 3683 hio
605 3623 769 3697 Odysseae
791 3623 882 3685 locus
905 3623 952 3683 ita
971 3622 1066 3697 'apud
1088 3619 1217 3680 Atticos
1239 3617 1339 3678 nihilo

61 3719 262 3792 frequentior
291 3735 372 3781 usus
402 3722 466 3783 ille.
494 3723 578 3783 Nam
601 3724 678 3785 licet
700 3724 884 3799 Hesychius
905 3724 941 3783 ι’νι
962 3738 1030 3783 once
1053 3718 1157 3800 ἑρπετά
1184 3719 1235 3790 (of.
1260 3716 1337 3779 Gall.

59 3822 101 3882 fr.
127 3820 204 3890 228)
227 3824 359 3883 moneat
381 3831 616 3902 καταχρηστικῶς
639 3840 679 3886 ee
702 3841 780 3887 voce
802 3826 935 3886 indicari
961 3839 1026 3885 non
1053 3823 1159 3883 solum
1182 3816 1218 3878 τὰ
1240 3815 1339 3878 droia

62 3937 180 3983 verum
211 3924 311 3985 etiam
339 3927 448 3986 cetera
471 3926 635 4003 animalia,
658 3927 735 4001 quin
756 3928 856 3988 etiam
876 3927 1035 4001 homines,
1056 3925 1090 3984 in
1110 3923 1210 3983 attice
1227 3923 1338 3981 tamen

59 4025 155 4101 poesi
196 4040 325 4100 perraro
360 4027 457 4087 buius
491 4043 571 4087 usus
602 4029 752 4104 exempla
786 4029 942 4090 invenies.
977 4027 1171 4098 Plerumque
1205 4023 1339 4083 subesse

59 4126 231 4201 apparebit
264 4142 399 4188 sensum
434 4129 504 4189 sive
542 4131 702 4204 serpentis
742 4131 812 4191 sive
846 4129 965 4190 horridi
1000 4127 1168 4189 cuiusdam
1203 4124 1340 4186 monstri

58 4226 168 4289 veluti
189 4226 263 4290 Eur.
287 4228 390 4291 Andr.
415 4231 497 4292 269:

64 4441 290 4452 .-——-.

96 4581 116 4642 ¹)
133 4589 308 4650 πιριοκιιιάζιιν
325 4588 459 4635 Tuom.
476 4587 499 4635 Ιι.
510 4587 549 4651 μὶ.
564 4589 587 4635 4.
598 4589 620 4636 5.
631 4591 654 4636 3.
666 4614 696 4622 -
705 4588 844 4653 ιιιρισιιιιιὴς
859 4588 955 4635 ibidem
972 4590 995 4636 i.
1013 4592 1035 4638 l·
1051 4589 1066 4635 4
1082 4585 1231 4635 Schneiderl
1241 4597 1339 4634 dorreti·

57 4665 126 4712 tioni
144 4664 261 4713 debetur.
