3090 5294
835 445 875 505 16
1301 443 1327 502 Ι.
1351 442 1485 503 25-29

214 634 399 710 aequalium
432 648 523 694 moro
561 633 706 708 captator
739 631 883 709 aeduino,
917 647 973 707 pro
1007 631 1170 693 homerico
1203 627 1358 690 κνοίδαλον
1385 627 1485 703 ologit

213 735 447 812 κικώκτεκον,
466 735 552 795 haud
571 735 641 796 sino
661 734 793 795 consilio
811 734 950 794 fortasse
961 732 1145 793 fflstrahons
1156 747 1275 794 nomon
1290 731 1485 807 κνοψ,ηαο(λ

214 838 266 899 vol
297 854 338 899 cx
369 836 442 897 aliis
476 837 528 898 vol
559 852 601 898 ox
631 837 837 912 Lycophrona
869 851 928 897 ouo
951 850 1047 896 nosse
1069 836 1197 910 potarat
1219 834 1317 905 (Alea.
1341 836 1417 897 675.
1443 833 1484 894 cf.

213 940 283 1000 Nro.
314 940 389 999 λλον.
413 938 489 999 499.
515 939 589 999 520.
616 933 710 1019 751);
746 939 829 1013 quod
863 939 892 998 si
915 938 961 998 ·in
994 935 1157 997 κινώικεκον
1188 937 1340 997 distraxit
1362 937 1485 1011 nostor,

213 1043 354 1104 indicare
388 1041 526 1101 sonasse
560 1040 688 1101 volabat
718 1055 794 1100 cum
825 1039 922 1100 verbo
951 1041 1045 1098 κινεῖν
1066 1053 1106 1100 oa
1133 1038 1290 1099 vocabula
1312 1037 1485 1099 coniuncta

213 1158 286 1204 osae
320 1142 371 1213 (ci.
406 1141 518 1211 schol.)
559 1156 641 1214 quac
683 1142 716 1201 in
749 1141 912 1202 homon'oo
945 1138 1101 1200 κνώδαλον
1134 1140 1248 1215 postea
1280 1138 1342 1199 fuit
1378 1138 1485 1213 opinio

213 1244 347 1319 Apionis
377 1244 462 1304 toste
490 1243 658 1317 Apollonio
680 1242 775 1317 soph.
802 1243 875 1305 101.
906 1242 956 1303 15.
981 1276 1022 1285 -
1046 1243 1097 1303 Ad
1119 1240 1282 1303 homerica
1304 1240 1389 1313 quod
1411 1239 1486 1300 atti·

213 1348 280 1422 not,
300 1345 398 1407 verbo
420 1343 633 1403 νίσσεσθαι
657 1359 721 1405 non
741 1344 893 1405 redeundi
912 1344 969 1405 scd
988 1343 1085 1405 cundi
1105 1358 1239 1404 sonsum
1249 1341 1403 1403 tribuisse
1411 1356 1484 1402 nos-

213 1450 302 1508 trum
318 1462 415 1508 nemo
427 1446 598 1506 mirabitur
610 1446 659 1517 (cs.
672 1462 704 1507 v.
717 1447 844 1508 Lacuna
857 1445 954 1507 Ενολι.
966 1461 997 1520 p.
1012 1447 1097 1516 511.)
1110 1445 1259 1520 Speciosa
1272 1458 1347 1504 vcro
1366 1441 1485 1514 πεζὸν

212 1549 291 1610 dicit
310 1564 386 1610 aum
410 1548 517 1608 virum
539 1548 594 1621 qui
618 1545 812 1623 διψαλέος
836 1549 981 1624 „siccus”
1002 1547 1053 1618 (ci.
1066 1547 1120 1608 IV.
1136 1549 1198 1608 130
1219 1545 1367 1620 stApoll.
1382 1545 1485 1606 Rhod.

213 1651 267 1712 IV.
294 1650 370 1721 638)
401 1663 497 1723 super
527 1643 674 1710 futurum
704 1650 825 1711 flumen
847 1649 1092 1725 transgreditur,
1117 1665 1155 1711 co
1178 1664 1278 1710 sensu
1301 1662 1363 1720 quo
1387 1661 1486 1722 saepo

214 1754 377 1813 Homerus
410 1748 461 1810 τδν
493 1747 582 1821 πεζὸν
615 1751 746 1826 opponit
779 1752 809 1813 oi
843 1751 898 1825 qui
933 1767 1016 1812 navo
1051 1751 1196 1812 vehitur:
1233 1763 1359 1811 memor
1387 1748 1488 1822 igitur

213 1855 315 1915 fuisse
338 1855 409 1914 sius
428 1866 543 1913 vorsus
565 1853 728 1926 putandus
749 1856 810 1926 ost,
834 1853 890 1926 qui
912 1853 1016 1915 semol
1039 1854 1136 1926 atquo
1155 1852 1275 1912 iturum
1294 1849 1488 1924 inOdysssa

213 1955 350 2017 recurrit
383 1954 417 2027 (ξ.
453 1955 517 2016 190
551 1956 585 2015 et
618 1955 705 2027 alibi)
743 1953 798 2032 ,οὐ
834 1950 888 2033 μέν
917 1953 974 2036 γάρ
1008 1953 1038 2013 τί
1069 1970 1101 2013 σε
1132 1951 1221 2027 πεζὸν
1250 1948 1350 2029 ὀίομαλ
1374 1946 1485 2012 ἐνθάδ’

215 2054 363 2117 ίσέσθσλ.”
960 2074 964 2081 ·

258 2157 473 2229 πολύοινος
507 2160 618 2219 autom
649 2158 743 2233 plano
774 2159 939 2220 innovatio
970 2161 1021 2220 cst
1050 2159 1164 2233 poetae
1195 2172 1252 2232 pro
1284 2157 1389 2231 magis
1417 2156 1486 2217 vul·

215 2261 289 2332 gato
322 2256 508 2335 αολαψήφις,
540 2274 639 2332 quam
674 2260 725 2320 cui
756 2260 872 2321 debeat
897 2261 1069 2335 incertum,
1092 2273 1170 2318 nam
1193 2273 1309 2332 parum
1332 2257 1489 2319 utilitatis

215 2360 310 2420 affort
340 2359 434 2421 docta
468 2360 633 2421 adnotatio
663 2361 858 2422 scholiastae
889 2361 929 2421 ad
952 2361 1055 2435 Apoll.
1077 2359 1175 2420 Rhod.
1207 2360 1248 2420 H.
1275 2361 1358 2419 1172
1391 2364 1488 2435 ,σκῑαι

215 2460 250 2519 αλ
268 2468 369 2538 ψῆφοι
391 2458 473 2540 ιταρδι
495 2460 707 2540 Σκκοακίιις”,
728 2464 791 2523 nisi
815 2464 898 2536 quod
919 2479 961 2524 cx
983 2479 1023 2524 oa
1041 2477 1167 2536 quoquo
1187 2464 1320 2537 apparet
1337 2462 1489 2535 qualibus

214 2562 357 2623 flosculis
378 2563 540 2637 poeticum
563 2579 747 2627 sermonem
770 2565 926 2626 adornare
949 2565 1159 2626 Alexandrini
1186 2565 1300 2639 poetae
1321 2564 1486 2624 studeant.

215 2663 339 2723 Placuit
360 2664 531 2726 inventum
554 2663 742 2727 Callimachi
765 2667 934 2744 Nicandro,
962 2668 1037 2728 λλον.
1062 2668 1137 2728 950.
1161 2666 1239 2727 αλσο.
1264 2665 1338 2725 465.

258 2866 313 2927 VS.
338 2867 390 2928 28.
436 2863 534 2948 κσίὸ
560 2863 609 2928 ὑπ’
635 2867 801 2950 ιἰμηχανίης
825 2867 952 2950 σχομένη
976 2869 1053 2947 φιίτο
1076 2868 1183 2930 πότνια
1200 2863 1283 2928 Ῥεί·

440 2972 535 3046 ,Γαῖα
561 2969 644 3049 φίλη,
666 2968 728 3032 τέκε
750 2968 801 3031 καί
824 2973 878 3034 σύ·
902 2970 964 3032 τεαέ
987 2965 1017 3033 δ’
1045 2967 1149 3044 ὠδῖνες
1172 2967 1327 3049 έλαφραί.”

338 3070 381 3130 30
437 3062 499 3130 είπε
521 3069 571 3130 καί
593 3070 784 3133 ἀντανύσασα
806 3070 865 3151 θεὴ
888 3071 981 3154 μέγαν
1003 3071 1104 3150 ὑψόθι
1125 3080 1224 3151 πῆχνν

436 3173 544 3251 πλῆξεν
567 3171 636 3253 ὄρος
658 3174 811 3260 σκήπτρῳ·
834 3175 867 3237 τὸ
891 3174 924 3236 δέ
946 3175 979 3236 οί
999 3175 1066 3254 δίχα
1089 3173 1186 3236 πουλὺ
1210 3169 1318 3250 διέστη,

437 3270 468 3334 ἐκ
491 3269 519 3334 δ’
546 3273 623 3355 ἔχεεν
645 3274 719 3357 μέγα
742 3287 851 3357 χεῦμα·
876 3277 945 3340 τόθι
968 3277 1040 3358 χρόα
1064 3276 1256 3356 φατδρύνασα

437 3367 499 3435 ὧνα
520 3376 586 3438 τεὸν
609 3380 766 3459 σπείρωσι·
790 3378 876 3465 Νέδη
899 3377 933 3441 δέ
955 3395 987 3440 σε
1010 3380 1086 3440 δῶκε
1110 3379 1240 3456 κομίζειν

435 3478 570 3556 σταθμὸν
593 3478 649 3541 έσοο
674 3484 835 3563 Κρηταῖον,
857 3481 906 3542 ἴνα
929 3482 1031 3561 κρύφα
1053 3480 1219 3557 mariadoc,

339 3580 381 3639 35
437 3581 622 3667 πρεσβυτάτη
644 3581 798 3662 νυμφέων,
820 3583 857 3643 σί
873 3582 925 3662 μίν
946 3604 1010 3643 τοτε
1033 3581 1211 3662 μαιώσαντο,

436 3693 582 3769 πρωτιστῇ
604 3686 710 3766 γενεήν
733 3708 762 3746 τε
786 3683 857 3763 μετὰ
879 3685 982 3766 Στύγα
1005 3707 1034 3745 τε
1061 3686 1194 3765 Φιλύρην
1217 3704 1255 3743 τε.

261 3781 316 3842 Vs.
331 3784 372 3843 28
392 3786 430 3845 ut
451 3786 562 3847 aoristi
574 3783 697 3865 σχέσθαι
709 3788 875 3864 μαστίεται
892 3788 958 3848 vim
972 3788 1006 3848 in
1018 3787 1167 3861 loquendi
1179 3785 1327 3847 formulis
1339 3786 1487 3867 κηληθμῷ

215 3878 344 3962 ἔσχοντο,
374 3880 439 3964 δίχα·
465 3885 602 3966 σχομένη,
624 3891 762 3967 docorot,
795 3891 893 3951 vortit
916 3890 1000 3964 quod
1023 3891 1131 3951 activa
1155 3889 1243 3951 verbi
1268 3888 1373 3949 forma
1396 3902 1487 3947 cnar-

214 3989 345 4047 raverat
376 3988 539 4050 Homerus
561 4012 580 4049 κ.
605 3993 669 4052 295
698 3989 866 4070 ,ἀμηχανίη
890 3985 920 4051 δ’
948 3989 992 4070 ἔχε
1014 3991 1147 4070 θνμόν.”

259 4087 403 4162 Sequens
437 4092 616 4153 versiculus
646 4093 841 4153 imitationis
869 4093 1057 4168 exemplum
1092 4094 1224 4168 praebet
1255 4091 1339 4166 apud
1370 4104 1488 4151 omncs

214 4190 379 4262 nequiores
400 4193 507 4267 epicos
526 4193 821 4271 frequentissimae,
842 4210 934 4271 quas,
952 4197 989 4255 ut
1008 4195 1133 4255 Lohrsii
1153 4195 1260 4256 verbis
1271 4196 1346 4254 utar
1357 4196 1486 4265 (σκαιοί.

215 4307 280 4366 epp.
315 4307 345 4366 p.
381 4295 466 4370 287),
505 4295 681 4369 „similium
716 4296 886 4357 literarum
921 4297 1132 4357 consonantia
1163 4312 1220 4370 por
1254 4309 1349 4356 aureo
1379 4295 1488 4368 magis

215 4407 314 4465 quam
347 4409 402 4468 per
438 4397 582 4457 montom
613 4397 851 4458 subnascitur.''
883 4398 934 4457 Ita
956 4397 1036 4459 illud
1062 4401 1174 4477 ,χαῖα
1198 4394 1291 4473 φίλη
1314 4391 1399 4454 τέκε
1421 4393 1489 4454 καλ

215 4493 280 4553 σύ”
304 4497 419 4556 natum
443 4499 494 4558 cst
516 4513 558 4558 cx
576 4498 747 4560 notissimo
767 4514 865 4560 vorsu
886 4500 914 4557 Φ
936 4499 998 4561 106
1023 4496 1114 4575 ,ἀλλὰ
1133 4496 1220 4575 φίλος
1238 4496 1316 4556 θάνε
1339 4491 1389 4555 καί
1412 4497 1485 4559 αλλ’.

217 4595 335 4657 -Vox
351 4592 492 4671 ὠδῖνες
512 4602 625 4661 eodem
634 4617 729 4663 versu
742 4602 781 4662 da
792 4601 863 4676 ipso
870 4605 965 4676 partu
973 4603 1102 4677 ponitur
1111 4600 1290 4661 secundum
1298 4599 1485 4660 Atticorum
