3104 5296
818 435 879 494 104
920 494 923 499 ,
1234 431 1292 492 ΠΙ.
1318 433 1487 492 237-238

221 622 412 697 saepissime
448 624 518 682 tam
551 622 648 682 verba
679 636 762 695 quae
794 619 925 681 sedendi
953 634 1052 693 quam
1088 633 1171 692 quae
1201 618 1298 679 eundi
1328 617 1486 678 notionem

221 724 341 785 habent
364 739 440 785 cum
468 724 654 784 accusativo
677 723 885 797 coniungunt,
910 721 949 782 de
972 736 1011 782 ea
1034 736 1068 781 re
1092 720 1228 781 conferri
1250 722 1389 795 possunt
1411 733 1486 794 quac

222 826 291 887 dixi
314 827 356 888 ad
378 827 436 886 III.
464 827 536 888 193.
561 841 591 901 p.
616 827 668 886 95.

264 1029 415 1102 Sequitur
446 1030 547 1104 locus,
571 1029 600 1088 si
631 1042 700 1089 rem
726 1029 856 1102 spectas
880 1028 914 1087 et
942 1025 1186 1102 mythologiam,
1214 1025 1436 1099 difficillimus
1457 1026 1485 1084 et

219 1147 259 1192 ne
283 1132 456 1192 dictionem
479 1131 610 1205 quidem
633 1128 850 1191 tractantibus
873 1128 988 1190 facilis,
1009 1129 1115 1189 Variis
1140 1129 1334 1190 coniecturis
1357 1128 1483 1202 tempta·

219 1236 272 1293 tos
295 1249 410 1295 versus
434 1234 481 1294 ita
505 1234 688 1294 exscribam
712 1234 750 1293 ut
772 1231 900 1305 legendi
923 1231 1004 1291 mihi
1029 1232 1194 1292 videntur:

264 1334 319 1395 VS.
345 1337 419 1396 237.
466 1330 513 1393 σολ
535 1330 585 1392 καλ
608 1332 792 1410 Ἀμαζονίδες
819 1328 951 1409 πολέμου
976 1328 1203 1411 ἕπιθομήτειραι

464 1432 496 1494 έν
519 1455 589 1495 ποτε
613 1433 761 1518 παρραλίη
781 1427 898 1518 Ἐφέσῳ
921 1429 1025 1512 βρέτας
1048 1432 1207 1512 ἱδρύσαντο

464 1543 565 1616 φηγοῦ
589 1532 634 1595 bt
656 1532 785 1620 πρέμνῳ·
809 1531 921 1595 τέλεσεν
944 1531 978 1595 δέ
999 1556 1045 1595 τοι
1068 1533 1149 1615 ίερὸν
1166 1529 1272 1612 Ἱππὼ,

342 1637 408 1700 240
464 1635 552 1698 αύταλ
575 1632 603 1696 δ’
633 1628 713 1698 Ούπι
737 1634 863 1715 ύνασσα,
884 1634 951 1716 περί
974 1637 1083 1717 πρύλιν
1106 1633 1277 1717 ὠρχήσαντο

464 1747 565 1819 πρῶτα
588 1735 642 1818 μὲν
667 1736 699 1799 ίν
722 1735 876 1799 σακέεσσιν
901 1736 1049 1816 ἐνόπλιον,
1071 1729 1148 1798 αύθι
1170 1734 1203 1798 δὲ
1225 1738 1325 1823 κύκλῳ

463 1840 642 1919 στησάμεναι
665 1839 754 1920 χορὸν
778 1838 880 1920 εύρλιν,
903 1837 1051 1918 δπήεισαν
1074 1836 1107 1901 δέ
1128 1839 1234 1920 λίγειαι

465 1940 622 2004 λεπταλέον
646 1944 791 2023 σύριγγες,
814 1941 864 2001 ἵνα
890 1940 1039 2022 ῥήσσωσιν
1063 1938 1186 2026 ὁμαρτῇ,

463 2045 511 2118 (ού
534 2046 590 2127 γοίρ
612 2067 660 2106 ποο
684 2042 803 2124 νέβρειοι
826 2039 867 2104 δι’
894 2040 979 2104 ὀστέα
1001 2043 1187 2124 τετρήναντο,

344 2151 407 2210 245
464 2146 551 2227 ἔργον
576 2145 748 2226 Ἀθηναίης,
771 2144 872 2230 ἐλάφῳ
894 2144 1007 2217 κακόν)·
1031 2142 1138 2226 έδραμε
1163 2138 1192 2205 δ’
1218 2141 1280 2223 ἠχὼ

464 2249 599 2329 Σάρδιας
622 2247 651 2320 ές
674 2270 703 2308 τε
727 2246 822 2326 νομὸν
846 2247 1058 2326 Βερεκύνθιον·
1082 2247 1115 2307 οἳ
1136 2243 1169 2307 δέ
1191 2244 1334 2307 πόδεσσιν

467 2344 541 2413 οὖλα
564 2349 814 2430 κατεκροτύλιζον,
836 2347 1008 2425 ἕπεψόφεον
1032 2345 1065 2410 δὲ
1089 2346 1240 2428 φαρέτραι.

268 2453 369 2514 Multa
403 2455 442 2515 de
477 2455 528 2515 his
564 2454 711 2515 versibus
746 2453 881 2513 dicenda
915 2454 1019 2513 erunt.
1055 2452 1096 2512 ut
1123 2452 1265 2526 primum
1298 2451 1429 2524 quidem
1455 2451 1490 2510 de

223 2556 444 2617 Amazonibus
467 2557 542 2630 quid
566 2555 757 2615 iudicaverit
781 2553 999 2615 Callimachus
1022 2555 1219 2627 investigare
1243 2568 1307 2614 non
1328 2555 1381 2614 est
1400 2553 1492 2613 huius

222 2658 294 2734 loci,
326 2659 409 2731 quod
441 2674 516 2720 vero
547 2673 603 2719 eas
634 2653 809 2733 πολέμου
837 2653 1270 2734 ἕττιθνμητείραςδίοἰλ,
1295 2655 1491 2716 adhemari·

224 2774 296 2820 cam
315 2759 614 2834 interpretationem
637 2759 669 2819 id
691 2759 849 2834 pertinere
872 2757 945 2818 inde
966 2758 1071 2818 lucide
1094 2759 1226 2832 apparet
1246 2756 1330 2830 quod
1346 2755 1491 2817 consulto

224 2875 342 2921 novam
367 2876 478 2922 vocem
503 2861 614 2936 pangit
636 2863 674 2920 ut
696 2861 737 2921 ad
760 2858 918 2936 Ἀμαζόνας
942 2856 1205 2938 ἀντιανείρας
1230 2861 1275 2929 (Ζ.
1307 2858 1381 2928 186)
1406 2873 1492 2919 sono·

225 2977 298 3021 rum
342 2962 554 3023 similitudine
593 2963 698 3036 magis
729 2961 861 3022 alludat.
899 2961 1047 3036 Epitheto
1084 2963 1196 3021 autem
1233 2976 1317 3021 novo
1352 2959 1409 3020 illo
1443 2960 1491 3019 de·

225 3065 388 3123 monstrat
428 3066 558 3125 cuinam
591 3065 746 3126 homerici
785 3064 936 3124 adiectivi
971 3064 1229 3139 interpretationi
1267 3064 1395 3124 faveat:
1431 3077 1493 3122 non

226 3164 323 3238 enirn,
347 3167 384 3224 ut
407 3168 520 3239 postea
546 3165 764 3241 Aristarchus,
789 3165 1020 3239 interpretatur
1046 3162 1257 3243 ,λσάνδρονς”,
1280 3180 1395 3225 verum
1419 3178 1494 3225 cum

226 3265 343 3324 ceteris
368 3263 437 3340 ,τὰς
460 3262 654 3339 ολντιαζούσας
679 3259 743 3326 οἷον
769 3263 997 3343 ίναντιονμὲνας
1019 3263 1185 3345 ἆνδρύσιν”
1207 3267 1258 3338 (cf.
1272 3267 1420 3342 Apollon.
1442 3268 1495 3327 31.

229 3366 298 3438 17);
320 3366 403 3426 iuter
421 3383 501 3440 quos
521 3370 591 3429 erat
610 3369 798 3443 Apollonius
819 3369 962 3429 Rhodius
975 3370 1029 3444 qui
1044 3405 1083 3413 —
1097 3370 1196 3431 etiam
1210 3385 1284 3430 cum
1298 3369 1498 3430 Callimacho

226 3467 365 3527 formam
390 3470 643 3545 Ἀμαζονίδας
667 3472 822 3532 adhibens
845 3472 886 3531 ΙΙ.
908 3472 1023 3532 987-
1039 3473 1169 3533 easdem
1195 3473 1245 3542 (ΙΙ.
1260 3473 1335 3541 991)
1356 3474 1499 3547 φιλοπτο-

225 3564 332 3644 λέμους
357 3571 498 3645 appellat
519 3572 638 3655 κούρας.
667 3572 707 3631 Et
734 3572 794 3633 hac
818 3571 1052 3647 significatione
1076 3574 1244 3647 acceptum
1269 3587 1341 3633 esse
1361 3572 1501 3634 Homeri

227 3685 359 3730 versum
392 3672 432 3732 ab
463 3673 696 3747 antiquioribus
727 3688 851 3746 quoque
883 3674 997 3750 poetis,
1025 3676 1097 3735 tum
1119 3676 1273 3749 Aeschyli
1300 3673 1499 3753 ,στυγάνορ’

227 3771 389 3841 (Ρνοηιοίλ.
423 3775 496 3844 724)
520 3776 671 3848 ostendit,
695 3776 767 3835 tum
791 3775 820 3835 is
847 3790 926 3835 usus
952 3775 1102 3837 adiectiri
1125 3773 1295 3853 ἀντιάνειρα
1320 3790 1420 3848 quem
1444 3778 1501 3838 ha·

226 3873 342 3934 bemus
365 3875 397 3935 in
421 3876 549 3937 Pindari
572 3876 660 3952 Pprr.
685 3876 741 3936 XI.
769 3878 819 3952 17,
843 3876 898 3936 ubi
922 3876 1038 3937 dicitur
1064 3877 1182 3953 ,στάσις
1204 3874 1404 3957 ἀντιάνειρα.”

271 3976 308 4035 In
328 3978 476 4049 sequenti
495 3993 591 4039 versu
615 3978 760 4038 codicum
777 3979 979 4052 quorundam
991 3980 1162 4039 lectionem
1179 3976 1229 4055 ,ἔν
1240 3979 1331 4038 ποτε”
1344 3979 1501 4055 recipien-

226 4075 302 4135 dam
337 4077 417 4137 duco
451 4079 602 4150 quamvis
637 4078 833 4139 reclamante
866 4080 1068 4155 Schneidero‚
1104 4081 1158 4154 qui
1192 4082 1260 4155 ipse
1284 4077 1381 4160 ἐγκντλ
1410 4083 1501 4146 haud

226 4176 362 4238 feliciter
385 4179 536 4254 coniecit;
561 4178 683 4239 firmari
707 4180 878 4240 lectionem
906 4178 956 4257 ,ἕν
979 4182 1070 4241 τοιε”
1095 4182 1233 4242 arbitror
1257 4182 1403 4256 Dionysii
1427 4185 1501 4246 imi·

227 4280 348 4340 tatione
372 4280 499 4354 (Pericp.
521 4283 606 4356 826),
632 4296 711 4354 quos
737 4297 851 4342 versus
876 4284 951 4356 quia
975 4285 1007 4344 in
1031 4284 1148 4345 ceteris
1166 4300 1291 4358 quoque
1303 4286 1501 4361 respiciendi

228 4383 332 4456 erunt,
356 4383 444 4442 totos
472 4383 672 4443 exscribam:

470 4482 549 4543 τάων
573 4480 747 4562 ἀμφοτέρων
774 4506 806 4563 γε
829 4483 1017 4565 βορειοτέρην
1041 4484 1150 4547 ἕσίδοιο

472 4584 638 4663 παρραλίην
656 4583 796 4664 Ἔφεσον,
819 4587 949 4668 μεγάλην
972 4586 1060 4649 πόλιν
1084 4588 1241 4669 ιὀχεαίρης,
