3104 5286
837 153 879 211 80

222 351 304 410 quos
335 335 425 395 addit
454 334 601 410 libenter,
634 337 820 398 sacerdotes
851 338 1058 414 Aegyptiaci:
1086 339 1256 415 „homines
1275 342 1309 400 in
1333 340 1493 417 Aegypto,

223 437 334 498 oculos
376 437 409 496 in
450 451 634 496 convexum
669 437 750 497 caeli
784 438 863 498 dum
897 439 1029 516 tollunt,
1065 441 1126 501 hoc
1156 440 1218 501 sibi
1249 446 1493 518 persuaserunt,

222 541 303 600 duos
334 552 407 598 esse
441 537 520 597 deos
555 553 596 598 ex
631 538 721 598 omni
755 541 949 602 aeternitate
983 542 1053 602 vita
1082 543 1284 618 sempiterna
1317 543 1493 605 fruentes”.

222 643 312 703 Haec
334 641 477 717 profecto
500 640 662 715 sapientia
685 656 749 700 non
773 642 880 702 omnis
903 644 1052 719 Aegypto
1075 643 1259 705 debebatur.
1288 646 1361 706 Iam
1384 646 1494 706 Demo·

222 746 323 805 oritus
346 745 518 819 terrorem,
544 743 610 802 iam
638 742 851 803 Academicos
874 747 1006 805 secutus
1029 745 1222 808 Aristoteles
1245 748 1494 809 admirationem

223 847 354 906 initium
388 844 517 904 dixerat
550 843 725 918 religionis
757 845 864 905 Immo
895 846 1049 907 Prodicus
1079 849 1179 908 etiam
1207 849 1292 909 hanc
1314 850 1494 910 doctrinam

223 949 389 1025 professus
420 950 503 1021 1111,
534 946 658 1021 primos
689 947 839 1008 homines
869 951 998 1024 propter
1028 949 1209 1010 multifaria
1236 948 1395 1011 beneficia
1416 966 1494 1026 quae

223 1050 297 1127 soli,
332 1050 442 1123 lunae,
478 1048 638 1108 sideribus
669 1048 823 1109 deberent
855 1049 989 1110 deorum
1029 1052 1160 1112 nomine
1195 1066 1235 1111 ea
1268 1052 1444 1113 salutasse.
1474 1047 1493 1122 ¹)

222 1153 314 1214 Talia
332 1153 444 1212 autem
459 1150 537 1210 licet
556 1149 856 1225 aphilosopborum
875 1151 996 1212 scholis
1016 1154 1234 1227 moverentur,
1253 1168 1338 1226 quae
1350 1154 1493 1229 religioni

226 1255 336 1315 minus
366 1253 528 1326 faverent,
560 1268 616 1328 per
646 1266 682 1312 se
713 1255 824 1314 tamen
855 1254 933 1314 deos
960 1269 1023 1315 non
1047 1254 1290 1329 oppugnabant;
1314 1270 1381 1316 non
1410 1258 1492 1316 enirn

226 1356 416 1431 religionem
450 1353 549 1428 tollit,
585 1354 640 1427 qui
674 1354 832 1428 originem
871 1355 999 1429 quaerit
1033 1354 1207 1430 religionis.
1244 1357 1306 1416 Sed
1342 1358 1492 1433 Stilpouis

226 1459 379 1519 alumnus
415 1471 490 1516 cum
519 1454 599 1515 talia
628 1455 770 1531 doceret,
802 1456 857 1529 qui
886 1456 1045 1517 audiisset
1074 1457 1292 1517 Xenocratem
1320 1459 1492 1519 Zenonem·

226 1575 305 1635 que,
330 1558 516 1618 Hecataeus
539 1570 614 1615 cum
637 1556 717 1616 talia
740 1556 941 1631 praedicaret
964 1556 998 1615 in
1020 1558 1091 1632 ipsa
1111 1558 1167 1618 illa
1189 1559 1268 1619 urbe
1291 1575 1376 1634 quae
1399 1560 1492 1620 'Pheo-

227 1663 339 1724 dorum
376 1658 428 1719 τὸν
461 1655 556 1718 ἄθεον
591 1657 656 1717 levi
690 1656 887 1718 scurrilitate
918 1657 995 1717 deos
1025 1659 1273 1735 impugnantem
1306 1663 1341 1721 et
1363 1661 1492 1723 deorum

143 1841 147 1849 ¹
226 1768 379 1826 naturam
421 1764 530 1837 aperte
565 1759 734 1820 tollentem
770 1760 919 1835 vidisset,
955 1760 1120 1835 ingentem
1164 1761 1289 1822 cladem
1324 1763 1492 1824 imminere

226 1882 290 1928 non
326 1865 433 1926 solum
469 1864 609 1923 Graecae
648 1861 705 1921 sed
735 1861 908 1920 universae
939 1861 1088 1935 religioni
1118 1861 1251 1923 diceres.
1287 1863 1356 1925 Nec
1386 1867 1492 1925 tamen

226 1969 376 2029 ferociter
399 1966 460 2026 has
483 1964 647 2025 doctrinas
670 1964 912 2039 oppugnantem
935 1963 1060 2022 videbis
1080 1964 1151 2024 sive
1167 1963 1409 2026 Callimachum
1427 1967 1492 2026 1111

226 2071 397 2145 poetarum
428 2083 470 2128 ex
501 2066 612 2125 Museo
642 2064 743 2124 alium
775 2078 984 2138 quemquam.
1016 2064 1217 2126 Disseruisse
1241 2066 1369 2142 credas,
1395 2067 1492 2127 immo

226 2171 344 2231 acriter
377 2170 463 2229 inter
493 2182 530 2228 se
560 2167 745 2241 disputasse
776 2166 953 2226 contendas
982 2166 1070 2226 viros
1101 2165 1213 2226 doctos
1240 2167 1295 2241 qui
1318 2181 1338 2226 a
1361 2167 1491 2228 Timone

226 2271 376 2331 dicuntur
395 2264 543 2347 βιβλιακοὶ
559 2269 713 2345 χαρακῖται
729 2262 863 2342 ἀπείριτα
877 2264 1053 2344 δηριόωντες
1066 2262 1219 2326 Μουσέων
1235 2263 1268 2326 ἐν
1280 2266 1398 2350 ταλάρῳ
1412 2262 1448 2343 ²),
1460 2269 1492 2327 11

224 2374 258 2433 11
277 2374 448 2449 poetarum
466 2369 660 2445 fragmentis
678 2367 756 2428 talis
774 2368 906 2441 quidem
925 2368 1114 2429 certaminis
1134 2368 1273 2442 vestigia
1292 2383 1358 2428 non
1373 2368 1490 2443 conspi-

226 2475 364 2549 ciuntur,
388 2475 422 2533 et
444 2472 529 2548 quod
553 2471 593 2531 ad
617 2469 854 2530 Callimachum
878 2471 1057 2531 attinet-
1083 2469 1139 2529 vix
1165 2471 1352 2545 putaverim
1376 2471 1415 2531 de
1436 2470 1492 2529 bac

225 2575 415 2650 quaestione
435 2573 540 2634 multa
559 2587 634 2632 eum
655 2570 889 2645 disquisivisse.
910 2571 1028 2631 Parum
1050 2570 1105 2632 ille
1128 2572 1219 2631 amat
1237 2571 1292 2631 diu
1312 2586 1444 2632 versare
1462 2572 1491 2631 11

224 2675 419 2750 religionum
442 2674 559 2749 initiis,
580 2674 638 2732 vix
658 2675 751 2733 curat
768 2687 851 2746 quae
871 2674 947 2732 ante
967 2672 1098 2732 Saturni
1118 2673 1266 2747 tempora
1285 2671 1490 2749 1111131111-

224 2792 287 2851 que
306 2777 382 2836 sint.
401 2775 539 2835 Gravius
551 2774 614 2834 11111
624 2773 709 2847 quod
721 2774 906 2833 Hecataeus
918 2773 1066 2834 absoluta
1078 2773 1268 2847 quaestione
1281 2774 1320 2834 de
1331 2774 1492 2851 religionis

225 2879 361 2953 origine,
394 2877 583 2949 adiectaque
612 2875 833 2951 cosmogonia,
865 2891 947 2949 quae
975 2875 1128 2950 Diogenis
1150 2874 1378 2950 Apolloniatae
1401 2880 1491 2951 atque

224 2979 377 3040 Archelai
395 2978 515 3054 placita
535 2992 611 3037 cum
629 2977 800 3037 recentiori
820 2976 859 3036 de
880 2976 1053 3037 elementis
1072 2976 1219 3037 doctrina
1235 2978 1447 3052 coniungeret
1459 2970 1490 3052 ’1,

225 3082 302 3142 deos
332 3081 499 3141 revocavit
526 3080 566 3139 ad
598 3079 669 3155 ipsa
700 3078 877 3155 elementa,
907 3094 989 3154 quae
1021 3080 1054 3139 in
1078 3079 1201 3154 origine
1225 3079 1339 3139 mundi
1363 3079 1490 3140 conflas·

225 3185 299 3243 sent
329 3183 529 3242 universum.
562 3181 720 3256 Opinatus
751 3181 840 3241 enim
871 3182 942 3240 erat
967 3176 1065 3256 ,κατὰ
1089 3177 1143 3256 τὴν
1168 3177 1197 3251 ἐξ
1221 3177 1313 3257 ἀρχῆς
1337 3189 1397 3240 τῶν
1420 3180 1491 3241 ὅλων

224 3285 366 3346 σύστασιν
398 3282 525 3345 caelum
556 3284 589 3342 et
619 3284 741 3342 terram
773 3269 951 3360 μεμιγμένης
979 3279 1078 3342 αὐτῶν
1101 3288 1152 3359 τῆς
1175 3281 1294 3357 φύσεως
1318 3297 1421 3343 unam
1442 3283 1490 3342 ha·

224 3386 335 3447 buisse
358 3385 512 3459 formam,
542 3384 600 3444 sed
623 3386 697 3459 post
719 3386 870 3443 mutuam
893 3391 952 3442 τῶν
975 3381 1119 3459 σωμάτων
1143 3385 1364 3446 secessionem
1388 3401 1490 3447 aerem

225 3488 438 3563 agitationem
470 3486 650 3546 obtinuisse
680 3486 885 3560 perpetuam,
918 3483 1011 3544 cuius
1041 3484 1126 3544 aeris
1149 3486 1277 3559 partem
1302 3486 1433 3560 igneam
1453 3483 1490 3556 (τὸ

224 3589 360 3666 πυρῶδες
391 3586 495 3657 αὐτοῦ)
527 3587 567 3646 ad
598 3585 837 3645 sublimissima
867 3584 938 3645 loca
962 3587 1177 3663 concurrisse,
1203 3587 1312 3662 itaque
1337 3591 1371 3650 et
1394 3588 1490 3650 solem

224 3692 258 3751 et
288 3691 431 3750 ceteram
463 3690 626 3748 astrorum
657 3686 904 3747 multitudinem
934 3695 970 3769 τῇ
996 3685 1077 3770 πάσῃ
1101 3686 1170 3771 δίνῃ
1193 3703 1266 3749 1111
1288 3691 1489 3766 comprehen-

225 3880 434 3887 ——-..—.-

259 4006 279 4073 ¹)
297 4011 366 4058 Sext.
390 4010 464 4069 Emp.
487 4009 543 4055 adv.
564 4007 644 4055 Math.
661 4007 704 4054 IX.
723 4007 830 4054 ra-ls.
849 4007 887 4053 01.
904 4007 977 4055 Plato
997 4005 1088 4070 Gratyl.
1106 4022 1132 4069 p.
1150 4009 1213 4064 8973
1232 4008 1264 4056 de
1282 4010 1421 4059 1111111111
1438 4008 1488 4056 ride

225 4090 277 4137 Oic.
295 4088 352 4136 Nat.
371 4087 443 4136 Deor.
453 4088 487 4135 11.
505 4088 545 4135 sl.
565 4089 604 4135 95.

217 4188 218 4191 ¹
257 4165 278 4231 ²)
296 4170 395 4218 Timon.
413 4169 509 4217 Phlius.
527 4169 618 4228 fragm.
636 4166 676 4215 ed.
694 4168 869 4216 Wschsmuth.
889 4170 989 4217 111111.

257 4244 277 4308 ³)
295 4249 370 4297 Diod.
387 4249 408 4296 L
427 4250 505 4312 leq„
531 4261 582 4308 quo
602 4248 687 4307 capite
709 4248 779 4296 haud
803 4250 888 4296 minus
905 4262 983 4309 qnam
1001 4250 1027 4296 in
1045 4248 1214 4308 sequentibus
1231 4250 1354 4298 Hecataei
1371 4251 1488 4313 sapientia

224 4330 340 4389 exposita
358 4342 415 4376 esse
432 4329 495 4375 mihi
512 4329 622 4388 videtur,
640 4327 673 4373 ci.
692 4326 839 4390 Mnenwryn.
857 4326 936 4374 XXII.
955 4343 980 4389 p.
1000 4329 1030 4375 at
1050 4342 1106 4388 sqq.
