3068 5288
829 395 847 450 8

203 596 318 639 vemm
354 587 404 641 est
438 598 536 655 quam
565 585 604 643 de
636 582 850 652 CallimachO,
884 581 937 652 qui
969 580 1118 654 inprimis
1149 594 1205 654 per
1235 579 1378 653 hymnos
1407 584 1465 639 turn

203 698 328 755 quoque
359 699 415 756 per
439 688 547 745 cetera
570 684 716 745 carmina
744 698 783 742 ea
805 682 844 742 de
869 681 964 740 rebus
988 680 1108 739 divinis
1130 681 1243 740 docere
1267 696 1333 740 non
1356 682 1468 741 dest'lit

203 799 284 856 quae
316 786 462 845 maxime
490 801 565 846 cum
587 786 694 860 prisca
725 785 921 844 Graecorum
953 781 1147 854 antiquitate
1176 782 1350 841 convenire
1374 798 1467 856 persu-

203 900 297 944 asum
328 887 477 947 habebat.
510 888 555 947 Ut
586 888 620 946 in
650 900 802 946 sermone
833 884 921 944 enim
955 882 1153 956 hymnorum
1184 883 1368 943 Homerum
1399 886 1468 943 cete·

202 1002 318 1060 rosque
342 989 449 1061 epicos
473 989 672 1062 antiquiores
696 987 867 1061 diligenter
890 984 1048 1058 imitatur,
1074 984 1174 1043 sicin
1197 983 1294 1043 rebus
1318 985 1470 1044 diviniso

202 1088 318 1162 priscis
342 1089 503 1149 institutis
526 1089 652 1149 deflecti
674 1092 779 1161 vetat3
805 1091 902 1161 atque
925 1087 972 1145 its
994 1086 1028 1144 in
1052 1101 1136 1146 nova
1155 1090 1189 1146 st
1207 1089 1323 1146 renat-a
1347 1086 1471 1147 Graecia

202 1189 424 1250 Alexandrina
454 1193 567 1250 contra
589 1192 798 1250 innovatoros
821 1189 977 1261 cuiusque
999 1187 1128 1261 generis
1151 1187 1335 1248 indefessus
1358 1203 1398 1248 ac
1419 1189 1471 1248 sibi

202 1294 356 1350 constans
381 1292 501 1351 veteris
524 1290 690 1365 religionis
714 1290 825 1349 extitit
848 1288 1006 1349 defensor.

247 1391 316 1465 Qua
334 1393 459 1453 ratione
479 1408 559 1452 usus
578 1392 623 1452 sit
639 1393 671 1451 in
684 1391 739 1452 illo
755 1391 889 1451 deorum
902 1404 1090 1463 graecorum
1104 1390 1297 1466 patrocinio,
1320 1406 1471 1466 exponere

202 1491 342 1551 conabor
366 1493 449 1552 hanc
471 1494 639 1568 ingressus
659 1494 748 1552 viam
772 1494 809 1551 ut
829 1490 1000 1551 ostendam
1020 1491 1125 1563 primo
1144 1491 1213 1550 loco
1233 1491 1368 1551 Graecis
1388 1493 1470 1567 origi·

201 1592 297 1652 nibus
331 1593 408 1652 deos
442 1595 600 1654 vindicari
634 1611 653 1654 s
689 1594 901 1668 Callimacho,
939 1592 1053 1653 deinde
1084 1607 1140 1652 eos
1175 1592 1214 1652 ab
1246 1593 1470 1653 innovatorum

202 1693 344 1754 inventis
368 1695 407 1754 ab
438 1711 475 1755 eo
505 1697 632 1756 defendi
663 1700 696 1756 et
727 1695 766 1755 ab
798 1695 920 1755 exteris
948 1694 1120 1754 elementis
1151 1695 1295 1768 integros
1321 1710 1359 1755 ac
1382 1710 1470 1769 puros

201 1801 350 1855 servatos
391 1797 484 1856 tradi.
520 1797 664 1858 Tandem
700 1799 860 1871 quatenus
894 1796 1005 1855 licebit
1037 1795 1204 1869 religionis
1239 1795 1468 1858 Callimacheae

202 1897 343 1957 indolem
367 1898 575 1959 adumbrabo.
