<?xml version="1.0" encoding="UTF-8"?>
<!DOCTYPE html PUBLIC "-//W3C//DTD XHTML 1.0 Transitional//EN"
    "http://www.w3.org/TR/xhtml1/DTD/xhtml1-transitional.dtd">
<html xmlns="http://www.w3.org/1999/xhtml" xml:lang="en" lang="en">
 <head>
  <title>
</title>
<meta http-equiv="Content-Type" content="text/html;charset=utf-8" />
  <meta name='ocr-system' content='tesseract 3.04.00' />
  <meta name='ocr-capabilities' content='ocr_page ocr_carea ocr_par ocr_line ocrx_word'/>
</head>
<body>
  <div class='ocr_page' id='page_1' title='image "./studiacallimach01kuipgoog_0367.png"; bbox 0 0 3308 5436; ppageno 0'>
   <div class='ocr_carea' id='block_1_1' title="bbox 875 543 937 603">
    <p class='ocr_par' dir='ltr' id='par_1_1' title="bbox 875 543 937 603">
     <span class='ocr_line' id='line_1_1' title="bbox 875 543 937 603; baseline 0.016 -1"><span class='ocrx_word' id='word_1_1' title='bbox 875 543 937 603; x_wconf 83' lang='lat' dir='ltr'>loo</span> 
     </span>
    </p>
   </div>
   <div class='ocr_carea' id='block_1_2' title="bbox 272 727 1546 3759">
    <p class='ocr_par' dir='ltr' id='par_1_2' title="bbox 272 727 1546 3759">
     <span class='ocr_line' id='line_1_2' title="bbox 275 727 1544 806; baseline -0.003 -16"><span class='ocrx_word' id='word_1_2' title='bbox 275 730 314 790; x_wconf 88' lang='lat' dir='ltr'>ad</span> <span class='ocrx_word' id='word_1_3' title='bbox 338 730 512 805; x_wconf 77' lang='lat' dir='ltr'>Orphicum</span> <span class='ocrx_word' id='word_1_4' title='bbox 536 731 661 793; x_wconf 88' lang='lat' dir='ltr'>cultum</span> <span class='ocrx_word' id='word_1_5' title='bbox 687 732 887 792; x_wconf 82' lang='lat' dir='ltr'>destinatum</span> <span class='ocrx_word' id='word_1_6' title='bbox 910 731 950 792; x_wconf 87' lang='lat' dir='ltr'>ab</span> <span class='ocrx_word' id='word_1_7' title='bbox 973 746 1010 792; x_wconf 93' lang='lat' dir='ltr'>eo</span> <span class='ocrx_word' id='word_1_8' title='bbox 1033 731 1135 792; x_wconf 86' lang='lat' dir='ltr'>fuisse</span> <span class='ocrx_word' id='word_1_9' title='bbox 1158 733 1264 792; x_wconf 85' lang='lat' dir='ltr'>totum</span> <span class='ocrx_word' id='word_1_10' title='bbox 1289 732 1463 806; x_wconf 87' lang='lat' dir='ltr'>hymnum,</span> <span class='ocrx_word' id='word_1_11' title='bbox 1490 727 1544 788; x_wconf 90' lang='lat' dir='ltr'>cui</span> 
     </span>
     <span class='ocr_line' id='line_1_3' title="bbox 274 825 1544 913; baseline -0.002 -23"><span class='ocrx_word' id='word_1_12' title='bbox 274 831 504 893; x_wconf 87' lang='lat' dir='ltr'>adscribendus</span> <span class='ocrx_word' id='word_1_13' title='bbox 524 834 569 894; x_wconf 85' lang='lat' dir='ltr'>sit</span> <span class='ocrx_word' id='word_1_14' title='bbox 588 849 703 894; x_wconf 83' lang='lat' dir='ltr'>versus</span> <span class='ocrx_word' id='word_1_15' title='bbox 718 833 786 910; x_wconf 90' lang='lat' dir='ltr'>ille,</span> <span class='ocrx_word' id='word_1_16' title='bbox 801 834 849 903; x_wconf 85' lang='lat' dir='ltr'>(fr.</span> <span class='ocrx_word' id='word_1_17' title='bbox 866 833 938 904; x_wconf 81' lang='lat'>171)</span> <span class='ocrx_word' id='word_1_18' title='bbox 954 825 1024 909; x_wconf 69' lang='lat' dir='ltr'>,ulcr</span> <span class='ocrx_word' id='word_1_19' title='bbox 1037 831 1195 893; x_wconf 81' lang='grc' dir='ltr'><strong><em>Διώνυσον</em></strong></span> <span class='ocrx_word' id='word_1_20' title='bbox 1208 830 1324 913; x_wconf 77' lang='grc' dir='ltr'><strong><em>Ζαγρέα</em></strong></span> <span class='ocrx_word' id='word_1_21' title='bbox 1335 828 1544 912; x_wconf 75' lang='grc' dir='ltr'><strong><em>γειναμένη”“.)</em></strong></span> 
     </span>
     <span class='ocr_line' id='line_1_4' title="bbox 274 931 1544 1009; baseline 0 -19"><span class='ocrx_word' id='word_1_22' title='bbox 274 931 426 994; x_wconf 75' lang='lat' dir='ltr'>Adfirmat</span> <span class='ocrx_word' id='word_1_23' title='bbox 459 936 520 995; x_wconf 91' lang='lat' dir='ltr'>hoc</span> <span class='ocrx_word' id='word_1_24' title='bbox 553 951 632 996; x_wconf 90' lang='lat' dir='ltr'>sane</span> <span class='ocrx_word' id='word_1_25' title='bbox 665 935 822 996; x_wconf 81' lang='lat' dir='ltr'>Ernestus</span> <span class='ocrx_word' id='word_1_26' title='bbox 852 934 972 1008; x_wconf 80' lang='lat' dir='ltr'>Mases,</span> <span class='ocrx_word' id='word_1_27' title='bbox 1004 948 1107 1008; x_wconf 90' lang='lat' dir='ltr'>neque</span> <span class='ocrx_word' id='word_1_28' title='bbox 1138 936 1169 995; x_wconf 92' lang='lat' dir='ltr'>id</span> <span class='ocrx_word' id='word_1_29' title='bbox 1200 935 1396 1009; x_wconf 80' lang='lat' dir='ltr'>dubitanter,</span> <span class='ocrx_word' id='word_1_30' title='bbox 1429 931 1544 1007; x_wconf 90' lang='lat' dir='ltr'>quiin</span> 
     </span>
     <span class='ocr_line' id='line_1_5' title="bbox 277 1033 1543 1117; baseline -0.002 -23"><span class='ocrx_word' id='word_1_31' title='bbox 277 1033 393 1110; x_wconf 83' lang='lat' dir='ltr'>Orpheo</span> <span class='ocrx_word' id='word_1_32' title='bbox 423 1052 483 1097; x_wconf 91' lang='lat' dir='ltr'>suo</span> <span class='ocrx_word' id='word_1_33' title='bbox 514 1053 544 1112; x_wconf 87' lang='lat' dir='ltr'>p.</span> <span class='ocrx_word' id='word_1_34' title='bbox 579 1039 641 1098; x_wconf 90' lang='lat'>118</span> <span class='ocrx_word' id='word_1_35' title='bbox 676 1039 723 1098; x_wconf 88' lang='lat' dir='ltr'>ita</span> <span class='ocrx_word' id='word_1_36' title='bbox 756 1037 894 1099; x_wconf 86' lang='lat' dir='ltr'>scribat:</span> <span class='ocrx_word' id='word_1_37' title='bbox 933 1036 1042 1112; x_wconf 82' lang='lat' dir='ltr'>,Aucb</span> <span class='ocrx_word' id='word_1_38' title='bbox 1072 1035 1283 1117; x_wconf 79' lang='lat' dir='ltr'>Kollimocboe</span> <span class='ocrx_word' id='word_1_39' title='bbox 1312 1036 1364 1096; x_wconf 79' lang='lat' dir='ltr'>bnt</span> <span class='ocrx_word' id='word_1_40' title='bbox 1394 1035 1457 1110; x_wconf 66' lang='lat' dir='ltr'>auf</span> <span class='ocrx_word' id='word_1_41' title='bbox 1480 1033 1543 1094; x_wconf 85' lang='lat' dir='ltr'>den</span> 
     </span>
     <span class='ocr_line' id='line_1_6' title="bbox 274 1137 1541 1216; baseline -0.002 -19"><span class='ocrx_word' id='word_1_42' title='bbox 274 1138 451 1212; x_wconf 75' lang='lat' dir='ltr'>orpbbcben</span> <span class='ocrx_word' id='word_1_43' title='bbox 474 1140 614 1216; x_wconf 82' lang='lat' dir='ltr'>Zcpreus</span> <span class='ocrx_word' id='word_1_44' title='bbox 637 1142 685 1201; x_wconf 81' lang='lat' dir='ltr'>cin</span> <span class='ocrx_word' id='word_1_45' title='bbox 711 1137 835 1201; x_wconf 68' lang='grc' dir='ltr'><strong><em>θράσσοι</em></strong></span> <span class='ocrx_word' id='word_1_46' title='bbox 856 1139 1009 1216; x_wconf 79' lang='lat' dir='ltr'>yemcclrl,</span> <span class='ocrx_word' id='word_1_47' title='bbox 1034 1138 1109 1199; x_wconf 84' lang='lat' dir='ltr'>decb</span> <span class='ocrx_word' id='word_1_48' title='bbox 1131 1139 1210 1199; x_wconf 76' lang='lat' dir='ltr'>wohl</span> <span class='ocrx_word' id='word_1_49' title='bbox 1232 1139 1280 1200; x_wconf 84' lang='lat' dir='ltr'>oie</span> <span class='ocrx_word' id='word_1_50' title='bbox 1303 1137 1541 1212; x_wconf 73' lang='lat' dir='ltr'>Etsyeweiltier3</span> 
     </span>
     <span class='ocr_line' id='line_1_7' title="bbox 273 1237 1545 1318; baseline -0.003 -18"><span class='ocrx_word' id='word_1_51' title='bbox 273 1241 333 1300; x_wconf 80' lang='lat' dir='ltr'>scir</span> <span class='ocrx_word' id='word_1_52' title='bbox 354 1241 464 1302; x_wconf 71' lang='grc' dir='ltr'><strong><em>τοίοισιν</em></strong></span> <span class='ocrx_word' id='word_1_53' title='bbox 483 1243 564 1303; x_wconf 75' lang='lat' dir='ltr'>nicia</span> <span class='ocrx_word' id='word_1_54' title='bbox 583 1243 672 1304; x_wconf 81' lang='lat' dir='ltr'>mehr</span> <span class='ocrx_word' id='word_1_55' title='bbox 686 1242 743 1318; x_wconf 76' lang='grc' dir='ltr'>[αν</span> <span class='ocrx_word' id='word_1_56' title='bbox 760 1242 891 1302; x_wconf 72' lang='lat' dir='ltr'>wehtae</span> <span class='ocrx_word' id='word_1_57' title='bbox 915 1242 970 1301; x_wconf 84' lang='lat' dir='ltr'>der</span> <span class='ocrx_word' id='word_1_58' title='bbox 993 1240 1171 1316; x_wconf 81' lang='lat' dir='ltr'>orphiscbec</span> <span class='ocrx_word' id='word_1_59' title='bbox 1191 1239 1313 1300; x_wconf 76' lang='grc' dir='ltr'><strong><em>Κκῑιο.”</em></strong></span> <span class='ocrx_word' id='word_1_60' title='bbox 1333 1237 1470 1300; x_wconf 83' lang='lat' dir='ltr'>Difficile</span> <span class='ocrx_word' id='word_1_61' title='bbox 1490 1239 1545 1297; x_wconf 86' lang='lat' dir='ltr'>est</span> 
     </span>
     <span class='ocr_line' id='line_1_8' title="bbox 273 1341 1544 1419; baseline -0.002 -18"><span class='ocrx_word' id='word_1_62' title='bbox 273 1342 352 1402; x_wconf 86' lang='lat' dir='ltr'>talia</span> <span class='ocrx_word' id='word_1_63' title='bbox 382 1357 579 1419; x_wconf 82' lang='lat' dir='ltr'>oppugnare,</span> <span class='ocrx_word' id='word_1_64' title='bbox 624 1346 740 1419; x_wconf 90' lang='lat' dir='ltr'>quibus</span> <span class='ocrx_word' id='word_1_65' title='bbox 774 1344 967 1419; x_wconf 88' lang='lat' dir='ltr'>argumenta</span> <span class='ocrx_word' id='word_1_66' title='bbox 1001 1356 1065 1402; x_wconf 91' lang='lat' dir='ltr'>non</span> <span class='ocrx_word' id='word_1_67' title='bbox 1099 1341 1274 1415; x_wconf 86' lang='lat' dir='ltr'>addantur;</span> <span class='ocrx_word' id='word_1_68' title='bbox 1310 1355 1392 1415; x_wconf 91' lang='lat' dir='ltr'>quae</span> <span class='ocrx_word' id='word_1_69' title='bbox 1428 1341 1544 1400; x_wconf 84' lang='lat' dir='ltr'>tamen</span> 
     </span>
     <span class='ocr_line' id='line_1_9' title="bbox 273 1441 1544 1519; baseline -0.002 -17"><span class='ocrx_word' id='word_1_70' title='bbox 273 1444 302 1502; x_wconf 91' lang='lat' dir='ltr'>si</span> <span class='ocrx_word' id='word_1_71' title='bbox 335 1445 503 1519; x_wconf 80' lang='lat' dir='ltr'>tamquam</span> <span class='ocrx_word' id='word_1_72' title='bbox 543 1449 615 1507; x_wconf 85' lang='lat' dir='ltr'>reta</span> <span class='ocrx_word' id='word_1_73' title='bbox 647 1447 714 1506; x_wconf 92' lang='lat' dir='ltr'>iam</span> <span class='ocrx_word' id='word_1_74' title='bbox 749 1447 782 1506; x_wconf 89' lang='lat' dir='ltr'>et</span> <span class='ocrx_word' id='word_1_75' title='bbox 814 1444 910 1505; x_wconf 85' lang='lat' dir='ltr'>firma</span> <span class='ocrx_word' id='word_1_76' title='bbox 945 1443 1041 1517; x_wconf 87' lang='lat' dir='ltr'>vulgo</span> <span class='ocrx_word' id='word_1_77' title='bbox 1079 1445 1212 1519; x_wconf 88' lang='lat' dir='ltr'>accepta</span> <span class='ocrx_word' id='word_1_78' title='bbox 1246 1443 1314 1504; x_wconf 86' lang='lat' dir='ltr'>sint</span> <span class='ocrx_word' id='word_1_79' title='bbox 1347 1441 1471 1502; x_wconf 88' lang='lat' dir='ltr'>sensim</span> <span class='ocrx_word' id='word_1_80' title='bbox 1507 1443 1544 1500; x_wconf 92' lang='lat' dir='ltr'>et</span> 
     </span>
     <span class='ocr_line' id='line_1_10' title="bbox 272 1542 1545 1622; baseline -0.002 -19"><span class='ocrx_word' id='word_1_81' title='bbox 272 1545 375 1619; x_wconf 90' lang='lat' dir='ltr'>ipsius</span> <span class='ocrx_word' id='word_1_82' title='bbox 404 1549 519 1620; x_wconf 88' lang='lat' dir='ltr'>poetae</span> <span class='ocrx_word' id='word_1_83' title='bbox 549 1551 582 1608; x_wconf 89' lang='lat' dir='ltr'>ct</span> <span class='ocrx_word' id='word_1_84' title='bbox 613 1547 796 1622; x_wconf 81' lang='lat' dir='ltr'>aequalium</span> <span class='ocrx_word' id='word_1_85' title='bbox 827 1545 1004 1622; x_wconf 77' lang='lat' dir='ltr'>imaginem</span> <span class='ocrx_word' id='word_1_86' title='bbox 1036 1547 1112 1606; x_wconf 87' lang='lat' dir='ltr'>aute</span> <span class='ocrx_word' id='word_1_87' title='bbox 1135 1544 1244 1605; x_wconf 87' lang='lat' dir='ltr'>oculos</span> <span class='ocrx_word' id='word_1_88' title='bbox 1271 1544 1365 1605; x_wconf 90' lang='lat' dir='ltr'>nobis</span> <span class='ocrx_word' id='word_1_89' title='bbox 1396 1542 1545 1604; x_wconf 88' lang='lat' dir='ltr'>excitent</span> 
     </span>
     <span class='ocr_line' id='line_1_11' title="bbox 273 1643 1543 1723; baseline -0.002 -18"><span class='ocrx_word' id='word_1_90' title='bbox 273 1646 443 1708; x_wconf 88' lang='lat' dir='ltr'>hominum</span> <span class='ocrx_word' id='word_1_91' title='bbox 462 1649 642 1710; x_wconf 82' lang='lat' dir='ltr'>doctiorum</span> <span class='ocrx_word' id='word_1_92' title='bbox 662 1648 774 1709; x_wconf 90' lang='lat' dir='ltr'>subtili</span> <span class='ocrx_word' id='word_1_93' title='bbox 792 1647 1002 1723; x_wconf 85' lang='lat' dir='ltr'>disputationi</span> <span class='ocrx_word' id='word_1_94' title='bbox 1022 1649 1055 1707; x_wconf 88' lang='lat' dir='ltr'>et</span> <span class='ocrx_word' id='word_1_95' title='bbox 1077 1646 1176 1708; x_wconf 86' lang='lat' dir='ltr'>feraci</span> <span class='ocrx_word' id='word_1_96' title='bbox 1194 1647 1323 1721; x_wconf 89' lang='lat' dir='ltr'>ingenio</span> <span class='ocrx_word' id='word_1_97' title='bbox 1343 1647 1436 1706; x_wconf 90' lang='lat' dir='ltr'>unice</span> <span class='ocrx_word' id='word_1_98' title='bbox 1454 1643 1543 1704; x_wconf 90' lang='lat' dir='ltr'>debi-</span> 
     </span>
     <span class='ocr_line' id='line_1_12' title="bbox 273 1746 1543 1824; baseline 0 -17"><span class='ocrx_word' id='word_1_99' title='bbox 273 1749 356 1823; x_wconf 86' lang='lat' dir='ltr'>tam,</span> <span class='ocrx_word' id='word_1_100' title='bbox 381 1750 588 1824; x_wconf 88' lang='lat' dir='ltr'>antiquorum</span> <span class='ocrx_word' id='word_1_101' title='bbox 611 1751 708 1812; x_wconf 91' lang='lat' dir='ltr'>certis</span> <span class='ocrx_word' id='word_1_102' title='bbox 730 1749 929 1811; x_wconf 84' lang='lat' dir='ltr'>testimoniis</span> <span class='ocrx_word' id='word_1_103' title='bbox 951 1749 1140 1822; x_wconf 88' lang='lat' dir='ltr'>neutiquam</span> <span class='ocrx_word' id='word_1_104' title='bbox 1164 1749 1423 1824; x_wconf 85' lang='lat' dir='ltr'>respondentem.</span> <span class='ocrx_word' id='word_1_105' title='bbox 1447 1746 1543 1822; x_wconf 85' lang='lat' dir='ltr'>Equi·</span> 
     </span>
     <span class='ocr_line' id='line_1_13' title="bbox 273 1848 1544 1928; baseline -0.001 -20"><span class='ocrx_word' id='word_1_106' title='bbox 273 1848 348 1908; x_wconf 91' lang='lat' dir='ltr'>dem</span> <span class='ocrx_word' id='word_1_107' title='bbox 379 1850 418 1910; x_wconf 85' lang='lat' dir='ltr'>ab</span> <span class='ocrx_word' id='word_1_108' title='bbox 449 1852 580 1926; x_wconf 79' lang='lat' dir='ltr'>orphica</span> <span class='ocrx_word' id='word_1_109' title='bbox 609 1853 769 1928; x_wconf 88' lang='lat' dir='ltr'>sapientia</span> <span class='ocrx_word' id='word_1_110' title='bbox 797 1853 967 1913; x_wconf 87' lang='lat' dir='ltr'>abhorrere</span> <span class='ocrx_word' id='word_1_111' title='bbox 998 1849 1233 1911; x_wconf 76' lang='lat' dir='ltr'>Callimachum</span> <span class='ocrx_word' id='word_1_112' title='bbox 1264 1850 1371 1926; x_wconf 91' lang='lat' dir='ltr'>potius</span> <span class='ocrx_word' id='word_1_113' title='bbox 1400 1849 1544 1909; x_wconf 84' lang='lat' dir='ltr'>dixerim</span> 
     </span>
     <span class='ocr_line' id='line_1_14' title="bbox 273 1951 1545 2030; baseline -0.001 -20"><span class='ocrx_word' id='word_1_114' title='bbox 273 1965 372 2024; x_wconf 91' lang='lat' dir='ltr'>quam</span> <span class='ocrx_word' id='word_1_115' title='bbox 403 1952 548 2013; x_wconf 84' lang='lat' dir='ltr'>occultae</span> <span class='ocrx_word' id='word_1_116' title='bbox 577 1953 725 2028; x_wconf 82' lang='lat' dir='ltr'>religioni</span> <span class='ocrx_word' id='word_1_117' title='bbox 752 1955 875 2030; x_wconf 86' lang='lat' dir='ltr'>lavere,</span> <span class='ocrx_word' id='word_1_118' title='bbox 901 1967 976 2013; x_wconf 92' lang='lat' dir='ltr'>cum</span> <span class='ocrx_word' id='word_1_119' title='bbox 998 1952 1092 2012; x_wconf 87' lang='lat' dir='ltr'>video</span> <span class='ocrx_word' id='word_1_120' title='bbox 1116 1951 1434 2026; x_wconf 86' lang='lat' dir='ltr'>Orpheotelestarum</span> <span class='ocrx_word' id='word_1_121' title='bbox 1457 1951 1545 2010; x_wconf 86' lang='lat' dir='ltr'>ritus</span> 
     </span>
     <span class='ocr_line' id='line_1_15' title="bbox 273 2051 1543 2130; baseline -0.001 -18"><span class='ocrx_word' id='word_1_122' title='bbox 273 2067 337 2112; x_wconf 94' lang='lat' dir='ltr'>non</span> <span class='ocrx_word' id='word_1_123' title='bbox 362 2053 402 2112; x_wconf 93' lang='lat' dir='ltr'>ad</span> <span class='ocrx_word' id='word_1_124' title='bbox 425 2052 553 2128; x_wconf 84' lang='lat' dir='ltr'>Orphea</span> <span class='ocrx_word' id='word_1_125' title='bbox 575 2055 632 2115; x_wconf 90' lang='lat' dir='ltr'>sed</span> <span class='ocrx_word' id='word_1_126' title='bbox 652 2056 691 2116; x_wconf 88' lang='lat' dir='ltr'>ad</span> <span class='ocrx_word' id='word_1_127' title='bbox 711 2055 930 2130; x_wconf 84' lang='lat' dir='ltr'>Pythagoram</span> <span class='ocrx_word' id='word_1_128' title='bbox 951 2053 991 2114; x_wconf 90' lang='lat' dir='ltr'>ab</span> <span class='ocrx_word' id='word_1_129' title='bbox 1010 2068 1048 2113; x_wconf 91' lang='lat' dir='ltr'>eo</span> <span class='ocrx_word' id='word_1_130' title='bbox 1067 2053 1180 2114; x_wconf 81' lang='lat' dir='ltr'>referri</span> <span class='ocrx_word' id='word_1_131' title='bbox 1199 2053 1237 2114; x_wconf 86' lang='lat' dir='ltr'>fr.</span> <span class='ocrx_word' id='word_1_132' title='bbox 1258 2054 1329 2114; x_wconf 80' lang='lat'>83·</span> <span class='ocrx_word' id='word_1_133' title='bbox 1349 2085 1390 2096; x_wconf 87' lang='lat'><em>-</em></span> <span class='ocrx_word' id='word_1_134' title='bbox 1411 2051 1543 2112; x_wconf 84' lang='lat' dir='ltr'>Schnei-</span> 
     </span>
     <span class='ocr_line' id='line_1_16' title="bbox 273 2147 1544 2236; baseline -0.002 -22"><span class='ocrx_word' id='word_1_135' title='bbox 273 2155 341 2214; x_wconf 87' lang='lat' dir='ltr'>deri</span> <span class='ocrx_word' id='word_1_136' title='bbox 376 2159 445 2216; x_wconf 79' lang='lat' dir='ltr'>arto</span> <span class='ocrx_word' id='word_1_137' title='bbox 477 2157 649 2219; x_wconf 76' lang='lat' dir='ltr'>emendato</span> <span class='ocrx_word' id='word_1_138' title='bbox 681 2191 720 2202; x_wconf 87' lang='lat'><em>-</em></span> <span class='ocrx_word' id='word_1_139' title='bbox 754 2155 818 2235; x_wconf 52' lang='grc' dir='ltr'>ηὸτι</span> <span class='ocrx_word' id='word_1_140' title='bbox 848 2157 1034 2236; x_wconf 79' lang='grc' dir='ltr'><strong><em>Καλλίμαχος</em></strong></span> <span class='ocrx_word' id='word_1_141' title='bbox 1064 2147 1127 2216; x_wconf 78' lang='grc' dir='ltr'><strong><em>εἶκε</em></strong></span> <span class='ocrx_word' id='word_1_142' title='bbox 1149 2152 1217 2233; x_wconf 76' lang='grc' dir='ltr'><strong><em>περὶ</em></strong></span> <span class='ocrx_word' id='word_1_143' title='bbox 1246 2152 1435 2233; x_wconf 77' lang='grc' dir='ltr'><strong><em>Πυθαγόρου</em></strong></span> <span class='ocrx_word' id='word_1_144' title='bbox 1466 2151 1544 2212; x_wconf 75' lang='grc' dir='ltr'><strong><em>διότι</em></strong></span> 
     </span>
     <span class='ocr_line' id='line_1_17' title="bbox 272 2249 1544 2343; baseline -0.002 -27"><span class='ocrx_word' id='word_1_145' title='bbox 272 2264 331 2316; x_wconf 83' lang='grc' dir='ltr'>τῶν</span> <span class='ocrx_word' id='word_1_146' title='bbox 361 2254 393 2317; x_wconf 78' lang='grc' dir='ltr'>ἐν</span> <span class='ocrx_word' id='word_1_147' title='bbox 424 2267 458 2342; x_wconf 71' lang='grc' dir='ltr'>τῇ</span> <span class='ocrx_word' id='word_1_148' title='bbox 488 2259 647 2343; x_wconf 76' lang='grc' dir='ltr'><strong><em>γεωμετρίᾳ</em></strong></span> <span class='ocrx_word' id='word_1_149' title='bbox 673 2259 890 2339; x_wconf 79' lang='grc' dir='ltr'><strong><em>προβλημάτων</em></strong></span> <span class='ocrx_word' id='word_1_150' title='bbox 914 2256 949 2318; x_wconf 82' lang='grc' dir='ltr'>τὰ</span> <span class='ocrx_word' id='word_1_151' title='bbox 973 2253 1029 2335; x_wconf 73' lang='grc' dir='ltr'>’μὲν</span> <span class='ocrx_word' id='word_1_152' title='bbox 1052 2249 1119 2335; x_wconf 76' lang='grc' dir='ltr'><strong><em>εὗρε</em></strong></span> <span class='ocrx_word' id='word_1_153' title='bbox 1142 2253 1177 2316; x_wconf 79' lang='grc' dir='ltr'>τὰ</span> <span class='ocrx_word' id='word_1_154' title='bbox 1201 2251 1233 2316; x_wconf 75' lang='grc' dir='ltr'>δὲ</span> <span class='ocrx_word' id='word_1_155' title='bbox 1255 2253 1288 2316; x_wconf 80' lang='grc' dir='ltr'>ἐκ</span> <span class='ocrx_word' id='word_1_156' title='bbox 1309 2263 1361 2334; x_wconf 79' lang='grc' dir='ltr'>τῆς</span> <span class='ocrx_word' id='word_1_157' title='bbox 1384 2254 1544 2336; x_wconf 76' lang='grc' dir='ltr'><strong><em>Αἰγύπτου</em></strong></span> 
     </span>
     <span class='ocr_line' id='line_1_18' title="bbox 273 2355 1543 2441; baseline 0.001 -25"><span class='ocrx_word' id='word_1_158' title='bbox 273 2365 386 2434; x_wconf 73' lang='grc' dir='ltr'><strong><em>πρῶτος</em></strong></span> <span class='ocrx_word' id='word_1_159' title='bbox 418 2357 459 2430; x_wconf 82' lang='grc' dir='ltr'>εἰς</span> <span class='ocrx_word' id='word_1_160' title='bbox 486 2359 555 2433; x_wconf 80' lang='grc' dir='ltr'><strong><em>τοὺς</em></strong></span> <span class='ocrx_word' id='word_1_161' title='bbox 576 2357 725 2439; x_wconf 76' lang='grc' dir='ltr'><strong><em>Ἕλληνας</em></strong></span> <span class='ocrx_word' id='word_1_162' title='bbox 749 2359 872 2441; x_wconf 71' lang='grc' dir='ltr'><strong><em>ἤνεγκεν</em></strong></span> <span class='ocrx_word' id='word_1_163' title='bbox 884 2405 990 2419; x_wconf 93' lang='grc'><strong>......</strong></span> <span class='ocrx_word' id='word_1_164' title='bbox 1014 2355 1155 2436; x_wconf 78' lang='grc' dir='ltr'><strong><em>κήδίδαξε</em></strong></span> <span class='ocrx_word' id='word_1_165' title='bbox 1178 2357 1331 2436; x_wconf 78' lang='grc' dir='ltr'><strong><em>νηστεύειν</em></strong></span> <span class='ocrx_word' id='word_1_166' title='bbox 1354 2367 1413 2418; x_wconf 85' lang='grc' dir='ltr'>τῶν</span> <span class='ocrx_word' id='word_1_167' title='bbox 1437 2355 1543 2434; x_wconf 78' lang='grc' dir='ltr'><strong><em>ἐμπνε-</em></strong></span> 
     </span>
     <span class='ocr_line' id='line_1_19' title="bbox 274 2459 1543 2539; baseline 0.002 -21"><span class='ocrx_word' id='word_1_168' title='bbox 274 2459 400 2522; x_wconf 84' lang='grc' dir='ltr'><strong><em>όοιοι”.</em></strong></span> <span class='ocrx_word' id='word_1_169' title='bbox 436 2463 506 2524; x_wconf 90' lang='lat' dir='ltr'>Hac</span> <span class='ocrx_word' id='word_1_170' title='bbox 538 2465 572 2524; x_wconf 89' lang='lat' dir='ltr'>in</span> <span class='ocrx_word' id='word_1_171' title='bbox 613 2480 648 2525; x_wconf 96' lang='lat' dir='ltr'>re</span> <span class='ocrx_word' id='word_1_172' title='bbox 686 2465 785 2539; x_wconf 85' lang='lat' dir='ltr'>igitur</span> <span class='ocrx_word' id='word_1_173' title='bbox 819 2463 1038 2525; x_wconf 78' lang='lat' dir='ltr'>Callimachus</span> <span class='ocrx_word' id='word_1_174' title='bbox 1072 2462 1227 2523; x_wconf 88' lang='lat' dir='ltr'>Herodoti</span> <span class='ocrx_word' id='word_1_175' title='bbox 1263 2461 1446 2522; x_wconf 88' lang='lat' dir='ltr'>sententiae</span> <span class='ocrx_word' id='word_1_176' title='bbox 1476 2460 1543 2522; x_wconf 86' lang='lat' dir='ltr'>sui·</span> 
     </span>
     <span class='ocr_line' id='line_1_20' title="bbox 273 2555 1544 2644; baseline -0.001 -23"><span class='ocrx_word' id='word_1_177' title='bbox 273 2561 419 2636; x_wconf 85' lang='lat' dir='ltr'>fragatus</span> <span class='ocrx_word' id='word_1_178' title='bbox 442 2567 506 2641; x_wconf 87' lang='lat' dir='ltr'>est,</span> <span class='ocrx_word' id='word_1_179' title='bbox 531 2565 577 2626; x_wconf 91' lang='lat' dir='ltr'>ita</span> <span class='ocrx_word' id='word_1_180' title='bbox 600 2567 771 2627; x_wconf 84' lang='lat' dir='ltr'>scribentis</span> <span class='ocrx_word' id='word_1_181' title='bbox 793 2566 833 2626; x_wconf 93' lang='grc' dir='ltr'>ΙΙ.</span> <span class='ocrx_word' id='word_1_182' title='bbox 859 2567 915 2626; x_wconf 88' lang='grc'>81;</span> <span class='ocrx_word' id='word_1_183' title='bbox 943 2561 1153 2644; x_wconf 71' lang='grc' dir='ltr'><strong><em>,ὁμολογέουσι</em></strong></span> <span class='ocrx_word' id='word_1_184' title='bbox 1177 2559 1210 2623; x_wconf 77' lang='grc' dir='ltr'>δὲ</span> <span class='ocrx_word' id='word_1_185' title='bbox 1232 2570 1325 2622; x_wconf 82' lang='grc' dir='ltr'><strong><em>τοῦτο</em></strong></span> <span class='ocrx_word' id='word_1_186' title='bbox 1346 2566 1420 2622; x_wconf 79' lang='grc' dir='ltr'><strong><em>τοῖσι</em></strong></span> <span class='ocrx_word' id='word_1_187' title='bbox 1441 2555 1544 2640; x_wconf 85' lang='grc' dir='ltr'><strong><em>Ὀρφι-</em></strong></span> 
     </span>
     <span class='ocr_line' id='line_1_21' title="bbox 274 2661 1543 2746; baseline -0.001 -24"><span class='ocrx_word' id='word_1_188' title='bbox 274 2668 351 2723; x_wconf 82' lang='grc' dir='ltr'><strong><em>κοῖσι</em></strong></span> <span class='ocrx_word' id='word_1_189' title='bbox 369 2663 571 2743; x_wconf 74' lang='grc' dir='ltr'><strong><em>καλεομένοισι</em></strong></span> <span class='ocrx_word' id='word_1_190' title='bbox 590 2665 640 2727; x_wconf 77' lang='grc' dir='ltr'>καὶ</span> <span class='ocrx_word' id='word_1_191' title='bbox 663 2670 830 2746; x_wconf 76' lang='grc' dir='ltr'><strong><em>Βακχικοῖσι</em></strong></span> <span class='ocrx_word' id='word_1_192' title='bbox 849 2665 932 2728; x_wconf 78' lang='grc' dir='ltr'><strong><em>ἐοῦσι</em></strong></span> <span class='ocrx_word' id='word_1_193' title='bbox 951 2663 983 2727; x_wconf 73' lang='grc' dir='ltr'>δὲ</span> <span class='ocrx_word' id='word_1_194' title='bbox 1004 2665 1192 2746; x_wconf 72' lang='grc' dir='ltr'><strong><em>Αΐγοιιιίοισι</em></strong></span> <span class='ocrx_word' id='word_1_195' title='bbox 1210 2661 1261 2726; x_wconf 78' lang='grc' dir='ltr'>καὶ</span> <span class='ocrx_word' id='word_1_196' title='bbox 1274 2662 1543 2743; x_wconf 76' lang='grc' dir='ltr'><strong><em>Πυθαγορείοισι”,</em></strong></span> 
     </span>
     <span class='ocr_line' id='line_1_22' title="bbox 273 2764 1546 2845; baseline 0 -19"><span class='ocrx_word' id='word_1_197' title='bbox 273 2782 356 2841; x_wconf 86' lang='lat' dir='ltr'>quae</span> <span class='ocrx_word' id='word_1_198' title='bbox 398 2767 444 2829; x_wconf 88' lang='lat' dir='ltr'>ita</span> <span class='ocrx_word' id='word_1_199' title='bbox 486 2770 568 2829; x_wconf 92' lang='lat' dir='ltr'>mihi</span> <span class='ocrx_word' id='word_1_200' title='bbox 602 2770 844 2845; x_wconf 88' lang='lat' dir='ltr'>interpretanda</span> <span class='ocrx_word' id='word_1_201' title='bbox 877 2769 1028 2829; x_wconf 86' lang='lat' dir='ltr'>videnlur</span> <span class='ocrx_word' id='word_1_202' title='bbox 1062 2770 1100 2829; x_wconf 89' lang='lat' dir='ltr'>ut</span> <span class='ocrx_word' id='word_1_203' title='bbox 1133 2767 1316 2828; x_wconf 88' lang='lat' dir='ltr'>Herodotus</span> <span class='ocrx_word' id='word_1_204' title='bbox 1350 2764 1490 2842; x_wconf 89' lang='lat' dir='ltr'>Orphica</span> <span class='ocrx_word' id='word_1_205' title='bbox 1524 2781 1546 2826; x_wconf 90' lang='lat' dir='ltr'>a</span> 
     </span>
     <span class='ocr_line' id='line_1_23' title="bbox 272 2867 1544 2947; baseline -0.001 -19"><span class='ocrx_word' id='word_1_206' title='bbox 272 2869 439 2931; x_wconf 89' lang='lat' dir='ltr'>Bacchicis</span> <span class='ocrx_word' id='word_1_207' title='bbox 462 2887 526 2933; x_wconf 90' lang='lat' dir='ltr'>non</span> <span class='ocrx_word' id='word_1_208' title='bbox 549 2871 757 2947; x_wconf 84' lang='lat' dir='ltr'>disiunxerit,</span> <span class='ocrx_word' id='word_1_209' title='bbox 782 2872 950 2946; x_wconf 87' lang='lat' dir='ltr'>utriusque</span> <span class='ocrx_word' id='word_1_210' title='bbox 970 2873 1082 2931; x_wconf 89' lang='lat' dir='ltr'>autem</span> <span class='ocrx_word' id='word_1_211' title='bbox 1101 2869 1266 2944; x_wconf 83' lang='lat' dir='ltr'>religionis</span> <span class='ocrx_word' id='word_1_212' title='bbox 1285 2867 1405 2943; x_wconf 86' lang='lat' dir='ltr'>placite</span> <span class='ocrx_word' id='word_1_213' title='bbox 1423 2867 1544 2942; x_wconf 88' lang='lat' dir='ltr'>Pytha·</span> 
     </span>
     <span class='ocr_line' id='line_1_24' title="bbox 272 2963 1544 3051; baseline -0.002 -21"><span class='ocrx_word' id='word_1_214' title='bbox 272 2985 368 3045; x_wconf 84' lang='lat' dir='ltr'>goras</span> <span class='ocrx_word' id='word_1_215' title='bbox 388 2973 495 3034; x_wconf 91' lang='lat' dir='ltr'>deberi</span> <span class='ocrx_word' id='word_1_216' title='bbox 516 2975 729 3051; x_wconf 85' lang='lat' dir='ltr'>contenderit,</span> <span class='ocrx_word' id='word_1_217' title='bbox 751 2973 806 3048; x_wconf 90' lang='lat' dir='ltr'>qui</span> <span class='ocrx_word' id='word_1_218' title='bbox 825 2987 886 3034; x_wconf 88' lang='lat' dir='ltr'>sua</span> <span class='ocrx_word' id='word_1_219' title='bbox 905 2989 947 3033; x_wconf 79' lang='lat' dir='ltr'>en</span> <span class='ocrx_word' id='word_1_220' title='bbox 966 2974 1115 3048; x_wconf 87' lang='lat' dir='ltr'>Aegypto</span> <span class='ocrx_word' id='word_1_221' title='bbox 1130 2970 1312 3045; x_wconf 83' lang='lat' dir='ltr'>sumpsisse</span> <span class='ocrx_word' id='word_1_222' title='bbox 1325 2970 1355 3030; x_wconf 91' lang='lat' dir='ltr'>ei</span> <span class='ocrx_word' id='word_1_223' title='bbox 1368 2969 1495 3030; x_wconf 88' lang='lat' dir='ltr'>videtur</span> <span class='ocrx_word' id='word_1_224' title='bbox 1510 2963 1544 3038; x_wconf 89' lang='lat'>¹).</span> 
     </span>
     <span class='ocr_line' id='line_1_25' title="bbox 272 3070 1545 3151; baseline -0.002 -19"><span class='ocrx_word' id='word_1_225' title='bbox 272 3072 382 3146; x_wconf 87' lang='lat' dir='ltr'>Neque</span> <span class='ocrx_word' id='word_1_226' title='bbox 402 3090 477 3135; x_wconf 85' lang='lat' dir='ltr'>vero</span> <span class='ocrx_word' id='word_1_227' title='bbox 497 3075 679 3151; x_wconf 88' lang='lat' dir='ltr'>theologiae</span> <span class='ocrx_word' id='word_1_228' title='bbox 699 3074 925 3150; x_wconf 88' lang='lat' dir='ltr'>cosmogoniae</span> <span class='ocrx_word' id='word_1_229' title='bbox 944 3073 1166 3148; x_wconf 84' lang='lat' dir='ltr'>mythologice</span> <span class='ocrx_word' id='word_1_230' title='bbox 1186 3071 1343 3147; x_wconf 88' lang='lat' dir='ltr'>Orphicae</span> <span class='ocrx_word' id='word_1_231' title='bbox 1360 3070 1545 3131; x_wconf 84' lang='lat' dir='ltr'>doctrinam</span> 
     </span>
     <span class='ocr_line' id='line_1_26' title="bbox 272 3171 1544 3249; baseline -0.002 -15"><span class='ocrx_word' id='word_1_232' title='bbox 272 3176 441 3249; x_wconf 88' lang='lat' dir='ltr'>probatam</span> <span class='ocrx_word' id='word_1_233' title='bbox 472 3175 671 3238; x_wconf 80' lang='lat' dir='ltr'>Callimacho</span> <span class='ocrx_word' id='word_1_234' title='bbox 701 3178 735 3236; x_wconf 92' lang='lat' dir='ltr'>in</span> <span class='ocrx_word' id='word_1_235' title='bbox 762 3177 835 3237; x_wconf 88' lang='lat' dir='ltr'>aliis</span> <span class='ocrx_word' id='word_1_236' title='bbox 866 3176 1030 3236; x_wconf 87' lang='lat' dir='ltr'>videmus:</span> <span class='ocrx_word' id='word_1_237' title='bbox 1063 3175 1212 3236; x_wconf 86' lang='lat' dir='ltr'>tacentur</span> <span class='ocrx_word' id='word_1_238' title='bbox 1239 3173 1364 3248; x_wconf 92' lang='lat' dir='ltr'>Ophion</span> <span class='ocrx_word' id='word_1_239' title='bbox 1387 3174 1420 3233; x_wconf 85' lang='lat' dir='ltr'>et</span> <span class='ocrx_word' id='word_1_240' title='bbox 1442 3171 1544 3246; x_wconf 83' lang='lat' dir='ltr'>Eury·</span> 
     </span>
     <span class='ocr_line' id='line_1_27' title="bbox 273 3274 1546 3355; baseline -0.002 -19"><span class='ocrx_word' id='word_1_241' title='bbox 273 3292 382 3352; x_wconf 89' lang='lat' dir='ltr'>nome,</span> <span class='ocrx_word' id='word_1_242' title='bbox 415 3277 508 3338; x_wconf 88' lang='lat' dir='ltr'>abest</span> <span class='ocrx_word' id='word_1_243' title='bbox 537 3278 679 3355; x_wconf 89' lang='lat' dir='ltr'>Phanes,</span> <span class='ocrx_word' id='word_1_244' title='bbox 704 3294 723 3339; x_wconf 87' lang='lat' dir='ltr'>a</span> <span class='ocrx_word' id='word_1_245' title='bbox 744 3279 866 3338; x_wconf 84' lang='lat' dir='ltr'>tradita</span> <span class='ocrx_word' id='word_1_246' title='bbox 887 3276 1091 3352; x_wconf 82' lang='lat' dir='ltr'>mythologie</span> <span class='ocrx_word' id='word_1_247' title='bbox 1113 3275 1195 3336; x_wconf 91' lang='lat' dir='ltr'>nihil</span> <span class='ocrx_word' id='word_1_248' title='bbox 1217 3275 1372 3335; x_wconf 87' lang='lat' dir='ltr'>recedunt</span> <span class='ocrx_word' id='word_1_249' title='bbox 1394 3274 1546 3335; x_wconf 85' lang='lat' dir='ltr'>Oceanus</span> 
     </span>
     <span class='ocr_line' id='line_1_28' title="bbox 274 3375 1543 3454; baseline -0.004 -15"><span class='ocrx_word' id='word_1_250' title='bbox 274 3382 370 3453; x_wconf 85' lang='lat' dir='ltr'>atque</span> <span class='ocrx_word' id='word_1_251' title='bbox 400 3379 537 3454; x_wconf 83' lang='lat' dir='ltr'>Tethys;</span> <span class='ocrx_word' id='word_1_252' title='bbox 569 3381 648 3442; x_wconf 83' lang='lat' dir='ltr'>Eros</span> <span class='ocrx_word' id='word_1_253' title='bbox 671 3383 782 3442; x_wconf 88' lang='lat' dir='ltr'>autem</span> <span class='ocrx_word' id='word_1_254' title='bbox 806 3379 949 3440; x_wconf 88' lang='lat' dir='ltr'>universi</span> <span class='ocrx_word' id='word_1_255' title='bbox 972 3377 1026 3439; x_wconf 90' lang='lat' dir='ltr'>ille</span> <span class='ocrx_word' id='word_1_256' title='bbox 1051 3377 1134 3453; x_wconf 96' lang='lat' dir='ltr'>apud</span> <span class='ocrx_word' id='word_1_257' title='bbox 1159 3377 1315 3452; x_wconf 88' lang='lat' dir='ltr'>Orphioos</span> <span class='ocrx_word' id='word_1_258' title='bbox 1338 3375 1543 3450; x_wconf 88' lang='lat' dir='ltr'>demiurgus,</span> 
     </span>
     <span class='ocr_line' id='line_1_29' title="bbox 273 3478 1545 3556; baseline -0.002 -17"><span class='ocrx_word' id='word_1_259' title='bbox 273 3481 306 3539; x_wconf 90' lang='lat' dir='ltr'>in</span> <span class='ocrx_word' id='word_1_260' title='bbox 347 3479 537 3542; x_wconf 79' lang='lat' dir='ltr'>callimachi</span> <span class='ocrx_word' id='word_1_261' title='bbox 570 3482 768 3543; x_wconf 88' lang='lat' dir='ltr'>carminibus</span> <span class='ocrx_word' id='word_1_262' title='bbox 802 3481 940 3556; x_wconf 88' lang='lat' dir='ltr'>pristina</span> <span class='ocrx_word' id='word_1_263' title='bbox 974 3479 1157 3540; x_wconf 89' lang='lat' dir='ltr'>conditione</span> <span class='ocrx_word' id='word_1_264' title='bbox 1191 3493 1252 3538; x_wconf 87' lang='lat' dir='ltr'>sua</span> <span class='ocrx_word' id='word_1_265' title='bbox 1286 3478 1410 3539; x_wconf 89' lang='lat' dir='ltr'>beatior</span> <span class='ocrx_word' id='word_1_266' title='bbox 1442 3492 1545 3551; x_wconf 89' lang='lat' dir='ltr'>quam</span> 
     </span>
     <span class='ocr_line' id='line_1_30' title="bbox 272 3565 1545 3658; baseline -0.002 -17"><span class='ocrx_word' id='word_1_267' title='bbox 272 3584 310 3642; x_wconf 90' lang='lat' dir='ltr'>ut</span> <span class='ocrx_word' id='word_1_268' title='bbox 340 3586 506 3644; x_wconf 87' lang='lat' dir='ltr'>austeram</span> <span class='ocrx_word' id='word_1_269' title='bbox 537 3584 570 3644; x_wconf 90' lang='lat' dir='ltr'>in</span> <span class='ocrx_word' id='word_1_270' title='bbox 600 3565 808 3658; x_wconf 88' lang='lat' dir='ltr'>cosmogonia</span> <span class='ocrx_word' id='word_1_271' title='bbox 835 3583 1029 3658; x_wconf 84' lang='lat' dir='ltr'>dignitatem</span> <span class='ocrx_word' id='word_1_272' title='bbox 1056 3581 1200 3656; x_wconf 89' lang='lat' dir='ltr'>arroget,</span> <span class='ocrx_word' id='word_1_273' title='bbox 1236 3594 1313 3640; x_wconf 89' lang='lat' dir='ltr'>arcu</span> <span class='ocrx_word' id='word_1_274' title='bbox 1336 3579 1419 3640; x_wconf 90' lang='lat' dir='ltr'>ludit</span> <span class='ocrx_word' id='word_1_275' title='bbox 1444 3580 1545 3652; x_wconf 86' lang='lat' dir='ltr'>atque</span> 
     </span>
     <span class='ocr_line' id='line_1_31' title="bbox 273 3680 1545 3759; baseline -0.004 -15"><span class='ocrx_word' id='word_1_276' title='bbox 273 3685 429 3745; x_wconf 86' lang='lat' dir='ltr'>arundine</span> <span class='ocrx_word' id='word_1_277' title='bbox 463 3684 633 3746; x_wconf 90' lang='lat' dir='ltr'>hominum</span> <span class='ocrx_word' id='word_1_278' title='bbox 669 3685 765 3746; x_wconf 84' lang='lat' dir='ltr'>corda</span> <span class='ocrx_word' id='word_1_279' title='bbox 792 3683 896 3759; x_wconf 86' lang='lat' dir='ltr'>figens</span> <span class='ocrx_word' id='word_1_280' title='bbox 926 3683 1025 3743; x_wconf 91' lang='lat' dir='ltr'>matri</span> <span class='ocrx_word' id='word_1_281' title='bbox 1056 3683 1141 3743; x_wconf 85' lang='lat' dir='ltr'>dicto</span> <span class='ocrx_word' id='word_1_282' title='bbox 1173 3681 1307 3743; x_wconf 87' lang='lat' dir='ltr'>audiens</span> <span class='ocrx_word' id='word_1_283' title='bbox 1338 3683 1403 3756; x_wconf 90' lang='lat' dir='ltr'>est,</span> <span class='ocrx_word' id='word_1_284' title='bbox 1434 3680 1545 3740; x_wconf 86' lang='lat' dir='ltr'>victus</span> 
     </span>
    </p>
   </div>
   <div class='ocr_carea' id='block_1_3' title="bbox 272 3923 1547 4788">
    <p class='ocr_par' dir='ltr' id='par_1_3' title="bbox 272 3923 1546 4136">
     <span class='ocr_line' id='line_1_32' title="bbox 272 3923 1546 3991; baseline -0.005 -16"><span class='ocrx_word' id='word_1_285' title='bbox 272 3929 342 3976; x_wconf 68' lang='lat' dir='ltr'>iuxta</span> <span class='ocrx_word' id='word_1_286' title='bbox 365 3942 466 3977; x_wconf 79' lang='lat' dir='ltr'>ssorum</span> <span class='ocrx_word' id='word_1_287' title='bbox 489 3923 617 3989; x_wconf 86' lang='lat' dir='ltr'>tripodem</span> <span class='ocrx_word' id='word_1_288' title='bbox 638 3930 793 3991; x_wconf 86' lang='lat' dir='ltr'>Delphicum</span> <span class='ocrx_word' id='word_1_289' title='bbox 811 3930 913 3978; x_wconf 85' lang='lat' dir='ltr'>ostendi</span> <span class='ocrx_word' id='word_1_290' title='bbox 930 3931 1035 3990; x_wconf 82' lang='lat' dir='ltr'>Dionysi</span> <span class='ocrx_word' id='word_1_291' title='bbox 1053 3929 1209 3990; x_wconf 85' lang='lat' dir='ltr'>sepulcrum.</span> <span class='ocrx_word' id='word_1_292' title='bbox 1227 3927 1347 3977; x_wconf 75' lang='lat' dir='ltr'>osterum</span> <span class='ocrx_word' id='word_1_293' title='bbox 1365 3937 1443 3986; x_wconf 71' lang='lat' dir='ltr'>qnam</span> <span class='ocrx_word' id='word_1_294' title='bbox 1459 3923 1546 3970; x_wconf 74' lang='lat' dir='ltr'>mults</span> 
     </span>
     <span class='ocr_line' id='line_1_33' title="bbox 273 4003 1546 4072; baseline -0.005 -17"><span class='ocrx_word' id='word_1_295' title='bbox 273 4011 300 4056; x_wconf 88' lang='lat' dir='ltr'>in</span> <span class='ocrx_word' id='word_1_296' title='bbox 322 4010 510 4058; x_wconf 76' lang='lat' dir='ltr'>commentariis</span> <span class='ocrx_word' id='word_1_297' title='bbox 533 4009 614 4058; x_wconf 72' lang='lat' dir='ltr'>relato</span> <span class='ocrx_word' id='word_1_298' title='bbox 636 4010 688 4056; x_wconf 85' lang='lat' dir='ltr'>sint</span> <span class='ocrx_word' id='word_1_299' title='bbox 708 4023 724 4056; x_wconf 87' lang='grc' dir='ltr'>ι</span> <span class='ocrx_word' id='word_1_300' title='bbox 746 4009 915 4067; x_wconf 72' lang='lat' dir='ltr'>callimacho,</span> <span class='ocrx_word' id='word_1_301' title='bbox 940 4023 1006 4070; x_wconf 79' lang='lat' dir='ltr'>qnae</span> <span class='ocrx_word' id='word_1_302' title='bbox 1023 4011 1079 4072; x_wconf 88' lang='lat' dir='ltr'>ipse</span> <span class='ocrx_word' id='word_1_303' title='bbox 1097 4009 1262 4057; x_wconf 77' lang='lat' dir='ltr'>vehementer</span> <span class='ocrx_word' id='word_1_304' title='bbox 1280 4005 1420 4068; x_wconf 83' lang='lat' dir='ltr'>improbet,</span> <span class='ocrx_word' id='word_1_305' title='bbox 1438 4003 1546 4064; x_wconf 78' lang='lat' dir='ltr'>ssspius</span> 
     </span>
     <span class='ocr_line' id='line_1_34' title="bbox 273 4088 392 4136; baseline 0.008 -2"><span class='ocrx_word' id='word_1_306' title='bbox 273 4088 392 4136; x_wconf 80' lang='lat' dir='ltr'>vidimus.</span> 
     </span>
    </p>

    <p class='ocr_par' dir='ltr' id='par_1_4' title="bbox 273 4162 1547 4788">
     <span class='ocr_line' id='line_1_35' title="bbox 306 4162 1545 4231; baseline -0.006 -15"><span class='ocrx_word' id='word_1_307' title='bbox 306 4164 326 4226; x_wconf 82' lang='lat' dir='ltr'>¹l</span> <span class='ocrx_word' id='word_1_308' title='bbox 343 4169 398 4216; x_wconf 82' lang='lat' dir='ltr'>Non</span> <span class='ocrx_word' id='word_1_309' title='bbox 416 4168 500 4216; x_wconf 77' lang='lat' dir='ltr'>isosrs</span> <span class='ocrx_word' id='word_1_310' title='bbox 518 4181 622 4228; x_wconf 88' lang='lat' dir='ltr'>possum</span> <span class='ocrx_word' id='word_1_311' title='bbox 640 4181 699 4216; x_wconf 87' lang='lat' dir='ltr'>oum</span> <span class='ocrx_word' id='word_1_312' title='bbox 717 4169 826 4217; x_wconf 74' lang='lat' dir='ltr'>Ernssm</span> <span class='ocrx_word' id='word_1_313' title='bbox 838 4170 931 4226; x_wconf 74' lang='lat' dir='ltr'>dium,</span> <span class='ocrx_word' id='word_1_314' title='bbox 949 4170 994 4229; x_wconf 92' lang='lat' dir='ltr'>qni</span> <span class='ocrx_word' id='word_1_315' title='bbox 1010 4166 1128 4231; x_wconf 75' lang='lat' dir='ltr'>(Orpheus</span> <span class='ocrx_word' id='word_1_316' title='bbox 1142 4182 1166 4229; x_wconf 92' lang='lat' dir='ltr'>p.</span> <span class='ocrx_word' id='word_1_317' title='bbox 1180 4167 1238 4228; x_wconf 73' lang='lat' dir='ltr'>lca)</span> <span class='ocrx_word' id='word_1_318' title='bbox 1252 4167 1289 4214; x_wconf 70' lang='lat' dir='ltr'>its</span> <span class='ocrx_word' id='word_1_319' title='bbox 1302 4165 1381 4212; x_wconf 80' lang='lat' dir='ltr'>verbs</span> <span class='ocrx_word' id='word_1_320' title='bbox 1397 4162 1545 4211; x_wconf 76' lang='lat' dir='ltr'>Herodotss</span> 
     </span>
     <span class='ocr_line' id='line_1_36' title="bbox 273 4243 1545 4310; baseline -0.005 -15"><span class='ocrx_word' id='word_1_321' title='bbox 273 4248 474 4308; x_wconf 68' lang='lat' dir='ltr'>interpretatur:</span> <span class='ocrx_word' id='word_1_322' title='bbox 494 4246 609 4304; x_wconf 80' lang='lat' dir='ltr'>,Warsm</span> <span class='ocrx_word' id='word_1_323' title='bbox 633 4247 668 4296; x_wconf 79' lang='lat' dir='ltr'>isi</span> <span class='ocrx_word' id='word_1_324' title='bbox 691 4246 731 4296; x_wconf 80' lang='lat' dir='ltr'>die</span> <span class='ocrx_word' id='word_1_325' title='bbox 761 4247 911 4310; x_wconf 67' lang='lat' dir='ltr'>Verrinam</span> <span class='ocrx_word' id='word_1_326' title='bbox 939 4245 1203 4310; x_wconf 67' lang='lat' dir='ltr'>orpliscblrasslisol</span> <span class='ocrx_word' id='word_1_327' title='bbox 1228 4243 1362 4308; x_wconf 68' lang='grc' dir='ltr'><strong><em>κοιτοσιιόὶγ</em></strong></span> <span class='ocrx_word' id='word_1_328' title='bbox 1382 4243 1434 4293; x_wconf 78' lang='lat' dir='ltr'>ssd</span> <span class='ocrx_word' id='word_1_329' title='bbox 1453 4257 1545 4290; x_wconf 78' lang='grc' dir='ltr'><strong><em>ιοοταιι</em></strong></span> 
     </span>
     <span class='ocr_line' id='line_1_37' title="bbox 273 4321 1546 4391; baseline -0.004 -17"><span class='ocrx_word' id='word_1_330' title='bbox 273 4327 340 4376; x_wconf 73' lang='lat' dir='ltr'>nicht</span> <span class='ocrx_word' id='word_1_331' title='bbox 368 4327 470 4391; x_wconf 67' lang='grc' dir='ltr'><strong><em>κιϋγίἰοὶ</em></strong></span> <span class='ocrx_word' id='word_1_332' title='bbox 492 4327 542 4375; x_wconf 79' lang='lat' dir='ltr'>alle</span> <span class='ocrx_word' id='word_1_333' title='bbox 561 4326 613 4374; x_wconf 84' lang='lat' dir='ltr'>drei</span> <span class='ocrx_word' id='word_1_334' title='bbox 636 4325 746 4391; x_wconf 71' lang='lat' dir='ltr'>Bepn&#39;ffe</span> <span class='ocrx_word' id='word_1_335' title='bbox 762 4341 788 4374; x_wconf 86' lang='grc' dir='ltr'>ιο</span> <span class='ocrx_word' id='word_1_336' title='bbox 810 4343 840 4376; x_wconf 84' lang='grc' dir='ltr'>ια</span> <span class='ocrx_word' id='word_1_337' title='bbox 862 4325 1040 4383; x_wconf 61' lang='lat' dir='ltr'>sacrantem,</span> <span class='ocrx_word' id='word_1_338' title='bbox 1063 4325 1120 4374; x_wconf 76' lang='lat' dir='ltr'>dm</span> <span class='ocrx_word' id='word_1_339' title='bbox 1143 4327 1165 4372; x_wconf 88' lang='lat'>1.</span> <span class='ocrx_word' id='word_1_340' title='bbox 1188 4323 1325 4387; x_wconf 61' lang='lat' dir='ltr'>ephesio,</span> <span class='ocrx_word' id='word_1_341' title='bbox 1351 4325 1373 4372; x_wconf 74' lang='lat'>2.</span> <span class='ocrx_word' id='word_1_342' title='bbox 1392 4321 1546 4380; x_wconf 60' lang='lat' dir='ltr'>laam,</span> 
     </span>
     <span class='ocr_line' id='line_1_38' title="bbox 274 4401 1547 4470; baseline -0.003 -16"><span class='ocrx_word' id='word_1_343' title='bbox 274 4409 297 4454; x_wconf 82' lang='grc'>3.</span> <span class='ocrx_word' id='word_1_344' title='bbox 318 4405 513 4470; x_wconf 72' lang='lat' dir='ltr'>pythayorer&#39;ecte</span> <span class='ocrx_word' id='word_1_345' title='bbox 534 4405 669 4468; x_wconf 61' lang='lat' dir='ltr'>Saranges</span> <span class='ocrx_word' id='word_1_346' title='bbox 691 4405 895 4468; x_wconf 69' lang='lat' dir='ltr'>lembum,</span> <span class='ocrx_word' id='word_1_347' title='bbox 916 4404 988 4454; x_wconf 73' lang='lat' dir='ltr'>achei</span> <span class='ocrx_word' id='word_1_348' title='bbox 1009 4403 1123 4454; x_wconf 59' lang='lat' dir='ltr'>ulem</span> <span class='ocrx_word' id='word_1_349' title='bbox 1145 4403 1196 4453; x_wconf 78' lang='grc' dir='ltr'><strong><em>ιικιΙ</em></strong></span> <span class='ocrx_word' id='word_1_350' title='bbox 1210 4403 1275 4451; x_wconf 72' lang='lat' dir='ltr'>mehr</span> <span class='ocrx_word' id='word_1_351' title='bbox 1287 4401 1470 4466; x_wconf 69' lang='lat' dir='ltr'>pamideir&#39;srk</span> <span class='ocrx_word' id='word_1_352' title='bbox 1488 4402 1547 4464; x_wconf 78' lang='lat' dir='ltr'>(scir</span> 
     </span>
     <span class='ocr_line' id='line_1_39' title="bbox 273 4479 1546 4548; baseline -0.003 -15"><span class='ocrx_word' id='word_1_353' title='bbox 273 4485 368 4534; x_wconf 76' lang='lat' dir='ltr'>wiirden</span> <span class='ocrx_word' id='word_1_354' title='bbox 389 4486 442 4533; x_wconf 78' lang='grc' dir='ltr'><strong><em>αι’κι</em></strong></span> <span class='ocrx_word' id='word_1_355' title='bbox 463 4485 616 4548; x_wconf 76' lang='lat' dir='ltr'>Asmsrkrmy</span> <span class='ocrx_word' id='word_1_356' title='bbox 639 4484 746 4544; x_wconf 63' lang='lat' dir='ltr'>macha)</span> <span class='ocrx_word' id='word_1_357' title='bbox 769 4484 809 4534; x_wconf 75' lang='lat' dir='ltr'>db</span> <span class='ocrx_word' id='word_1_358' title='bbox 831 4489 943 4547; x_wconf 77' lang='grc' dir='ltr'><strong><em>Βακχικά</em></strong></span> <span class='ocrx_word' id='word_1_359' title='bbox 967 4486 1006 4534; x_wconf 73' lang='lat' dir='ltr'>als</span> <span class='ocrx_word' id='word_1_360' title='bbox 1030 4485 1096 4533; x_wconf 77' lang='lat' dir='ltr'>ihrer</span> <span class='ocrx_word' id='word_1_361' title='bbox 1122 4485 1209 4532; x_wconf 71' lang='lat' dir='ltr'>histes</span> <span class='ocrx_word' id='word_1_362' title='bbox 1227 4481 1356 4547; x_wconf 71' lang='lat' dir='ltr'>Herlssnsi</span> <span class='ocrx_word' id='word_1_363' title='bbox 1379 4479 1439 4530; x_wconf 70' lang='lat' dir='ltr'>sach</span> <span class='ocrx_word' id='word_1_364' title='bbox 1454 4495 1546 4544; x_wconf 74' lang='lat' dir='ltr'>aeyyp-</span> 
     </span>
     <span class='ocr_line' id='line_1_40' title="bbox 274 4561 1545 4626; baseline -0.004 -14"><span class='ocrx_word' id='word_1_365' title='bbox 274 4563 335 4612; x_wconf 75' lang='lat' dir='ltr'>ts&#39;eot</span> <span class='ocrx_word' id='word_1_366' title='bbox 355 4563 488 4612; x_wconf 66' lang='lat' dir='ltr'>berachus!</span> <span class='ocrx_word' id='word_1_367' title='bbox 507 4563 638 4612; x_wconf 65' lang='lat' dir='ltr'>verm</span> <span class='ocrx_word' id='word_1_368' title='bbox 659 4565 781 4622; x_wconf 89' lang='lat' dir='ltr'>Omnino,</span> <span class='ocrx_word' id='word_1_369' title='bbox 800 4565 826 4612; x_wconf 87' lang='lat' dir='ltr'>ni</span> <span class='ocrx_word' id='word_1_370' title='bbox 844 4564 931 4623; x_wconf 72' lang='lat' dir='ltr'>fallor,</span> <span class='ocrx_word' id='word_1_371' title='bbox 954 4566 1100 4626; x_wconf 79' lang='lat' dir='ltr'>scripsisset</span> <span class='ocrx_word' id='word_1_372' title='bbox 1116 4562 1274 4624; x_wconf 85' lang='lat' dir='ltr'>Herodotus,</span> <span class='ocrx_word' id='word_1_373' title='bbox 1291 4562 1371 4609; x_wconf 68' lang='lat' dir='ltr'>telem</span> <span class='ocrx_word' id='word_1_374' title='bbox 1389 4561 1545 4608; x_wconf 71' lang='lat' dir='ltr'>sententium</span> 
     </span>
     <span class='ocr_line' id='line_1_41' title="bbox 273 4642 1546 4708; baseline -0.005 -16"><span class='ocrx_word' id='word_1_375' title='bbox 273 4645 296 4692; x_wconf 87' lang='lat' dir='ltr'>si</span> <span class='ocrx_word' id='word_1_376' title='bbox 320 4645 485 4705; x_wconf 74' lang='lat' dir='ltr'>pronuntiare</span> <span class='ocrx_word' id='word_1_377' title='bbox 511 4643 646 4691; x_wconf 80' lang='lat' dir='ltr'>voluisset:</span> <span class='ocrx_word' id='word_1_378' title='bbox 670 4653 745 4700; x_wconf 77' lang='grc' dir='ltr'><strong><em>,τοῖσι</em></strong></span> <span class='ocrx_word' id='word_1_379' title='bbox 767 4645 893 4708; x_wconf 76' lang='grc' dir='ltr'><strong><em>Ὀρφικοῖσι</em></strong></span> <span class='ocrx_word' id='word_1_380' title='bbox 911 4643 1074 4703; x_wconf 58' lang='lat' dir='ltr'>miserrimos,</span> <span class='ocrx_word' id='word_1_381' title='bbox 1093 4648 1152 4691; x_wconf 72' lang='lat' dir='ltr'>torol</span> <span class='ocrx_word' id='word_1_382' title='bbox 1171 4659 1196 4690; x_wconf 81' lang='grc' dir='ltr'>ιι</span> <span class='ocrx_word' id='word_1_383' title='bbox 1208 4647 1350 4703; x_wconf 74' lang='grc' dir='ltr'><strong><em>Βακχικοῖσι</em></strong></span> <span class='ocrx_word' id='word_1_384' title='bbox 1368 4644 1430 4688; x_wconf 70' lang='grc' dir='ltr'><strong><em>δοῦσι</em></strong></span> <span class='ocrx_word' id='word_1_385' title='bbox 1448 4642 1546 4699; x_wconf 70' lang='grc' dir='ltr'><strong><em>Αἰγυπ-</em></strong></span> 
     </span>
     <span class='ocr_line' id='line_1_42' title="bbox 274 4721 719 4788; baseline -0.009 -14"><span class='ocrx_word' id='word_1_386' title='bbox 274 4727 356 4781; x_wconf 73' lang='grc' dir='ltr'><strong><em>τίοισι,</em></strong></span> <span class='ocrx_word' id='word_1_387' title='bbox 375 4725 413 4772; x_wconf 75' lang='lat' dir='ltr'>nol</span> <span class='ocrx_word' id='word_1_388' title='bbox 430 4732 490 4772; x_wconf 81' lang='grc' dir='ltr'><strong><em>σοῖσι</em></strong></span> <span class='ocrx_word' id='word_1_389' title='bbox 508 4721 719 4788; x_wconf 73' lang='grc' dir='ltr'><strong><em>Πνθαγορτιοισι.”</em></strong></span> 
     </span>
    </p>
   </div>
   <div class='ocr_carea' id='block_1_4' title="bbox 0 0 1658 5436">
    <p class='ocr_par' dir='ltr' id='par_1_5' title="bbox 0 0 1658 5436">
     <span class='ocr_line' id='line_1_43' title="bbox 0 0 1658 5436; baseline 0 0"><span class='ocrx_word' id='word_1_390' title='bbox 0 0 1658 5436; x_wconf 95' lang='lat' dir='ltr'> </span> 
     </span>
    </p>
   </div>
  </div>
 </body>
</html>
