3308 5436
712 530 752 590 87

98 716 242 776 nondum
266 716 489 793 supervenit,
521 718 558 777 ut
584 717 680 777 Isidis
703 717 788 778 festa
812 715 967 794 Δημήτρια
990 715 1173 776 dicerentur
1197 717 1254 773 aut
1277 713 1371 787 (quod

98 819 131 877 in
156 817 328 893 Cleopatra
350 820 448 893 atque
471 817 613 880 Antonio
635 818 760 880 factum
780 819 941 888 videmus)
960 819 995 878 in
1014 817 1083 891 ipso
1103 815 1230 875 cereris
1248 814 1371 889 templo

98 919 184 994 quod
218 921 291 980 erat
323 919 467 979 Eleusini
501 919 587 980 haud
621 921 731 996 procul
766 922 806 982 ab
837 920 1049 994 Alexandria,
1082 918 1168 992 regis
1199 917 1372 992 reginaeve

98 1019 225 1096 effigies
256 1020 392 1081 Osiridis
423 1022 520 1094 atque
551 1021 647 1080 Isidis
679 1023 768 1083 cultu
803 1022 979 1097 habituque
1009 1021 1205 1096 ponerentur
1227 1011 1258 1087 ¹).
1286 1017 1371 1077 Num

99 1123 168 1196 ipse
188 1121 420 1196 Philadelphus
440 1122 612 1182 commixti
631 1124 769 1184 duarum
782 1123 915 1184 dearum
932 1123 1040 1184 cultus
1052 1122 1119 1182 iam
1139 1124 1252 1181 auctor
1266 1119 1371 1194 fuerit,

98 1226 135 1282 ut
157 1221 317 1298 vidimus,
342 1223 587 1300 incertumst,
612 1239 714 1298 eoque
737 1225 847 1286 minus
867 1226 998 1286 constat
1016 1223 1168 1298 quoniam
1189 1220 1373 1282 Eleusinios

98 1323 227 1384 Cereris
257 1339 352 1384 sacra
382 1325 544 1397 quomodo
576 1340 595 1384 a
622 1325 752 1400 Lagidis
782 1325 1001 1387 Alexandriae
1024 1325 1177 1386 instituta
1200 1324 1267 1383 sint
1288 1337 1372 1398 pror·

98 1441 157 1486 sus
189 1427 357 1500 ignoratur
378 1420 415 1500 ²),
448 1428 483 1486 at
521 1426 623 1486 fuisse
655 1428 709 1501 qui
739 1428 952 1488 faverent-
977 1443 997 1488 a
1027 1426 1144 1499 quibus
1174 1424 1260 1486 haud
1289 1439 1374 1484 vane

99 1528 244 1588 Graecae
261 1527 429 1602 religionis
445 1528 574 1602 patroni
592 1529 748 1589 timerent
767 1529 853 1590 -id
872 1529 1015 1604 profecto
1027 1527 1168 1588 dubitari
1180 1541 1244 1588 non
1256 1527 1373 1602 potest.

99 1629 182 1704 Quid
202 1629 301 1704 igitur
321 1627 564 1690 Callimachus?
583 1629 633 1691 Ad
654 1632 824 1691 extremas
843 1630 997 1691 Graeciae
1016 1631 1140 1705 partes,
1161 1631 1196 1688 ut
1217 1627 1372 1702 vidimus,

98 1729 227 1791 Cereris
256 1745 336 1791 suae
366 1731 508 1805 origines
539 1733 703 1806 removet;
736 1731 861 1792 Cereris
884 1729 987 1809 filiam
1011 1729 1198 1806 quaerentis
1221 1728 1375 1790 describit

98 1833 170 1907 iter,
197 1831 254 1892 sed
277 1833 383 1892 toturn
408 1833 470 1892 iter
503 1835 555 1893 est
588 1847 646 1908 per
675 1832 862 1907 Graeciam
894 1833 1074 1894 fertilitatis
1101 1833 1273 1906 patronam
1301 1833 1376 1904 (qua

98 1933 258 1994 facultate
282 1933 430 2008 inprimis
454 1948 529 1994 cum
553 1933 638 1994 Iside
661 1933 813 1995 Demeter
840 1933 1063 2004 conveniebat)
1087 1931 1278 2012 ποιοτρόφον
1301 1953 1375 1992 που-

100 2031 284 2111 ιομέοιμνον
307 2035 431 2095 salutat
454 2034 577 2110 (hymn.
602 2035 657 2095 VI.
683 2037 712 2096 2.
741 2037 814 2107 120)
838 2037 886 2097 its
904 2038 943 2097 ut
960 2036 1158 2097 Hesiodeam
1177 2032 1376 2112 πολυφόρβην
1447 2035 1459 2058 ·

100 2137 251 2209 revocat;
286 2135 431 2210 itemque
462 2137 594 2197 cumin
618 2137 697 2198 deae
720 2137 870 2198 laudibus
893 2153 994 2198 unam
1017 2137 1187 2212 praecipue
1218 2149 1375 2196 memora·

101 2243 166 2314 ret,
191 2253 275 2312 quae
297 2239 405 2313 magis
428 2239 546 2300 ceteris
569 2239 720 2300 omnibus
748 2239 844 2300 Isidis
866 2240 996 2315 propria
1015 2253 1088 2300 esse
1108 2238 1280 2312 videretur,
1302 2251 1376 2297 cum

101 2341 203 2416 igitur
227 2321 387 2420 ὡρηφόρον
411 2340 573 2402 celebrare
597 2339 880 2417 venetensem,
905 2341 1025 2402 iterum
1045 2341 1092 2400 ita
1110 2341 1206 2400 deam
1225 2337 1379 2400 describit

102 2445 139 2503 ut
170 2442 313 2503 Graecas
342 2458 408 2503 non
437 2442 618 2519 Aegyptias
648 2443 790 2518 origines
820 2444 973 2503 revocent
1002 2441 1115 2502 laudes
1146 2441 1263 2516 quibus
1286 2442 1378 2500 omet

102 2559 178 2605 eam
203 2544 267 2614 (VI.
295 2545 385 2614 121):

326 2641 384 2723 χώς
407 2644 442 2704 αῖ
461 2642 513 2706 τὸν
535 2643 673 2705 κάλαθον
695 2643 877 2723 λενιιότριχες
899 2643 984 2704 ἵπποι
1008 2641 1109 2724 ἄγοντι

328 2743 478 2826 τέσσαρες,
500 2736 540 2818 ὧς
563 2742 635 2824 ἁμῖν
658 2744 769 2826 μεγάλοι
791 2744 864 2818 θεὸς
886 2743 1076 2825 conectendos

328 2845 435 2909 λευκὸν
457 2845 523 2926 ἔαρ,
548 2841 711 2928 leont&
739 2844 831 2926 θέρος
853 2845 904 2908 καὶ
926 2851 1010 2927 χεῖμα
1037 2843 1162 2925 φέροισα

328 2945 394 3028 ἡξεῑ
413 2947 464 3010 καὶ
486 2948 701 3030 φθινόπωρον,

103 3054 242 3128 denique
277 3067 352 3112 cum
382 3053 524 3113 feracem
554 3052 633 3112 deae
663 3053 862 3128 potestatem
889 3053 957 3113 iam
981 3066 1045 3114 non
1068 3051 1198 3127 ilugum
1222 3049 1378 3110 facultate

104 3153 390 3230 circumscribens,
426 3155 484 3215 sed
518 3153 672 3229 quidquid
707 3155 805 3216 horae
840 3154 947 3215 lerant
982 3154 1052 3214 eius
1086 3150 1241 3213 beneficio
1271 3149 1379 3212 deberi

104 3257 272 3332 opinatus,
296 3255 434 3316 ulterius
455 3257 600 3331 procedit
622 3271 671 3317 vs.
698 3257 778 3316 137:

330 3355 421 3436 φέρβε
444 3355 526 3429 βόας·
550 3354 622 3435 φέρε
645 3360 738 3435 μᾶλα,
759 3354 831 3437 φέρε
854 3356 974 3437 στάχυν,
996 3349 1057 3418 οἶοι
1079 3351 1237 3434 θερισμόν,

108 3461 223 3520 contra
248 3458 448 3534 tripartitam
481 3475 554 3520 eam
583 3460 660 3520 anni
692 3459 886 3520 divisionem
919 3474 1017 3535 quam
1042 3458 1160 3520 Osiridi
1184 3457 1281 3532 atque
1304 3457 1382 3517 Isidi

143 3824 162 3887 ¹)
181 3828 307 3876 Videntur
328 3829 406 3877 eliam
429 3828 541 3876 ποίοισι
562 3828 729 3877 Alexandrini
751 3829 843 3890 primis
865 3829 970 3890 quidem
996 3829 1157 3890 temporibus
1175 3828 1239 3876 estis
1255 3827 1382 3888 integram

108 3908 198 3956 Oererl
221 3907 408 3956 Alexandrinas
429 3921 547 3955 eamme
572 3907 685 3956 indolem
709 3909 843 3957 Graecam.
871 3908 909 3956 ol.
932 3907 1070 3956 Sohrelber
1086 3905 1249 3955 Alexandria.
1270 3904 1385 3954 Taresiik

109 3985 181 4046 (Aba.
200 3985 281 4035 Sacae.
300 3986 387 4034 desole.
402 3987 467 4034 xlv.
488 3988 562 4048 189⁴,
578 4001 604 4048 p.
624 3989 685 4048 296,
703 3987 746 4047 fig.
762 3990 790 4045 ὃς
809 4000 834 4048 p.
853 3988 914 4048 sol,
932 3988 976 4046 lig.
994 3988 1039 4043 89;
1056 4001 1082 4048 p.
1099 3988 1161 4044 ⁸10,
1179 3987 1222 4046 lig.
1238 3988 1282 4042 493
1299 3999 1325 4047 p.
1335 3987 1383 4033 441

108 4071 135 4114 at
152 4079 178 4127 p.
196 4066 254 4114 4⁶0.

141 4141 163 4208 ¹)
181 4144 220 4192 ol.
237 4157 295 4206 pag.
306 4145 346 4192 4³.
365 4143 508 4192 Admodum
526 4145 606 4193 dubia
623 4146 686 4193 mihi
701 4145 822 4192 videntur
838 4158 905 4204 quse
923 4145 955 4193 de
974 4145 1022 4192 hac
1039 4158 1068 4192 re
1084 4144 1219 4205 proposuit
1235 4145 1265 4192 d.
1278 4143 1385 4204 Lei-pe,

108 4239 130 4270 o.
144 4225 162 4270 l.
179 4237 207 4285 p.
226 4224 324 4272 lt-ab
342 4223 520 4271 demonstrare
536 4223 644 4272 studens
661 4223 793 4285 prioribus
809 4224 916 4284 Lepidis
933 4223 959 4270 id
977 4223 1058 4271 iuieee
1077 4223 1211 4271 consillum
1229 4226 1259 4270 nt
1276 4221 1384 4270 triadem

109 4317 237 4352 summurn
265 4303 450 4364 Aegyptiorum
472 4303 557 4352 Osirin
576 4299 883 4366 (Sarapin)·1ein·llornm
908 4302 1103 4366 (Harpocraten)
1120 4305 1253 4362 acceptam
1271 4303 1386 4349 fecerent

109 4383 218 4430 Graecis
249 4381 460 4440 demonstrando,
489 4385 531 4445 ,1ν
559 4397 603 4446 qne
629 4382 651 4430 le
672 4379 796 4445 pantheon
822 4378 933 4445 {milen
961 4396 987 4429 ιι
1004 4381 1111 4446 foudae'i
1139 4379 1201 4428 ᾰιιιι
1221 4395 1268 4428 aee
1292 4378 1385 4429 triade·

109 4463 137 4509 Β·
160 4460 224 4526 qe'e'l
244 4476 273 4509 ιιι
294 4457 357 4510 erait
378 4461 408 4508 de
430 4459 502 4509 πέιιιι
524 4461 556 4510 du
574 4459 699 4525 pantheon
719 4476 788 4524 pree,
817 4463 844 4509 8⁰
868 4476 912 4525 que
932 4461 956 4508 la
975 4459 1055 4509 irelrde
1070 4457 1211 4524 epypfe'em
1227 4462 1251 4507 et
1269 4458 1294 4506 10
1309 4457 1388 4507 triade

106 4556 209 4606 presque
228 4537 321 4588 ιἰιὲιιιι
342 4537 501 4604 ι’ᾰιιιιιριιοι”.
525 4542 601 4590 Telos
624 4545 711 4590 enum
734 4541 869 4602 opiniones
890 4541 996 4600 Lepidis
1020 4541 1133 4589 tribuere
1151 4539 1272 4600 equidem
1288 4551 1387 4599 versor,

110 4621 171 4668 lieet
189 4617 265 4668 facile
282 4620 453 4668 concesserim
471 4619 548 4680 lepsn
562 4621 687 4681 temporie
700 4634 729 4668 ec
744 4633 823 4683 opere
840 4622 1042 4681 synoreticomm
1058 4624 1149 4683 poetes
1164 4632 1194 4666 eo
1207 4618 1277 4667 haud
1291 4629 1388 4679 pancos

110 4699 230 4748 homines
247 4698 436 4748 Alexandrinos
453 4699 612 4760 pervenisse.
