3104 5296
837 446 880 502 9⁴)
1235 444 1290 501 ΙΙΙ.
1319 442 1496 500 loo-110

264 630 319 690 Vs.
346 633 408 691 166
439 628 568 701 νιυίιους
597 646 616 689 e
644 633 761 704 quibus
790 647 906 692 cervae
936 634 1060 705 bibunt,
1093 631 1206 704 quales
1237 645 1335 704 supra
1367 629 1495 688 dixerat

219 732 375 806 κονίστρας
395 748 474 793 voce
494 733 603 792 minus
624 735 749 807 poetica
767 749 853 794 nunc
873 738 967 794 vocat
989 732 1248 808 ι’·υυιηνίσος,
1265 746 1365 804 quam
1379 744 1494 789 vocem

220 839 451 911 interpretatur
473 836 687 896 Schneiderus
714 837 831 911 „stocos
853 839 991 897 nrinoree
1012 835 1174 896 altioribus
1191 838 1292 909 1ηνυῑς
1310 832 1494 907 οιιρροοίίοο,

219 939 303 999 unde
332 939 365 996 ἰκ
395 939 463 998 illoc
489 954 576 1011 αριια
597 937 712 1012 deluat
734 955 795 1011 quo
815 940 941 1013 Ιαοιίιιω
966 941 1004 999 sit
1024 939 1130 1013 mori
1150 936 1285 996 antus?
1310 935 1348 993 In
1372 948 1438 1006 qua
1461 949 1494 991 re

219 1041 248 1100 si
280 1045 403 1101 rectum
436 1041 517 1100 vidit
549 1041 598 1098 vir
627 1040 848 1115 doctissimus,
874 1041 906 1100 id
928 1041 1013 1114 quod
1035 1040 1122 1099 haud
1145 1038 1276 1097 dubium
1301 1036 1385 1095 mihi
1410 1035 1492 1094 vide-

219 1145 282 1218 tur,
306 1143 366 1203 hoc
388 1157 515 1215 quoque
533 1142 603 1202 loco
626 1142 751 1202 erudite
773 1142 951 1216 amplificat
971 1142 1134 1202 homerica
1155 1138 1384 1200 callimachus.
1409 1136 1492 1196 Nam

219 1244 331 1318 hymn.
354 1245 441 1304 hom.
466 1245 500 1303 in
520 1245 612 1304 Μαι.
635 1260 682 1305 vs.
708 1245 769 1304 103
794 1245 894 1305 hoves
918 1246 1052 1305 veniunt

831 1344 861 1418 ἐς
884 1345 991 1406 οὔλιον
1013 1341 1225 1419 ὑψιμέλαθρον

462 1445 513 1506 καὶ
535 1446 646 1524 ληνοὺς
668 1447 878 1523 προπάροιθεν
900 1444 1077 1523 ἀριπρεπέος
1099 1449 1250 1520 ίιιμῶνος.

220 1547 282 1609 Sed
300 1548 333 1607 in
344 1563 405 1609 suo
416 1550 560 1609 carmine
571 1550 689 1609 adiecit
700 1550 819 1609 iterum
833 1550 1051 1610 Callimachus
1069 1549 1154 1621 quod
1173 1549 1206 1606 in
1225 1549 1358 1620 antiquo
1371 1548 1493 1620 hymno

219 1649 395 1710 desiderari
420 1650 590 1710 iudicabat.
606 1684 645 1693 —
659 1650 714 1709 Vs.
739 1652 801 1711 167
825 1652 1090 1727 θυμάρμενον
1111 1664 1185 1708 cum
1206 1649 1298 1723 dixit,
1319 1649 1493 1708 discrimen

222 1751 302 1810 mihi
333 1751 461 1811 videtur
493 1752 611 1811 iecisse
642 1753 727 1811 inter
758 1754 915 1813 vocabula
945 1752 1109 1813 homerica
1131 1749 1272 1825 θυμυρὴς
1295 1752 1330 1809 et
1351 1748 1494 1824 θυμήρης

220 1867 358 1925 quorum
392 1854 452 1913 hoc
485 1854 536 1922 (ci.
561 1854 614 1914 IV.
640 1856 693 1923 29)
725 1855 858 1915 haberet
888 1857 1016 1915 exitum
1046 1850 1123 1930 ἧρ-ης
1152 1852 1393 1928 paragogicum,
1416 1848 1494 1910 illud

221 1956 332 2015 autem
365 1970 439 2015 cum
473 1956 569 2016 verbo
599 1952 771 2032 ἀρυρίσνειν
802 1958 997 2017 cohaereret.
1025 1951 1046 2027 ¹)
1077 1956 1195 2017 contra
1224 1955 1257 2014 in
1288 1953 1493 2012 substantivo

221 2054 343 2115 ποτὸν
362 2072 426 2117 non
448 2057 627 2117 Homerum
648 2061 782 2117 secutus
795 2060 913 2132 estqui
925 2059 1104 2119 eonomine
1118 2059 1230 2117 vinum
1242 2056 1350 2116 solum
1362 2055 1493 2126 iudicat,

221 2161 257 2217 et
287 2158 405 2218 maluit
434 2160 631 2232 tragicomm
663 2174 760 2218 usum
792 2161 902 2233 sequi3
934 2161 956 2220 ii
985 2162 1074 2220 enim
1108 2172 1307 2233 quamquam
1335 2156 1494 2216 adiectivo

224 2259 332 2319 addito
371 2263 536 2336 (κρηναῖον,
569 2259 726 2336 ποτάμιον)
764 2260 936 2320 fluviomm
980 2276 1106 2335 quoque
1141 2274 1259 2333 aquam
1293 2259 1341 2317 ita
1377 2255 1493 2330 signid-

223 2363 309 2420 cant.
337 2394 376 2403 -

269 2460 348 2522 cum
373 2463 583 2536 sequentibus
607 2464 726 2523 itemm
750 2466 986 2538 comparandus
1013 2468 1065 2524 est
1087 2466 1198 2538 hymn.
1223 2462 1309 2522 hom.
1334 2461 1369 2519 ιἰι
1393 2459 1492 2535 Apoll.

227 2563 288 2624 186
319 2567 353 2624 et
384 2565 415 2625 h.
440 2565 557 2625 XXVI.
592 2567 631 2625 13
658 2581 727 2639 sqq.
759 2566 859 2626 Primi
894 2567 1008 2641 hymni
1038 2567 1207 2627 introitum
1238 2578 1364 2638 qnoque
1396 2562 1494 2621 simul

222 2665 407 2726 aemuletur
430 2667 541 2726 fratris
565 2666 724 2741 Apollinis
754 2669 891 2727 honores
922 2683 997 2728 oum
1028 2668 1149 2728 Dianae
1173 2665 1347 2727 honoribus
1370 2678 1494 2737 compo·

222 2780 313 2827 nens.
346 2767 494 2842 Apolline
527 2770 614 2828 enim
648 2772 778 2829 coetum
806 2770 939 2830 deorum
966 2771 1108 2830 intrante
1131 2758 1493 2842 ουτςυο1,ιιάντεςάφ’

222 2863 372 2943 ⁶30an,
404 2870 630 2930 advenientem
663 2885 807 2931 sororem
835 2884 950 2930 omnes
977 2866 1038 2945 ,ἐφ’
1066 2867 1156 2947 ἕδρην
1179 2869 1286 2938 πάντες
1309 2863 1390 2943 ὁμῶς
1413 2863 1495 2924 καλέ-

223 2968 312 3028 ονσι”
335 2973 394 3036 (vs.
421 2973 504 3038 168).
530 2974 573 3030 At
597 2971 711 3032 deinde
731 2973 852 3032 Dianae
872 2974 1006 3032 chorum
1024 2973 1074 3041 (ci.
1095 2975 1207 3046 hymn.
1228 2973 1314 3030 hom.
1335 2969 1369 3028 ιἰι
1394 2964 1494 3044 Apoll.

226 3070 288 3129 194
318 3076 399 3144 sqq.)
435 3073 474 3136 ab
510 3073 646 3147 Olympo
682 3076 714 3133 in
749 3077 872 3134 terram
904 3075 1027 3135 reducit
1058 3076 1178 3148 noster,
1208 3073 1263 3133 uhi
1293 3072 1388 3131 deam
1422 3085 1495 3131 cum

223 3172 376 3246 nymphis
400 3175 496 3234 choro
519 3174 684 3236 ludentem
705 3176 867 3236 Homerus
891 3191 1017 3249 quoque
1041 3177 1202 3237 cecinerat
1223 3175 1256 3245 (ζ.
1282 3174 1364 3242 102).
1385 3173 1494 3233 Videa-

224 3288 299 3334 mus
323 3273 411 3348 ipsos
435 3290 558 3336 versus.

266 3437 320 3498 Vs.
348 3440 419 3500 170.
466 3434 554 3517 ἡνίκα
578 3434 606 3499 ‹l'
633 3440 667 3501 αἱ
688 3441 805 3518 νύμφαι
828 3458 860 3500 σε
884 3451 959 3524 χορῷ
983 3439 1027 3500 ἔνι
1050 3439 1251 3500 κυκλώσονται

468 3537 576 3619 ἀγχόθι
599 3541 725 3622 πηγάων
749 3541 916 3623 Αἰγυπτίου
938 3537 1074 3601 Ἰνωποῖο

467 3638 487 3719 ἢ
512 3641 645 3720 Πιτάνης
669 3641 728 3714 (καί
752 3641 807 3723 γάρ
832 3641 949 3721 Πιτάνη
974 3640 1073 3712 σέθεν)
1098 3639 1118 3720 ἢ
1142 3639 1187 3702 ε’νὶ
1209 3641 1351 3719 Λίμναις,

466 3739 486 3820 ἢ
509 3743 558 3802 ἴνα
583 3744 691 3823 δαῖμον
717 3743 798 3817 Ἁλὰς
825 3743 1025 3823 Ἀραφηνίδας
1050 3742 1213 3822 οἰκήσουσα

470 3835 560 3921 ἦλθες
584 3841 643 3906 άπὸ
666 3846 817 3924 Σκυθίης,
840 3843 899 3906 ἀπὸ
923 3840 953 3905 δ’
980 3845 1065 3907 εἴπαο
1089 3843 1196 3924 τέθμια
1222 3844 1359 3923 Ταύρων,

351 3948 413 4007 175
470 3945 511 4023 μὴ
536 3946 616 4007 νειὸν
641 3956 786 4026 τημοῦτος
810 3946 877 4024 ἐμαὶ
900 3947 968 4026 βόες
991 3946 1088 4008 εἵνεκα
1112 3953 1225 4027 μισθοῦ

471 4047 629 4127 τετράγυον
652 4046 785 4126 τέμνοιεν
808 4043 855 4108 ὑπ’
884 4046 1026 4133 ἀλλοτρίῳ
1050 4046 1180 4128 ἀροτῆρι.

259 4216 279 4282 ¹)
297 4219 336 4269 Oi.
355 4221 493 4269 Arlstsroh.
510 4223 542 4270 nd
564 4229 583 4270 1.
602 4225 649 4271 662
669 4225 766 4281 (Ludo,
783 4224 803 4271 1.
822 4226 878 4272 686.
898 4225 946 4286 23.)
963 4251 996 4259 -
1014 4225 1152 4273 Herodian.
1170 4226 1203 4272 11.
1222 4226 1263 4284 41,
1282 4226 1313 4271 le
1331 4223 1374 4286 (nd
1394 4228 1420 4270 Γ.
1439 4221 1501 4287 alo)

226 4303 365 4364 ,χαίκηριῖῑ
383 4300 597 4365 προπαροξυτόνως·
615 4304 663 4349 lora
681 4305 725 4367 γάρ
742 4305 869 4368 παραγωγὴ
884 4307 922 4351 διὰ
939 4314 979 4351 τοῦ
999 4296 1057 4367 {pq-3.
1077 4308 1123 4364 ἥτις
1137 4307 1269 4368 βαρύνεται,
1284 4303 1379 4366 ξιφήρης
1387 4306 1501 4368 ὀλιγήρης,

226 4383 340 4442 θαμήρης,
358 4380 426 4425 Mn
445 4380 470 4425 τί
490 4386 609 4443 ,θαμηρος
625 4384 769 4444 κιράσοσα”.
785 4386 805 4429 τί
817 4384 895 4440 μέντοι
913 4403 938 4442 γι
953 4385 980 4431 τὸ
998 4386 1046 4447 άρω
1064 4387 1162 4442 truncam
1180 4386 1216 4430 dni
1231 4389 1314 4430 τούτου
1329 4385 1367 4430 καί
1382 4384 1423 4430 διὰ
1434 4390 1500 4430 codd

227 4461 239 4517 η
264 4461 374 4511 nordwic
400 4460 495 4517 γίνοιτο,
520 4463 557 4506 καί
583 4460 644 4513 disin
667 4460 730 4516 τάξις
754 4467 821 4510 lustr·
846 4465 909 4523 ,ίχιι
929 4465 953 4510 δ’
977 4465 1065 4523 ἄλοχον
1082 4464 1213 4525 avenule&
1242 4463 1291 4519 (Of.
1308 4462 1448 4509 herodian.
1466 4463 1501 4509 II.

226 4537 266 4591 dt,
295 4538 342 4593 19).
368 4536 465 4584 Eodem
489 4551 567 4585 sensu
591 4553 642 4598 quo
666 4541 708 4586 hic
726 4546 879 4603 θυμάρμενον
894 4544 1003 4606 θυμυρης
1020 4543 1139 4589 adhibuit
1157 4542 1330 4588 Callimachus
1349 4542 1390 4587 VI.
1410 4544 1451 4589 56.
1471 4568 1500 4576 -

228 4621 330 4680 nepopis
348 4621 432 4663 autom
453 4617 492 4665 lv.
513 4620 544 4664 td
565 4617 655 4665 eodem
674 4621 741 4667 redit
758 4635 787 4667 ac
806 4626 955 4679 seruiturus
975 4624 1116 4681 „grntum”.
