3090 5294
55 453 103 514 111
128 452 216 515 6-7
676 451 718 511 49

283 637 379 716 ὤμοσε
403 633 436 698 δέ
458 635 550 718 μέγαν
574 635 663 718 ὅρκον
687 634 714 709 (ὃ
738 637 775 717 δὴ
798 637 998 720 τετελεσμένον
1021 637 1108 712 ἐστίν)

283 737 424 821 ἁψαμένη
446 745 578 820 κεφαλῆς
600 739 711 820 πατρὸς
735 740 807 814 Διὸς
835 741 988 822 αἰγιόχοιο,

282 840 487 922 παρθένος
510 840 700 903 ἔσσεσθαι
722 837 827 903 πάντ’
853 840 981 922 ἤματα
1004 843 1054 904 δῖα
1076 843 1187 905 θεάων.

103 946 198 1008 Hanc
220 946 411 1020 virginalem
435 945 633 1022 castitatem,
657 960 755 1018 quam
780 946 896 1021 tragici
918 962 1042 1024 omnes,
1066 948 1102 1007 at
1124 963 1220 1009 nemo
1244 949 1329 1009 Euri·

57 1049 131 1125 pide
155 1049 299 1110 crebrius
321 1047 471 1124 celebrat,
497 1045 724 1124 Callimachus,
748 1047 865 1108 leviter
886 1049 1018 1109 tantum
1040 1049 1154 1122 hymni
1177 1050 1331 1111 homerici

59 1166 193 1212 versum
212 1151 393 1211 immutans
416 1147 582 1209 αἰώνιον
605 1149 697 1225 dixit,
723 1164 802 1210 voce
822 1165 902 1210 usus
921 1166 1026 1224 neque
1043 1151 1208 1212 homerica
1227 1167 1331 1225 neque

58 1254 192 1315 omnino
215 1252 341 1328 poetica
365 1251 415 1323 (cf.
436 1251 489 1312 IV.
512 1253 574 1312 130
599 1249 741 1328 ,αἰώνιον
761 1249 899 1330 έρρειν”).
919 1253 1027 1314 Adicit
1049 1254 1216 1316 insolitam
1241 1269 1330 1316 voca·

57 1356 120 1417 tivi
142 1356 282 1416 formam
306 1349 413 1412 άππα
435 1368 518 1427 quae
530 1355 567 1413 ut
586 1353 680 1414 hodie
700 1353 864 1414 nonnullis
883 1354 1058 1415 editoribus
1079 1357 1249 1418 offensioni
1269 1359 1330 1432 est,

58 1459 139 1520 olim
163 1471 289 1530 quoque
316 1472 336 1516 a
356 1456 531 1516 lectoribus
548 1470 612 1517 non
632 1455 702 1516 sine
722 1455 921 1517 dubitatione
941 1459 1074 1533 accepta
1093 1474 1166 1520 esse
1187 1459 1331 1533 videtur;

58 1561 141 1622 abiit
174 1559 262 1620 enim
292 1557 325 1617 in
356 1557 575 1632 compluribus
606 1557 769 1619 codicibus
803 1558 836 1618 in
871 1555 949 1618 άππα
980 1559 1032 1620 vel
1064 1555 1143 1618 ἅττα.
1175 1561 1220 1621 At
1247 1560 1334 1620 iusta

59 1677 161 1724 causa
187 1675 252 1721 non
282 1660 333 1720 est
363 1658 530 1720 dubitandi
553 1673 632 1719 num
655 1659 822 1734 scripserit
849 1659 1067 1722 Callimachus
1090 1657 1184 1721 άππα.
1204 1661 1333 1723 Etenim

59 1766 93 1827 in
124 1763 340 1838 singularium
367 1758 610 1839 προσφωνήσεων
642 1760 674 1821 vi
705 1759 898 1821 illustranda
920 1763 987 1823 iam
1008 1764 1084 1824 ante
1107 1764 1333 1826 Aristarchum

59 1867 246 1928 elaborasse
261 1863 494 1939 grammaticos
512 1862 749 1924 Alexandrinos
769 1863 960 1925 Eustathius
981 1867 1121 1927 testatur
1140 1867 1180 1927 ad
1199 1867 1289 1928 iliad.
1302 1879 1333 1938 p.

62 1968 159 2029 1118.
192 1968 230 2028 8:
267 1961 302 2042 „d
333 1961 533 2045 paraphrastic
563 1961 776 2043 Ἀριστοφάνης
805 1963 924 2044 γράψας
954 1962 995 2038 ὡς
1025 1963 1081 2026 εέσλ
1110 1967 1337 2046 προσφωνήσας

60 2069 203 2148 διάφοροι
218 2063 481 2148 παιγνιωδέστεραί
497 2085 573 2137 τινες
592 2061 643 2124 καί
662 2062 896 2144 ὖπωιοριστιιιαλ,
915 2063 1016 2146 ἐπάγει
1032 2059 1097 2128 οἷον
1113 2065 1208 2146 άππα,
1219 2068 1338 2147 πάππα,

60 2171 176 2250 μάμμα,
198 2168 313 2248 μάμμη,
336 2167 462 2247 μαμμία,
494 2163 584 2244 τέττα,
613 2163 713 2226 aaa&
738 2168 775 2228 In
794 2183 858 2242 qua
881 2184 915 2230 re
935 2185 999 2230 non
1018 2172 1149 2231 tantum
1173 2172 1337 2234 homerica
1413 2204 1415 2206 ·

60 2274 246 2348 respexisse
275 2270 526 2344 Aristophanem
557 2268 629 2343 ipsa
658 2283 741 2342 quae
772 2273 1004 2332 enumerantur
1030 2273 1164 2334 nomina
1186 2277 1336 2348 arguunt.

59 2377 107 2436 At
138 2389 219 2435 usus
250 2371 435 2434 homericus
466 2370 649 2431 illustratur
678 2369 712 2430 in
743 2371 843 2431 schol.
876 2372 916 2432 ad
948 2374 973 2433 Ι.
999 2374 1061 2434 601
1099 2372 1149 2450 ,rb
1169 2371 1239 2434 ἄπα
1262 2372 1338 2448 λέξις
1390 2451 1395 2461 Δ

62 2471 298 2555 προσφωνητιιιή
326 2470 358 2533 ἐιι
388 2470 469 2545 τινὸς
499 2468 643 2550 νεωτέρου
673 2470 748 2550 πρὸς
774 2470 917 2551 τροφέα”,
943 2475 982 2536 cf.
1011 2475 1158 2537 Eustath.
1183 2478 1223 2538 ad
1247 2478 1336 2539 iliad

65 2593 97 2653 p.
130 2578 205 2638 659.
239 2577 277 2637 2:
317 2571 395 2651 ,ἐστι
425 2568 458 2633 δέ
487 2571 520 2633 τὸ
552 2568 607 2650 μέν
635 2569 717 2632 τέττα
740 2573 840 2651 φίλου,
866 2572 898 2633 τὸ
923 2570 955 2635 el
977 2572 1048 2635 άττα
1076 2575 1217 2656 τροφέως,
1246 2577 1279 2639 τὸ
1305 2575 1337 2638 δέ

63 2677 173 2739 πάππα
202 2675 323 2756 πατρὸς,
352 2675 385 2737 τὸ
416 2671 448 2736 δὲ
478 2672 562 2754 ἠθεῖε
593 2671 759 2752 ἀδελφοο”,
791 2691 873 2749 quae
905 2677 1014 2738 omnia
1044 2694 1086 2739 err
1120 2681 1337 2755 Aristophane

62 2782 201 2842 fluxisse
242 2794 306 2839 non
340 2781 464 2840 temere
498 2777 661 2839 contendit
692 2777 857 2857 Nauekius
893 2779 961 2849 (Ar.
985 2779 1061 2856 Βγι.
1085 2796 1115 2855 p.
1147 2783 1229 2853 155).
1256 2781 1336 2843 (lum

63 2884 177 2944 autem
208 2881 349 2942 formam
379 2875 464 2938 άππα
494 2878 535 2939 ab
565 2878 781 2953 Aristophane
811 2895 937 2954 quoque
967 2884 1134 2956 acceptam
1158 2899 1230 2944 esse
1254 2884 1336 2945 vide·
1371 2907 1373 2911 ·

62 3001 151 3062 mus,
174 2986 273 3057 atque
296 2983 395 3043 simul
418 2981 577 3043 memoria
605 2983 757 3042 tenemus
780 2982 887 3044 verbis
910 2984 984 3044 huic
1012 2983 1200 3046 callimachi
1226 2987 1335 3046 versui

62 3086 245 3148 simillimis
267 3085 446 3146 Homerum
470 3084 666 3145 Nausicaam
690 3083 730 3143 ad
757 3086 884 3159 patrem
908 3085 1024 3146 iecisse
1047 3085 1189 3148 locutam
1214 3087 1236 3159 ζ.
1262 3090 1304 3148 56

288 3181 362 3265 ἡδὲ
385 3179 450 3263 μάλ’
475 3182 542 3266 άγχι
565 3193 657 3244 στᾶσα
680 3183 769 3261 φίλον
792 3183 903 3266 πατέρα
926 3183 1089 3265 προσέειπε·

288 3289 396 3348 πάππα
419 3281 477 3365 φίλ’
501 3278 521 3367 ἦ
544 3307 596 3348 τιεν
619 3285 658 3365 δή
681 3307 732 3364 μοι
755 3283 962 3363 ἐφοπλίσσειας
985 3285 1123 3368 άπήνην;

63 3393 208 3471 suspicio
227 3392 330 3453 oritur
349 3391 435 3452 haud
461 3390 631 3451 levissima
654 3388 721 3449 iam
746 3387 934 3452 Callimachi
958 3393 992 3451 et
1014 3391 1197 3465 aequalium
1219 3392 1337 3452 dehac

64 3513 99 3558 re
119 3497 187 3557 tale
211 3495 313 3556 luisse
340 3492 496 3554 iudicium
519 3492 614 3566 quale
635 3489 733 3552 refert
752 3491 859 3565 Etym.
882 3492 985 3566 Magn.
1006 3495 1079 3568 134.
1099 3497 1158 3555 53:
1181 3488 1338 3569 ,lapegi

63 3597 163 3678 πατὴρ
196 3597 248 3670 [cf.
272 3597 404 3658 Theocr.
428 3595 498 3656 XV.
524 3596 575 3666 14]
611 3592 722 3672 εἴρηται
748 3590 991 3672 ὑποκοριστικῶς,
1018 3591 1078 3656 ἀπὸ
1112 3603 1166 3655 τοῦ
1187 3593 1296 3653 πάππα
1322 3589 1338 3654 ὃ

64 3699 205 3779 σημαίνει
234 3697 286 3759 τὸν
313 3694 424 3777 πατέρα
450 3693 603 3776 ἀφαιρέσει
625 3704 678 3756 τοῦ
701 3694 724 3756 ι“ι
747 3692 832 3756 άππα
856 3693 967 3774 άππῦς,
990 3694 1041 3756 καλ
1063 3707 1157 3782 τροπῇ
1179 3705 1232 3757 τοῦ
1252 3696 1275 3756 ι“ι
1298 3696 1339 3770 εἰς

65 3803 90 3884 ᾧ
114 3803 219 3882 ἀπφῦς
243 3797 283 3873 ὡς
306 3803 419 3871 Διονῦς
442 3794 458 3858 ὅ
483 3797 639 3870 Διόνυσος.

110 3905 222 3980 Pergit
242 3901 378 3978 parvula
401 3901 490 3976 virgo
513 3901 671 3976 precando
698 3899 768 3977 ,dig
791 3899 1006 3978 πολοωνυμίην
1025 3899 1075 3960 ἵνα
1095 3899 1136 3979 μή
1155 3921 1206 3977 μοι
1227 3901 1339 3980 Φοῖβος

64 4007 177 4094 έρίζη.”
212 4004 371 4084 Quoniam
405 4019 481 4066 vero
511 4003 642 4096 omnino
677 4017 741 4063 non
763 4001 865 4062 solius
894 4002 1053 4077 Apollinis
1076 4001 1159 4063 solet
1185 4002 1339 4063 celebrari

63 4105 340 4185 πολυωνομία,
372 4122 451 4167 nam
486 4107 520 4168 et
549 4106 618 4182 ipse
648 4105 791 4179 luppiter
821 4105 855 4164 et
888 4103 982 4164 Pluto
1014 4105 1048 4165 et
1075 4101 1171 4164 (lares
1194 4101 1340 4163 πολυώ-

63 4233 185 4290 νομοι
216 4210 294 4270 sunt
324 4209 422 4281 atque
453 4207 612 4282 dicuntur,
651 4205 767 4265 merito
802 4203 930 4277 rogabis
968 4219 1048 4264 num
1070 4206 1159 4265 certa
1181 4206 1339 4279 quaedam

64 4312 227 4390 Apollinis
257 4306 453 4385 πολυωνομία
484 4307 535 4368 hic
555 4306 756 4382 respiciatur,
781 4319 845 4378 qua
864 4306 953 4379 optet
976 4306 1036 4366 dea
1055 4309 1092 4367 ut
1111 4307 1225 4381 Apollo
1246 4323 1281 4369 se
1300 4322 1341 4367 ne

64 4415 199 4489 superet
223 4409 443 4472 contendendo
467 4409 523 4479 (ita
546 4408 633 4468 enim
656 4409 743 4468 recte
767 4402 871 4485 ἐρίζειν
890 4408 1069 4468 secundum
1094 4423 1191 4469 usum
1215 4409 1342 4484 epicum

65 4515 199 4577 adhibet
230 4512 270 4573 ci.
295 4514 321 4573 Ι.
345 4512 410 4573 389
438 4509 594 4594 Ἀφροδίτη
624 4507 730 4581 κάλλος
754 4504 862 4586 ἐρίζοι).
892 4507 932 4568 lit
956 4509 1097 4583 profecto
1120 4524 1196 4584 prae
1227 4510 1344 4571 ceteris

65 4617 219 4679 Deliacos
240 4613 439 4692 πολυώνυμος
457 4613 611 4675 celebrari
636 4611 741 4687 potuit
763 4625 838 4671 cum
863 4611 965 4671 semel
989 4613 1085 4687 poeta
1103 4611 1218 4685 hymni
1237 4613 1343 4673 home·

1226 4719 1239 4759 4
