3090 5294
68 479 91 537 Ι.
118 478 252 536 40-45
686 472 724 530 21

69 664 157 724 Alco.
178 665 204 725 Ι.
229 680 259 739 p.
285 664 358 724 334.
382 664 448 724 not.
474 663 549 733 26.).
570 696 609 706 —
630 663 664 723 et
687 663 757 723 sive
779 664 812 723 in
837 679 875 723 eo
897 662 977 722 libro
997 662 1116 723 sivein
1129 659 1341 720 Arcadiosua

67 767 201 829 uberius
219 783 345 841 quoque
361 767 399 827 de
413 767 558 828 (laucone
569 768 703 845 Arcade,
718 767 889 829 Callistone
901 770 935 829 et
947 768 1093 842 Lycaone
1107 762 1340 825 Callimachum

69 870 177 944 egisse
197 874 289 943 (quas
312 884 364 929 res
386 869 534 942 sequenti
557 884 655 930 versu
673 871 789 944 tangit)
808 872 949 931 testatur
970 870 1085 942 fragm.
1106 867 1181 926 385.
1196 898 1236 908 -
1252 863 1340 939 Quod

68 973 183 1032 autem
201 971 319 1030 attinet
339 971 379 1030 ad
402 971 527 1032 dicendi
550 971 720 1048 rationem,
745 988 841 1032 versu
861 973 900 1031 41
928 971 1013 1031 haud
1034 970 1167 1030 obscure
1192 966 1341 1026 imitatur

68 1088 185 1134 versus
217 1072 407 1133 Homericos
436 1073 460 1130 Β
488 1072 553 1131 825
584 1072 639 1132 ubi
671 1073 805 1134 alterius
828 1073 917 1133 illius
936 1070 1093 1146 Lycaonis
1113 1085 1154 1130 ex
1177 1082 1239 1140 quo
1263 1067 1340 1125 Pan·

68 1174 167 1234 dams
192 1180 289 1234 natus
314 1176 384 1234 erat
407 1172 530 1234 milites
552 1173 702 1234 dicuntur

368 1270 488 1350 ἀφνειοὶ
509 1272 645 1346 πίνοντες
664 1273 746 1352 ὕδωρ
770 1271 861 1352 μέλαν
884 1272 1033 1350 Αἰσήποιο

69 1377 162 1436 cuius
205 1391 320 1436 versus
358 1375 433 1436 alibi
476 1389 601 1448 quoque
643 1376 795 1437 meminit
826 1375 1053 1449 callimachus,
1085 1372 1158 1432 vide
1194 1371 1232 1430 fr.
1265 1368 1340 1428 290.

67 1477 258 1539 Incredibile
288 1480 339 1538 est
369 1479 527 1552 quantum
559 1478 761 1550 sequioribus
788 1477 892 1552 poetis
922 1477 1002 1536 haec
1024 1472 1148 1534 dicendi
1171 1471 1254 1532 ratio
1277 1468 1340 1544 pla·

67 1580 188 1641 cuerit:
213 1580 424 1639 meminimus
445 1592 558 1639 omnes
578 1579 657 1640 illud
679 1579 844 1655 „Rhodani
863 1578 975 1653 potor'’
996 1575 1122 1637 Horatii
1136 1574 1202 1645 (Od.
1216 1573 1257 1633 Il.
1276 1572 1339 1645 20),

66 1685 101 1742 et
123 1682 270 1743 eiusdem
293 1682 498 1758 „extremum
518 1681 640 1742 Tanain
660 1681 689 1741 si
704 1681 829 1741 biberes
853 1680 958 1754 Lyce'’
976 1677 1193 1750 (od.111.1o).
1218 1674 1339 1750 Quibus

68 1783 186 1844 addam
216 1784 345 1843 tantum
377 1782 518 1843 Senecae
548 1797 681 1842 versum
711 1797 753 1842 ex
779 1781 970 1857 Hippolyto:
1010 1779 1151 1856 „petitur
1173 1776 1248 1838 telis
1272 1775 1340 1835 iera

67 1900 151 1958 quae
173 1884 318 1958 gelidum
341 1885 432 1959 potat
453 1884 616 1945 Araxen”.

111 2088 167 2149 VS.
192 2089 244 2148 42.
291 2077 355 2147 εὖτε
380 2085 474 2160 Θενὰς
497 2084 651 2148 ἀπέλειπεν
674 2084 733 2148 ἀπὸ
757 2090 893 2147 Κνωσοῖο
917 2082 1050 2164 φέρουσα

290 2191 348 2248 Ζεῦ
371 2186 472 2268 πάτερ,
493 2184 512 2266 ἡ
536 2189 641 2268 νύμφη
665 2205 696 2249 σε
720 2186 823 2259 (Groui
846 2182 875 2248 δ’
898 2186 968 2248 ἔσαν
992 2184 1099 2266 ἐγγύθι
1122 2185 1260 2251 Κνωσοῦ)

288 2288 407 2350 τουτάκι
429 2312 474 2351 τοι
496 2287 565 2350 πέσε
588 2291 696 2369 δαῖμον
720 2284 772 2350 ἄπ’
800 2286 941 2368 ὀμφαλός·
965 2286 1056 2348 ἔνθεν
1079 2283 1172 2346 ἐκεῖνο

190 2393 233 2452 45
287 2385 449 2468 Ὀμφοὶλιον
473 2388 622 2469 μετέπειτα
645 2389 737 2452 πέδον
761 2389 899 2455 καλέουσι
926 2390 1077 2461 Κύδωνες.

109 2494 233 2555 Versus
268 2509 346 2554 saue
380 2493 581 2569 inelegantes
615 2496 649 2555 et
682 2494 853 2555 verborum
886 2493 996 2554 ordine
1030 2492 1176 2554 contorto
1198 2488 1336 2562 turbati;

62 2597 180 2671 quibus
203 2599 274 2656 tam
298 2596 406 2656 subito
430 2596 470 2657 ab
492 2596 631 2658 Arcadia
653 2598 687 2657 in
711 2597 840 2658 Cretam
860 2596 978 2656 transit
1002 2593 1143 2655 narratio
1161 2592 1198 2651 ut
1221 2590 1337 2650 merito

61 2698 215 2759 lacunam
239 2698 323 2758 inter
347 2713 412 2758 vss.
436 2700 477 2759 41
503 2699 537 2758 et
559 2700 600 2759 42
625 2700 781 2759 statuisse
804 2699 952 2759 videatur
972 2694 1160 2756 hicinelrius.
1180 2691 1337 2764 Equidem

61 2801 192 2861 silentio
216 2814 331 2859 versus
354 2801 528 2874 praeterire
551 2803 696 2875 poteram
720 2803 754 2861 at
781 2801 878 2861 verbo
902 2800 1032 2860 tantum
1057 2809 1188 2856 monere
1212 2795 1340 2867 ingrata

60 2901 196 2962 Homeri
208 2901 391 2961 imitatione
404 2903 673 2976 praepositionem
683 2899 743 2962 ἀπὸ
755 2919 804 2965 vs.
815 2904 857 2963 44
866 2919 923 2978 per
935 2901 1056 2963 tmesin
1069 2900 1176 2960 locum
1190 2898 1338 2957 mutasse

60 3002 113 3074 (cf.
137 3005 163 3062 i.
178 3002 238 3077 843
259 3003 297 3063 Ε.
312 2999 399 3079 308);
420 3005 493 3062 tum
513 3002 676 3064 Κνωσὸν
696 3006 846 3065 nostrum
858 3019 914 3079 per
927 3019 1029 3064 unum
1042 3018 1060 3060 ο
1073 3000 1242 3075 scripsisse
1255 2998 1339 3071 quod

59 3105 149 3165 idern
179 3103 276 3164 iussit
306 3104 514 3165 Aristarchus
544 3107 629 3167 teste
653 3106 790 3180 Didymo
813 3108 854 3168 ad
877 3128 901 3167 ι.
931 3106 1004 3181 179,
1028 3100 1193 3164 τουτάκι
1216 3102 1338 3176 autem,

60 3207 147 3281 quod
181 3206 233 3267 bis
262 3221 282 3266 a
312 3206 448 3268 Pindaro
480 3209 582 3268 semel
613 3225 633 3270 a
667 3209 850 3283 Theognide
885 3208 1066 3282 adhibetur,
1103 3203 1338 3266 callimachum

57 3308 232 3369 fortassee
244 3308 450 3383 Lycophrona
463 3313 522 3380 (vs.
537 3309 613 3381 891)
633 3310 811 3385 sumsisse;
832 3311 1000 3385 postremo
1018 3304 1143 3367 πέδον
1165 3306 1215 3377 (cf.
1228 3306 1270 3366 II.
1285 3305 1337 3364 38.

59 3408 114 3469 IV.
140 3410 193 3479 62)
213 3424 276 3470 non
295 3409 436 3471 Homero
456 3410 564 3471 deberi
584 3426 699 3472 verum
719 3413 852 3485 tragicis
869 3407 901 3482 ¹).
922 3412 1045 3473 Verum
1065 3425 1179 3486 operae
1200 3409 1339 3469 fumasse

58 3511 203 3587 pretium
222 3512 274 3571 est
292 3511 459 3573 attendere
483 3513 523 3573 ad
547 3513 745 3584 Κύδονας.
766 3513 1015 3575 Eruditissimus
1034 3513 1122 3574 enim
1135 3513 1240 3587 poeta,
1253 3509 1337 3570 haud

58 3613 203 3690 proiecto
222 3613 383 3674 inmemor
404 3614 548 3692 Homeri,
573 3616 636 3676 alio
653 3616 723 3676 loco
752 3617 819 3686 (Ill.
845 3618 917 3688 197)
944 3598 1090 3690 Cydonea
1113 3614 1191 3675 dicit
1210 3628 1265 3674 eos
1285 3612 1340 3684 qui

59 3718 146 3778 circa
170 3716 346 3789 cydoniam
369 3717 528 3794 habitant,
562 3718 600 3778 de
628 3719 744 3791 quibus
773 3719 937 3780 Homems
957 3741 984 3797 γ.
1007 3718 1070 3777 292
1103 3706 1170 3794 „rip
1197 3713 1340 3785 Κύδωνες

58 3817 172 3895 ἔναιον,
201 3811 359 3896 Ἰαρδάνου
391 3814 468 3896 ἀμφὶ
498 3815 640 3898 ρέεθρα”;
673 3822 783 3880 nostro
816 3835 892 3881 vero
923 3820 992 3881 loco
1026 3816 1116 3880 Orroei
1144 3817 1271 3879 accolas
1303 3831 1340 3877 eo

57 3920 191 3981 nomine
212 3919 342 3996 indicat,
368 3920 448 3982 item
473 3919 618 3994 Cydonas
642 3921 736 3995 longe
761 3922 939 3982 maioribus
962 3920 1080 3982 finibus
1104 3918 1340 3980 circumscribit

57 4022 118 4083 ΠΙ.
144 4022 184 4081 81
211 4022 244 4081 et
267 4021 306 4081 fr.
332 4022 407 4097 214,
431 4018 516 4093 τόξον
537 4020 697 4082 Κνδώνιον
717 4022 805 4083 enim
826 4023 874 4083 ita
892 4025 930 4083 ut
949 4019 1046 4100 ἅεμμο
1066 4021 1200 4082 Λύκτιον
1219 4021 1260 4081 ΙΙ.
1285 4021 1338 4094 33,

56 4125 91 4185 et
124 4121 240 4182 Cnosia
274 4122 399 4197 spicula
431 4122 515 4197 apud
547 4123 680 4184 Latinos
717 4125 829 4198 poetas
864 4124 1015 4185 universe
1050 4138 1143 4184 arma
1174 4121 1339 4183 Cretensis

56 4225 213 4286 indicant.
245 4225 310 4286 Nec
342 4225 413 4285 sine
437 4240 536 4285 causa
561 4225 779 4286 callimachus
802 4227 929 4286 tantam
954 4224 1067 4285 Cretae
1090 4225 1218 4299 partem
1242 4222 1336 4296 Cydo-

54 4342 138 4388 num
162 4326 293 4386 nomine
317 4326 508 4401 complexus
532 4327 592 4387 est.
618 4326 816 4387 Videbantur
840 4327 869 4386 ei
893 4326 1034 4400 proiecto
1055 4325 1235 4398 antiquitus
1254 4324 1340 4383 inter

54 4429 133 4491 illas
165 4428 279 4488 Cretae
311 4430 426 4502 gentes
456 4444 538 4502 quas
570 4429 734 4491 Homerus
765 4430 929 4490 memorat
959 4450 983 4489 ν.
1019 4429 1080 4488 175
1106 4431 1213 4497 (versu
1236 4440 1338 4499 gram·

90 4657 110 4717 ι1
128 4661 167 4708 De
185 4673 248 4708 voce
266 4661 337 4709 nidor
354 4661 385 4709 ud
404 4660 474 4708 inira
492 4658 525 4707 sd
542 4659 584 4707 Π.
603 4660 643 4707 dl.
