3068 5288
248 123 335 183 Nihil
367 124 432 183 tale
464 125 549 200 apud
581 124 818 187 Callimachum
850 126 1007 186 invenies.
1045 125 1179 185 Olenem
1215 126 1283 185 iam
1318 125 1478 186 vidimus:

203 225 322 298 Lycius
345 239 448 286 senex
472 227 604 304 dicitur,
637 244 697 289 neo
717 229 859 304 Delphos
880 228 937 289 sed
960 228 1063 288 Delon
1087 225 1187 289 venit.
1211 228 1324 288 Alcaei
1348 243 1475 288 carmen

204 327 296 387 novit
326 327 380 388 1116
412 330 445 389 61
475 330 609 404 respicit
631 324 661 407 ¹),
695 332 730 391 at
752 330 885 406 respicit
909 331 941 390 in
965 328 1105 389 Deliacis
1128 330 1179 390 dei
1202 329 1369 390 natalibus
1391 331 1424 390 et
1445 330 1476 390 in

203 428 377 504 epiphania
407 428 593 504 cyrenaica.
624 432 770 507 Denique
802 432 969 492 Gallorum
1000 432 1205 491 invasionem
1236 431 1304 491 iam
1333 431 1367 491 in
1389 434 1478 492 111616

203 531 402 592 vaticinatur
429 532 543 608 Apollo
567 534 663 608 idque
681 533 860 609 loquaciter
880 533 1058 593 admodum
1071 532 1134 603 (IV.
1154 533 1352 608 lio-184),
1366 547 1478 592 verum

204 632 267 692 sibi
300 633 363 693 soli
393 634 550 695 honorem
578 635 740 696 victorum
773 634 963 695 Galatarum
995 634 1152 710 vindicat,
1189 634 1227 694 de
1263 634 1479 709 Hyperboreis

206 731 272 791 alto
296 733 384 793 tacet
407 733 548 795 silentio.

251 833 313 893 Sed
343 837 472 909 praeter
501 835 643 911 Delphos
673 835 728 896 alii
759 851 885 910 quoque
913 835 1057 912 1116111111,
1083 836 1138 909 qui
1162 835 1293 896 laudem
1316 836 1479 912 Hyperbo-

206 950 336 995 reorum
359 936 422 996 sibi
444 938 609 1013 propriam
639 953 712 998 esse
736 938 983 998 contendebant.
1007 937 1086 997 Inde
1109 937 1149 997 ab
1173 952 1211 998 eo
1233 939 1396 1014 tempore,
1421 954 1480 1012 quo

207 1040 351 1112 primum
385 1038 456 1099 Deli
490 1040 594 1100 tutela
625 1054 734 1100 coram
768 1039 1022 1100 Atheniensibus
1053 1039 1128 1114 luit,
1160 1039 1273 1100 sedulo
1308 1040 1418 1100 studio
1451 1040 1481 1099 id

209 1139 312 1201 Attici
335 1142 479 1202 oratores
506 1157 545 1222 ae
566 1143 681 1217 poetae
705 1156 837 1217 operam
858 1141 1026 1217 dederant,
1051 1142 1088 1201 ut
1110 1142 1234 1215 patriae
1255 1156 1338 1202 suae
1361 1142 1481 1217 primas

209 1256 336 1317 quoque
356 1243 463 1303 cultus
479 1242 601 1303 Deliaci
613 1243 726 1303 laudes
739 1243 808 1303 iure
819 1242 961 1316 quodam
975 1242 1139 1302 vindicare
1151 1244 1295 1319 possent.
1310 1235 1333 1312 ')
1348 1243 1479 1317 Abarin,

210 1342 456 1419 Hyperboreum
486 1344 580 1406 illum
610 1344 731 1405 Phoebi
761 1345 966 1420 ministrum,
992 1345 1084 1404 cuius
1107 1345 1170 1404 iter
1192 1345 1225 1404 in
1250 1345 1421 1406 Graeciam
1443 1361 1480 1405 ne

210 1446 395 1506 Hecataeus
419 1447 549 1520 quidem
570 1446 696 1521 omisit,
721 1446 974 1506 Atheniensium
997 1447 1143 1506 oratores
1166 1443 1386 1524 affirmabant,
1407 1447 1479 1508 olim

212 1563 287 1607 cum
318 1548 405 1607 fame
436 1562 474 1607 ac
504 1549 595 1623 peste
619 1549 708 1608 totus
732 1547 819 1607 orbis
842 1549 1005 1607 terrarum
1023 1546 1200 1622 laboraret,
1225 1562 1342 1608 omnes
1366 1548 1478 1609 adiisse

213 1648 366 1708 Graeciae
396 1647 493 1708 urbes
523 1651 557 1708 et
579 1649 630 1708 dei
653 1649 705 1708 sui
728 1648 860 1708 nomine
883 1648 1090 1723 imperitasse
1112 1650 1150 1708 ut
1172 1647 1429 1710 Atheniensibus
1450 1650 1478 1708 in

212 1764 343 1809 summo
374 1750 522 1809 omnium
553 1765 662 1810 rerum
690 1749 833 1825 periculo
856 1748 999 1810 salutem
1021 1764 1117 1809 suam
1141 1749 1402 1827 committerent,
1421 1766 1477 1811 ser·

213 1851 283 1918 vari
324 1851 412 1912 enim
455 1866 550 1927 posse
588 1852 729 1927 patriam
769 1850 796 1910 εἰ
828 1849 1010 1929 προηρόσιον
1044 1846 1120 1929 ὑπὲρ
1154 1847 1297 1910 ἁπάντων
1333 1855 1478 1929 Ἀθηναῖοι

212 1950 341 2011 θύσειαν
363 1945 395 2022 ³).
427 1952 508 2013 Ham
539 1953 578 2013 ob
611 1968 745 2014 causam
774 1954 915 2028 undique
938 1953 1069 2027 frugum
1092 1952 1256 2028 primitiae
1279 1952 1476 2015 Atheniensi·

212 2053 274 2114 bus
308 2056 387 2114 tunc
420 2056 563 2130 primum
598 2055 726 2116 oblatae
760 2057 854 2129 aunt,
886 2055 1104 2115 Athenienses
1136 2057 1247 2115 autern
1279 2055 1355 2115 inde
1387 2055 1425 2114 ab
1446 2068 1477 2113 eo

174 2218 177 2224 ,
212 2158 359 2232 tempore
382 2155 554 2233 εἰρεσιώνην
577 2158 770 2233 Pyanopsiis
793 2157 934 2232 Apollini
959 2158 1128 2217 voverunt.
1158 2190 1196 2199 —
1220 2156 1293 2217 Non
1315 2156 1424 2217 solum
1444 2153 1477 2214 ad

213 2257 470 2333 Pyanopsiorum
493 2273 588 2318 sacra
610 2258 691 2318 haec
714 2259 875 2334 pertinere
895 2258 1134 2318 demonstravit
1156 2256 1291 2318 (drusius
1309 2258 1368 2318 sed
1389 2257 1478 2318 etiam

213 2374 251 2418 eo
273 2361 421 2434 spectare
445 2375 520 2420 curn
544 2359 747 2420 Manhardtio
771 2361 897 2435 monet,
918 2361 955 2419 ut
975 2358 1229 2420 Atheniensibus
1248 2359 1318 2419 iure
1335 2357 1478 2420 obvenire

214 2461 378 2520 videretur
414 2460 616 2537 principatus
654 2460 688 2520 in
723 2459 1006 2535 Hyperboreorum
1036 2460 1162 2521 theoria
1199 2458 1332 2520 Deliaca
1356 2453 1391 2530 ⁴).
1425 2457 1478 2518 sed

215 2564 378 2622 auxerunt
407 2562 508 2623 etiam
538 2562 760 2636 mythologice
787 2562 981 2622 auctoritate
1006 2561 1256 2621 Atheniensium
1288 2561 1361 2621 iura
1385 2559 1478 2621 Atthi·

216 2663 294 2723 dum
313 2663 488 2745 scriptores
507 2664 562 2737 qui
574 2664 753 2723 docuerunt
764 2678 803 2723 ea
815 2678 897 2738 quae
910 2664 1026 2723 extant
1038 2662 1122 2737 apud
1134 2662 1333 2721 Pausaniam
1347 2663 1372 2723 I.
1387 2663 1437 2722 31.
1450 2660 1479 2718 2:

219 2762 271 2840 „tv
291 2761 323 2825 δὲ
344 2767 527 2842 Πρασιεῦσιν
546 2763 727 2836 Ἀπόλλωνός
741 2762 800 2824 ἐστι
818 2762 900 2836 ναός·
920 2761 1054 2824 ἐνταῦθα
1073 2761 1124 2835 τὰς
1138 2757 1343 2841 Ὑπερβορέων
1355 2759 1481 2840 ἀπαρχὰς

129 2871 130 2875 ’
216 2863 292 2926 ἰέναι
314 2865 433 2947 λέγεται·
456 2865 658 2945 παραδιδόναι
682 2862 715 2926 δὲ
737 2863 829 2938 αὐτὰς
847 2860 1061 2947 Ὑπερβορέους
1083 2860 1137 2943 μὲν
1161 2868 1352 2941 Ἀριμασποῖς
1375 2869 1481 2943 Ἀριμα-

217 2966 311 3040 σποὺς
331 2963 360 3028 δ’
376 2962 537 3047 Ἰσσηδόσι,
556 2965 637 3047 παρὰ
657 2964 689 3028 δὲ
708 2968 821 3029 τούτων
840 2967 969 3040 Σκύθας
989 2964 1018 3039 ἐς
1034 2965 1181 3043 Σινώπην
1193 2965 1338 3044 κομίζειν,
1350 2964 1482 3027 ἐντεῦθεν

217 3067 250 3131 δὲ
281 3067 427 3149 φέρεσθαι
458 3066 492 3131 δι’
521 3066 675 3148 Ἑλλήνων
706 3066 736 3142 ἐς
767 3067 914 3147 Πρασιὰς,
945 3067 1182 3146 Ἀθηναίους
1206 3063 1245 3126 δὲ
1268 3059 1482 3136 εἶναιτοὺς

218 3169 231 3231 ἐ
239 3195 253 3243 ς
278 3176 408 3250 Δῆλον
431 3169 633 3252 ἄγοντας”.
654 3172 910 3232 Atheniensibus
929 3171 995 3231 illis
1015 3173 1125 3231 autem
1146 3170 1262 3230 ducem
1282 3184 1356 3230 esse
1378 3170 1482 3229 datum

217 3274 468 3349 Erysichthona,
493 3273 548 3348 qui
572 3273 837 3347 antiquissimum
863 3272 971 3344 ξόανον
995 3273 1028 3331 111
1048 3271 1155 3332 insula
1174 3271 1252 3331 Delo
1276 3271 1481 3343 secrevisset,

218 3377 253 3435 at
289 3377 364 3436 inde
402 3376 549 3436 Athenas
586 3375 730 3450 priscum
773 3374 924 3448 Ilithyiae
962 3373 1176 3433 simulacrum
1213 3387 1327 3432 secum
1370 3372 1482 3432 ducens

219 3476 251 3536 in
283 3477 398 3537 itinere
429 3478 579 3536 mortuus
610 3478 711 3552 esset,
743 3475 782 3535 ab
813 3476 987 3536 Atthidum
1008 3476 1086 3535 item
1111 3472 1323 3549 scriptoribus
1346 3472 1481 3534 tradeba-

255 3794 273 3861 1)
291 3795 359 3844 Slud.
379 3793 440 3843 Call.
460 3796 480 3842 1.
498 3810 524 3856 p.
544 3795 600 3856 1⁷4,
621 3796 677 3843 190.

251 3871 271 3935 ²)
290 3875 453 3923 (1111616611.
472 3876 537 3923 1819
556 3887 645 3922 omnes
662 3876 708 3935 qui
724 3875 776 3922 huo
795 3875 924 3935 pertinent
940 3875 1011 3921 16666
1029 3869 1145 3920 eontulit.

253 3950 421 4018 3)861161.111
442 3954 518 4001 Arist.
537 3952 596 4016 qu.
614 3954 672 4001 719.

190 4093 198 4104 .
226 4091 232 4106 Ι
252 4030 272 4093 ⁴)
289 4034 388 4082 11116.
399 4035 438 4080 el.
460 4031 540 4095 „Man
556 4030 638 4079 eolice
648 4032 699 4096 srtr
712 4031 794 4079 Arm
809 4031 849 4079 die
868 4024 1482 4095 761116666111Ῑ11161,Ηςρ611616166166”1161111

126 4156 145 4185 ,Ι
156 4150 178 4196 θ..
219 4111 371 4198 6661116116
388 4111 414 4158 ιἰι
433 4109 558 4173 Ampruclr
577 4109 698 4157 nehmen''.
