3068 5294
79 462 138 523 IV.
165 464 341 523 ara-247
688 461 747 522 171

78 655 195 713 serent
219 652 428 713 Alexandrini
451 651 545 726 quasi
572 652 660 710 esset
682 646 719 709 ού
743 649 792 719 (ef.
824 649 1001 710 Aristaroh.
1030 649 1070 709 ad
1095 652 1130 707 A.
1155 649 1230 723 244,
1253 648 1355 708 Lehrs

79 754 181 815 Arist.
205 770 236 829 p,
261 756 347 830 310),
379 754 463 814 haud
495 752 631 813 nimiam
662 751 729 812 fore
759 751 924 812 licentiam
955 750 1115 812 iudicasse
1138 753 1248 811 noster
1272 749 1354 810 vide·

78 860 138 917 tur
160 858 190 917 si
214 857 247 918 in
271 858 331 917 bac
355 872 388 917 re
412 857 536 931 epicam
561 870 636 916 cum
659 854 858 928 tragicorum
881 853 1019 914 dictione
1044 853 1240 914 miscuisset.

129 958 233 1020 Versu
258 961 321 1020 245
357 954 537 1034 ἀμπλακύ
543 979 573 1034 η,
607 957 644 1017 ut
679 952 861 1033 ἀμπλάκημα
892 958 925 1016 et
955 952 1129 1034 ἀμπλακεῖν,
1158 955 1355 1028 tragicorum

80 1065 146 1136 est,
178 1076 294 1121 vemm
328 1056 540 1135 ἀποθύμια
571 1055 667 1137 ῥέξω
698 1058 900 1119 homericum
932 1056 1010 1131 ἀπαξ
1042 1054 1208 1136 εἰρημένον,
1230 1056 1268 1116 de
1292 1070 1356 1131 quo

79 1164 160 1237 quid
184 1162 337 1223 statuerit
361 1161 588 1237 Callimachus,
611 1161 756 1235 indagari
780 1162 864 1222 band
895 1160 1019 1222 inutile.
1050 1160 1182 1234 Legitur
1206 1155 1236 1221 Ξ.
1262 1159 1323 1217 261

331 1262 412 1335 ἅζετο
435 1261 490 1344 γὰρ
515 1261 555 1340 μὴ
579 1261 676 1322 Νυκτὶ
699 1267 761 1347 θοῇ
784 1260 941 1340 ἀποθύμια
964 1261 1054 1341 ἕρδοι,

80 1368 116 1426 in
137 1382 201 1441 quo
222 1381 318 1426 versu
338 1364 532 1439 significatio
550 1365 640 1425 voc-is
651 1361 810 1442 ἀποθύμια
821 1365 904 1440 apud
917 1380 1031 1426 omnes
1042 1365 1221 1426 constabat.
1233 1363 1354 1423 Verum

82 1484 196 1529 rarum
219 1471 290 1529 erat
313 1468 520 1529 adiectivum.
551 1466 640 1527 Usus
664 1469 733 1527 erat
757 1466 823 1527 fere
849 1467 961 1527 eodem
985 1481 1084 1526 sensu
1107 1481 1170 1540 quo
1193 1464 1356 1524 Homerus

82 1571 246 1631 Hesiodus
289 1570 362 1645 ΟΜ)
400 1570 481 1629 708:
512 1564 532 1645 ἢ
565 1589 592 1626 τι
630 1564 699 1639 ἔπος
730 1565 821 1628 εἰπὼν
856 1564 1029 1643 ἀποθύμιον
1060 1563 1094 1645 ἠέ
1124 1589 1150 1625 τι
1177 1563 1271 1642 ἔρξας,
1305 1564 1355 1635 (of.

82 1687 211 1746 quoqne
245 1672 362 1733 Herod.
398 1670 467 1730 VII.
507 1670 590 1739 168).
632 1669 711 1730 Ourn
746 1685 822 1730 vero
858 1671 890 1729 et
921 1669 1082 1730 Hesiodus
1116 1671 1150 1728 et
1173 1668 1356 1728 Herodotus

82 1775 132 1834 ita
162 1774 269 1835 locum
300 1773 500 1834 homericum
532 1772 733 1846 accepissent
762 1773 800 1831 ut
829 1767 1004 1847 ἀποθύμιον
1034 1772 1066 1831 id
1092 1771 1250 1832 indicaret
1271 1772 1355 1844 quod

82 1875 174 1936 Nocti
192 1877 356 1950 ingratum
376 1876 475 1950 esset,
496 1874 616 1935 dixeris
637 1873 870 1935 Callimachum
891 1873 978 1934 aliud
997 1875 1072 1949 quid
1089 1875 1240 1936 voluisse.
1266 1875 1356 1951 „Non

82 1979 146 2039 eet”
167 1978 247 2038 Iuno
267 1977 382 2052 inquit,
406 1992 523 2052 „quare
543 1977 717 2051 quidquam
736 1976 902 2037 inimicam
921 1977 956 2036 ιἰι
976 1975 1115 2037 Ariorica
1134 1978 1280 2054 molior’'‚
1294 1980 1314 2039 i.
1327 1995 1355 2041 e.

83 2080 261 2154 quidquam
292 2095 355 2153 quo
384 2095 478 2140 arom
507 2080 589 2139 iram
622 2080 718 2152 atque
749 2078 955 2139 inimicitiam
985 2081 1097 2139 contra
1119 2080 1270 2142 Asterien
1294 2085 1355 2143 tes·

82 2185 183 2257 tetur,
203 2197 280 2242 narn
299 2196 414 2257 parurn
435 2181 585 2242 convenit
604 2181 717 2242 Iunoni
738 2181 797 2241 hoc
817 2181 937 2242 dicere:
961 2182 1115 2257 „minime
1134 2182 1253 2244 faciam
1272 2201 1355 2260 quae

84 2284 224 2344 Αούοιύαο
242 2284 370 2357 ingrata
389 2286 514 2346 erunt.”
537 2284 733 2360 Quapropter
752 2284 799 2343 ita
819 2282 1037 2344 Callimachus
1052 2284 1249 2347 adiectivum
1261 2287 1355 2349 inter·

83 2387 232 2460 pretatus
267 2401 339 2446 esse
374 2386 511 2459 videtur,
549 2388 587 2446 ut
621 2385 802 2446 arctissime
834 2386 1004 2446 cohaerere
1035 2386 1192 2448 iudicaret
1217 2404 1293 2449 cum
1318 2405 1356 2450 ea

84 2487 235 2564 dictione,
270 2503 334 2561 qna
368 2487 525 2561 Iuppiter·
545 2487 647 2547 utitur
677 2489 789 2547 contra
822 2488 979 2547 Iunonem
1011 2489 1047 2545 Α.
1072 2489 1136 2549 562
1170 2483 1248 2564 ,ἀλλ’
1281 2487 1356 2550 ἀπὸ

84 2593 220 2665 θνμού
247 2592 358 2665 μᾶλλον
390 2585 455 2666 ἐμοὶ
483 2585 592 2648 dread&
615 2589 728 2663 Itaque
751 2585 910 2666 ἀποθύμια
933 2588 1011 2650 facit
1034 2589 1063 2649 is
1086 2590 1264 2651 secundum
1290 2591 1355 2653 Oai·

83 2691 274 2766 limachum‚
300 2691 354 2764 qui
382 2690 476 2750 iactis
499 2691 640 2750 testatur
662 2690 763 2750 olium
784 2689 844 2750 aidi
865 2686 924 2749 ἀπὸ
947 2694 1051 2765 θνμού
1074 2682 1158 2749 εἶναι.

130 2793 336 2854 Adiectivum
366 2790 455 2851 νόσον
478 2807 534 2866 pro
558 2792 694 2853 relativo
719 2795 750 2853 et
774 2793 825 2853 hic
848 2792 956 2866 posuit
980 2791 1199 2853 Callimachus
1222 2795 1256 2854 et
1278 2794 1355 2855 alibi

84 2900 127 2965 (v.
153 2909 179 2955 c.
203 2895 244 2955 11.
277 2895 340 2963 94).
372 2894 511 2954 Putabat
541 2893 639 2969 enirn,
671 2894 755 2968 quod
784 2894 817 2953 in
850 2894 1079 2968 antiquissima
1109 2894 1291 2956 Graecitate
1322 2899 1355 2956 in

82 2995 327 3071 pronominibus
346 2994 590 3070 relativoatque
602 2996 858 3057 demonstrativo
870 3012 932 3056 usu
953 2995 1088 3073 veniret,
1100 2996 1142 3072 id,
1156 3012 1355 3073 quamquam

82 3114 148 3160 non
171 3098 304 3159 haberet
334 3097 513 3157 subsidium
542 3098 575 3157 in
600 3098 733 3160 Homeri
757 3098 916 3174 exemplo,
940 3100 1054 3159 eodem
1077 3100 1145 3160 inre
1168 3099 1238 3160 fieri
1261 3115 1355 3176 posse

67 3201 117 3260 ·in
148 3200 293 3260 derivato
323 3196 416 3273 ιύοος.
448 3199 517 3275 Qua
542 3200 576 3259 in
600 3214 634 3260 re
657 3199 788 3259 laudare
812 3199 916 3273 potuit
942 3201 1129 3275 exemplum
1150 3202 1278 3262 Pindari
1302 3203 1357 3276 qui

82 3302 199 3363 eodem
223 3302 317 3362 modo
340 3300 425 3372 νόσος
445 3316 502 3376 pro
526 3299 593 3371 ύοος
618 3301 726 3376 posuit
749 3300 839 3362 Nem.
864 3301 917 3362 IV.
942 3305 980 3363 4:

329 3397 400 3464 οὐδὲ
422 3402 537 3481 θερμὸν
559 3401 642 3482 ὕδωρ
664 3401 752 3463 τόσον
774 3424 807 3482 με
831 3400 972 3479 μαλθακὰ
996 3404 1088 3483 τεύχει

327 3509 407 3584 γαῖα,
428 3506 534 3566 τύσσον
558 3505 677 3585 εύλογία
701 3504 842 3587 φόρμιγγι
866 3506 1021 3585 συνάορος.

82 3608 240 3668 Secutum
272 3606 459 3670 callimachi
494 3609 682 3684 exemplum
724 3610 873 3671 videmus
915 3611 1112 3672 Nicandrum
1149 3611 1235 3673 Ther.
1273 3615 1354 3689 762;

84 3710 134 3769 Ar.
167 3710 241 3769 232.

127 3810 183 3871 Vs.
210 3811 274 3871 247
306 3806 420 3886 ,ἀλλά
449 3832 515 3888 μιν
546 3808 744 3892 ἔκπαγλύν
775 3834 807 3871 τι
830 3812 1060 3891 οεβύζομαι”
1089 3816 1165 3877 dicit
1188 3817 1278 3893 Iuno,
1303 3818 1354 3877 ad·

80 3913 165 3974 iacto
189 3912 376 3986 pronomine
407 3934 434 3971 τι
457 3913 540 3987 quod
565 3915 616 3974 est
640 3913 672 3973 in
697 3914 820 3976 deliciis
843 3917 966 3992 poetas,
992 3916 1091 3976 simul
1114 3917 1288 3978 deflectens
1313 3920 1352 3979 ab

79 4014 170 4088 epico
192 4028 342 4074 semona
365 4030 402 4076 eo
426 4016 508 4089 qnod
531 4031 588 4090 pro
612 4016 774 4077 homerico
795 4012 918 4094 σέβομαι
939 4021 985 4088 (Δ.
1007 4019 1081 4088 232)
1103 4020 1173 4080 sive
1194 4019 1353 4099 οεβύζομαι

80 4118 127 4186 (Ζ.
153 4116 227 4191 167,
258 4116 333 4185 417)
377 4117 535 4191 tragicam
571 4117 711 4178 formam
746 4118 897 4179 adhibere
932 4120 1067 4180 mavult.
1104 4122 1236 4182 Accedit
1270 4124 1354 4197 quod

81 4215 352 4291 significationem
385 4218 473 4278 verbi
505 4218 622 4278 leviter
653 4219 823 4280 immutat:
858 4218 964 4280 soient
995 4221 1081 4280 enim
1106 4223 1190 4297 apud
1214 4224 1354 4297 tragicos

80 4335 191 4394 regem
226 4317 373 4395 populus,
413 4320 490 4381 deos
525 4320 674 4381 homines
705 4319 828 4396 σεβίζειν
861 4320 913 4380 vai
945 4320 1120 4399 οεβύζεσθαι.
1152 4322 1196 4382 At
1219 4325 1352 4386 deornm

79 4423 192 4497 regina
222 4422 252 4481 si
283 4436 409 4481 memor
440 4423 490 4482 est
517 4422 672 4496 pristinae
696 4423 729 4482 in
753 4423 883 4482 Asteria
906 4423 1088 4500 pudicitiae,
1112 4425 1218 4498 magis
1241 4428 1352 4489 tamen

80 4521 249 4601 θννμάζειν
272 4537 370 4596 quam
394 4519 545 4600 σέβεσθαι,
569 4523 672 4585 colere
692 4523 799 4598 potins
820 4539 918 4598 quam
937 4526 1076 4586 revereri
1096 4526 1156 4587 dea
1174 4529 1353 4604 nympham

81 4625 226 4701 putanda
257 4625 317 4684 est.
350 4621 492 4685 conferri
523 4625 663 4686 fortasse
689 4626 813 4701 poterit
835 4641 909 4687 cum
934 4626 993 4688 hoc
1017 4642 1078 4688 nau
1103 4628 1194 4690 verbi
1213 4629 1245 4690 id
1268 4632 1353 4704 quod
