3068 5288
641 1476 706 1558 ΙΙΙ

80 1986 186 2061 Quam
210 2000 322 2045 curam
347 1989 533 2047 constanter
556 1986 702 2047 adhibuit
725 1984 944 2046 Callimachus
967 1986 1004 2047 ut
1026 1988 1188 2054 sermonis
1207 1989 1312 2050 colore

38 2105 75 2150 ae
86 2089 228 2149 dictione
239 2087 542 2161 antiquissimorum
554 2090 724 2165 poetarum
737 2087 878 2148 indolem
891 2102 966 2147 cum
979 2089 1216 2167 arteredderet,
1238 2104 1311 2152 eam

39 2191 124 2251 haud
146 2191 257 2249 minus
280 2190 391 2250 sedulo
414 2190 448 2251 in
471 2190 673 2265 mythologie
695 2189 865 2249 tractanda
888 2189 1048 2250 observat.
1072 2191 1193 2252 Eodem
1213 2193 1312 2268 igitur

38 2294 145 2354 studio
177 2308 240 2367 quo
270 2293 303 2352 iu
333 2293 466 2366 hymnis
496 2293 675 2368 pangendis
705 2293 885 2369 priscorum
918 2294 1032 2353 vatum
1064 2295 1212 2370 vestigiis
1235 2296 1310 2355 insi-

39 2394 158 2469 stebat,
184 2394 218 2452 in
241 2393 291 2452 dis
315 2393 445 2454 Graecis
467 2394 638 2454 cantandis
660 2408 791 2468 operam
811 2393 912 2468 dedit,
932 2396 970 2453 ut
990 2393 1142 2455 Graeciae
1161 2396 1310 2473 numina,

40 2497 155 2570 quibus
189 2496 223 2555 in
261 2494 424 2569 republica
454 2494 675 2555 Alexandrina
704 2495 756 2554 ius
786 2494 946 2568 optimum
973 2494 1118 2556 civitatis
1148 2498 1311 2560 vindicare

41 2598 182 2672 volebat,
215 2596 255 2657 ad
286 2596 425 2657 Graecas
448 2597 589 2672 origines
612 2596 759 2672 referret,
784 2598 817 2656 et
840 2597 999 2669 quantum
1020 2612 1078 2671 per
1097 2599 1311 2660 eruditionem

40 2700 206 2774 ingentem
236 2700 332 2772 atque
363 2698 561 2758 indefessam
584 2698 700 2773 valuit,
725 2697 910 2770 exquireret
932 2697 1016 2772 apud
1040 2714 1199 2771 quosnam
1222 2701 1310 2761 cives

40 2801 268 2875 antiquissimo
292 2799 381 2860 cultu
404 2800 540 2873 quisque
563 2800 696 2860 deorum
720 2799 883 2874 gauderet.

81 2902 217 2963 Ducitur
239 2903 271 2962 in
296 2916 334 2961 ea
356 2917 391 2961 re
414 2915 660 2975 nonnumquam
684 2901 892 2974 antiquorum
911 2902 1081 2976 poetarum
1100 2903 1307 2980 auctoritate,

39 3004 172 3065 Hesiodi
212 3003 320 3077 potius
361 3018 459 3076 quam
501 3002 649 3077 Homeri,
685 3002 849 3062 interdum
883 3017 1009 3076 quoque
1043 3003 1185 3081 Pindari,
1218 3007 1310 3067 cuius

39 3121 159 3181 magna
188 3105 251 3165 tuit
277 3104 361 3178 apud
384 3104 623 3164 Alexandrinos
644 3104 759 3178 gratia.
785 3104 920 3179 Saepius
942 3107 1054 3166 autem
1076 3121 1174 3180 quam
1197 3111 1311 3183 poetas

38 3208 185 3282 sequitur
214 3221 271 3266 eas
300 3206 491 3277 traditiones
520 3220 601 3279 quas
632 3219 707 3264 cum
737 3205 807 3279 ipso
842 3220 1009 3267 sacrorum
1042 3207 1187 3269 locorum
1221 3210 1310 3271 cultu

39 3310 228 3370 coniunctas
254 3323 327 3368 esse
350 3307 420 3367 sive
443 3321 598 3381 praesens
620 3306 767 3367 audierat
789 3306 859 3367 sive
884 3322 925 3367 ex
948 3309 1120 3383 periegetis
1143 3310 1308 3374 didicerat.

38 3411 100 3472 iias
124 3413 237 3471 contra
258 3412 432 3471 novatores
454 3408 581 3468 fortiter
604 3407 756 3467 defendit.

81 3512 278 3573 Militantem
307 3513 437 3587 poetam
456 3511 523 3569 iam
548 3509 647 3569 habes
670 3508 775 3584 primo
803 3510 925 3583 hymno
949 3524 1025 3571 cum
1048 3513 1178 3574 disertis
1202 3516 1309 3576 verbis

39 3629 204 3690 exponens
238 3613 358 3689 placita
394 3626 467 3686 sua,
504 3612 570 3671 acri
609 3611 718 3671 animo
752 3611 786 3670 in
825 3627 880 3671 eos
919 3613 1083 3674 invehitur
1113 3616 1168 3688 qui
1202 3620 1310 3678 cetera

40 3716 148 3777 omnia
179 3715 342 3776 censeant.
374 3711 541 3773 cantanda
575 3714 646 3771 erat
678 3711 750 3771 laus
780 3712 867 3772 Iovis
897 3746 936 3756 -
965 3729 1080 3774 verum
1115 3717 1309 3779 cuiusnam?

41 3817 193 3878 Omnium
216 3816 358 3892 primum
382 3815 444 3874 hoc
469 3815 579 3873 tenere
614 3813 764 3886 quemvis
799 3813 968 3889 oportebat
1002 3816 1200 3877 auditorem:
1233 3834 1309 3889 eum

40 3921 149 3980 iovem
177 3934 274 3993 quem
298 3916 517 3978 Callimachus
539 3914 609 3975 suis
632 3915 826 3990 ostenderet,
852 3915 1048 3977 arctissimis
1071 3917 1210 3980 vinculis
1234 3937 1308 3982 cum

41 4021 172 4094 antiqua
194 4020 328 4081 Graecia
351 4019 422 4095 ipsa
438 4033 510 4079 esse
530 4018 753 4093 coniunctum,
772 4032 836 4079 non
857 4016 916 4076 Δία
930 4014 1038 4078 Ἥλιον
1057 4017 1192 4099 Σέραπιν
1212 4039 1308 4097 quen·

42 4122 113 4183 dam
149 4121 287 4197 mutari,
323 4136 388 4182 non
422 4119 604 4180 Stoicorum
641 4121 739 4195 Ζῆνα,
772 4118 819 4180 ita
850 4120 973 4180 dictum
1009 4121 1161 4194 quoniam
1197 4127 1310 4187 aether

42 4222 168 4283 divinus
194 4229 270 4298 ,roc
293 4222 346 4299 ζῆν
369 4219 462 4293 αἴτιός
486 4217 576 4294 ἐστί’,
597 4219 654 4279 sed
675 4219 863 4294 Olympium
882 4220 976 4280 illum
995 4223 1050 4295 qui
1069 4238 1168 4298 regno
1187 4227 1310 4301 potitus

44 4327 108 4384 erat
131 4323 301 4384 Titanibus
323 4321 503 4399 superatis:

261 4422 448 4503 Πηλαγόνων
472 4419 596 4500 ἐλατῆρα
621 4419 801 4480 δικασπόλον
825 4419 1011 4506 οὐρανίόῃσι.
1040 4417 1060 4495 ¹)

77 4627 93 4692 ¹)
112 4632 174 4679 oili.
192 4632 218 4679 iu
235 4629 288 4679 Iov.
307 4633 331 4678 3.

93 4717 123 4764 11.
