3104 5286
684 430 726 490 ab

60 619 206 693 quadam
230 619 264 678 in
283 631 425 678 errorem
443 616 609 693 inductuS,
628 617 713 677 inter
726 618 897 691 utramque
910 616 1003 676 deam
1017 617 1130 677 extare
1147 616 1343 680 societatem

59 722 229 795 quandam
256 719 392 795 putabat
416 751 457 762 -
478 733 679 792 quamquem
706 718 843 780 eandem
864 733 936 779 esse
960 717 1055 778 deam
1078 718 1192 778 Ionem
1217 731 1255 778 ac
1274 717 1341 777 Isin

59 823 184 882 diserte
206 836 272 882 non
292 819 439 897 perhibet
454 813 474 888 1)
489 838 544 893 -;
566 820 647 880 item
669 835 786 895 parum
806 819 913 880 fuerat
932 819 1123 880 eruditionis
1143 817 1184 879 iis
1204 817 1341 879 homini·

61 924 123 983 bus
146 923 203 997 qui
226 923 314 982 Ionis
333 921 402 982 iata
422 936 497 982 cum
517 920 603 981 Iside
622 921 720 995 primi
740 920 817 981 data
837 935 933 995 opera
945 921 1212 996 composuerunt,
1225 934 1340 979 verum

61 1024 286 1085 Callimachus
315 1038 391 1084 oum
426 1038 482 1083 eos
512 1024 710 1097 sequebatur
740 1038 805 1083 non
836 1023 1042 1097 neglegentia
1071 1024 1129 1083 aut
1158 1021 1342 1096 ignorantia

61 1139 217 1201 peccasse
234 1125 371 1186 videtur.
390 1123 555 1199 Quosnam
568 1125 717 1184 auctores
729 1123 869 1185 audierit
881 1124 1043 1184 incertum
1055 1125 1119 1198 eet;
1133 1138 1212 1184 nam
1224 1123 1342 1183 desunt

61 1210 268 1302 testimonia,
292 1226 360 1286 iam
383 1225 438 1286 diu
461 1227 537 1285 ante
561 1225 661 1285 istam
687 1227 831 1285 aetatem
855 1224 1006 1285 homines
1029 1225 1068 1285 de
1091 1225 1177 1286 Iside
1201 1239 1243 1285 ex
1262 1226 1340 1285 Ione

60 1329 186 1403 Argiva
204 1327 382 1388 derivanda
401 1327 573 1401 cogitasse.
595 1327 668 1403 Ipse
693 1325 913 1387 Callimachus
937 1329 1024 1387 certe
1047 1341 1118 1387 rem
1142 1342 1205 1388 non
1230 1327 1339 1387 iuven·

61 1431 148 1490 tavit
178 1443 258 1489 nam
285 1429 469 1489 Hecataeus
500 1429 568 1489 iem
599 1443 673 1489 eam
704 1429 916 1504 memoravit,
945 1443 1145 1503 quamquam
1164 1443 1206 1489 ex
1226 1442 1261 1488 re
1281 1441 1342 1487 sua

60 1531 159 1607 plane
179 1532 347 1592 invertens
365 1529 413 1591 rei
431 1530 579 1591 ordinem
599 1545 674 1591 curn
694 1532 858 1591 memorat
873 1537 925 1607 τῆς
943 1526 1053 1601 Ἴσιδος
1072 1527 1127 1605 τὴν
1146 1525 1261 1608 γένεσιν
1280 1525 1341 1587 ὑπὸ

60 1641 122 1692 τῶν
147 1626 302 1708 Ἑλλήνων
333 1630 374 1703 εἰς
397 1627 504 1710 ’Ἀργος
536 1628 755 1708 μεταφέρεσθαι
786 1630 1041 1710 μυθολογούντων
1071 1627 1126 1707 τὴν
1145 1623 1194 1689 ’lb
1221 1625 1277 1705 τὴν
1299 1628 1341 1700 εἰς

61 1732 135 1811 βοὸς
157 1733 254 1793 τύπον
273 1736 560 1809 μεταμορφωθεῖσαν
574 1725 606 1803 ²).
631 1732 711 1807 Quid
730 1732 831 1806 igitur
850 1732 1018 1792 hominem
1039 1732 1073 1792 in
1092 1732 1195 1806 Libya
1210 1733 1339 1807 natum,

61 1836 118 1909 qui
146 1835 298 1894 versatus
324 1833 543 1896 Alexandriae
565 1849 630 1894 non
654 1836 766 1909 posset
789 1833 937 1907 ignorare
961 1833 1043 1894 nulli
1065 1833 1193 1894 numini
1216 1834 1340 1908 Aegyp-

61 1938 149 1998 tiaco
179 1936 330 2011 postponi
360 1937 453 1997 deam
479 1937 601 2011 Isidori,
626 1937 778 1997 incitavit
804 1938 843 1997 ut
864 1936 942 1997 data
964 1952 1062 2011 opera
1084 1938 1274 2012 exponeret,
1301 1951 1343 1997 ex

61 2038 285 2114 Peloponneso
316 2037 393 2098 illuc
426 2038 598 2099 advectam
632 2038 745 2098 Inachi
779 2035 881 2098 tiliam
916 2052 1126 2113 recuperasse
1161 2038 1341 2099 humanam

61 2139 206 2199 formam
228 2141 262 2199 et
284 2138 371 2198 Iovis
394 2140 486 2200 iussu
506 2139 617 2200 divina
635 2140 795 2213 dignitate
816 2138 965 2199 indutam
985 2140 1217 2217 ab'Aegyptiis
1228 2141 1343 2215 postea

61 2240 131 2299 Isin
154 2242 378 2314 nuncupatam
397 2242 491 2303 esse?
511 2240 624 2302 Nonne
643 2241 717 2317 hoc,
739 2243 777 2301 ut
794 2243 903 2302 totum
924 2241 1050 2303 cultum
1067 2242 1177 2316 Isidis,
1202 2241 1342 2303 fortasse

62 2357 191 2416 quoque
210 2341 346 2402 Osiridis
369 2344 402 2403 et
421 2342 543 2418 Apidis,
569 2343 653 2417 apud
675 2343 855 2418 Aegyptios
878 2357 898 2402 a
921 2343 1053 2403 Graecis
1073 2343 1152 2404 olim
1172 2345 1342 2420 acceptum

62 2458 137 2504 esse
171 2445 205 2503 et
237 2441 412 2504 barbarum
445 2443 490 2503 ibi
519 2444 620 2504 ritum
652 2443 796 2504 induisse
829 2443 983 2504 doceret?
1012 2437 1033 2514 ³)
1073 2445 1126 2505 Ita
1156 2445 1340 2521 Epaphum,

61 2559 162 2619 quem
194 2544 248 2604 diu
279 2547 355 2619 post
384 2545 534 2606 Mnaseas
565 2546 733 2607 Patrensis
765 2560 839 2606 cum
866 2545 993 2606 Baccho
1022 2548 1120 2620 atque
1144 2546 1269 2607 Osiride
1288 2545 1341 2607 vel
1439 2566 1441 2571 ·

62 2645 218 2721 serapide
246 2647 428 2721 composuit
447 2640 486 2723 ⁴),
512 2647 551 2708 de
581 2662 644 2722 quo
672 2646 751 2707 olim
776 2646 959 2707 Herodotus
983 2647 1049 2706 iam
1075 2646 1245 2707 docuerat:
1273 2641 1342 2705 ddi

55 2736 143 2818 Ἀσττς
162 2744 237 2805 κατὰ
254 2742 310 2822 τὴν
323 2740 477 2823 Ἑλλήνων
496 2750 632 2827 γλῶσσαν
651 2744 711 2807 ἐστὶ
723 2744 862 2822 Ἔπαφος
872 2742 909 2824 ⁵),
931 2748 1085 2822 quoniam
1106 2747 1170 2808 luit
1185 2747 1241 2807 Ius
1253 2745 1340 2807 filius

61 2863 81 2908 a
101 2847 301 2909 callimacho
321 2851 542 2911 memoratum
562 2864 635 2910 esee
658 2864 716 2925 per
734 2863 770 2909 ee
789 2849 900 2923 liquet.
927 2848 1015 2923 Quod
1036 2849 1064 2908 si
1084 2848 1199 2909 iecerit
1218 2848 1260 2907 iis
1271 2862 1340 2908 ver·

62 2949 114 3010 bis
136 2964 220 3024 quae
239 2964 384 3024 summo,
409 2950 443 3010 ni
466 2950 570 3026 fallor,
595 2951 664 3011 iure
687 2951 727 3011 ad
746 2944 824 3021 Ἰοῦς
847 2946 951 3024 ἄφιξιν
976 2950 1176 3010 rettulerunt
1198 2949 1337 3025 Alpbon·

61 3065 121 3111 sus
140 3049 268 3111 Hecker
287 3052 321 3111 et
340 3050 555 3112 Schneiderus
575 3052 622 3122 (fr.
640 3053 713 3121 176)
736 3050 872 3126 »εἰδυῖαν
887 3049 997 3128 φύλιον
1008 3059 1121 3130 ταῦρον
1134 3050 1301 3129 intrarem
1316 3043 1338 3121 ⁰)

59 3151 232 3212 fatendum
264 3152 326 3212 erit
355 3167 420 3213 non
453 3152 555 3213 videri
581 3155 638 3212 aut
669 3152 805 3213 Osiridis
837 3152 962 3214 cultum
991 3155 1048 3213 aut
1071 3154 1184 3230 Apidis
1206 3168 1337 3228 magno·

61 3267 139 3328 pere
159 3252 361 3313 auditoribus
379 3253 610 3314 Alexandrinis
630 3253 669 3314 ab
691 3269 728 3314 eo
746 3254 1013 3316 commendatum
1025 3270 1108 3316 esse.
1122 3256 1339 3316 Barbarorum

61 3353 117 3414 hic
139 3353 245 3429 pingit
267 3369 390 3428 mores,
415 3370 480 3415 non
504 3358 638 3416 sanctae
662 3355 828 3430 religionis
852 3356 982 3417 extollit
1005 3357 1226 3430 reverentiam
1245 3350 1279 3427 ⁷).

97 3561 117 3628 ¹)
134 3563 230 3611 Herod.
247 3564 283 3611 Π.
302 3567 333 3613 41
352 3566 379 3612 τὸ
396 3566 442 3628 γὰρ
459 3573 499 3625 της
512 3565 588 3619 Ἴσιος
604 3565 698 3623 ἄγαλμα
714 3565 752 3612 liv
770 3568 903 3625 γυναικήιον
916 3568 1033 3630 βούκερων
1049 3567 1109 3620 dovr,
1126 3564 1341 3630 νυνάκερἽίλληνες

60 3644 103 3702 τὴν
118 3644 185 3691 Ἰοῦν
201 3645 325 3706 γράφουσα

95 3718 207 3786 ⁹)Diod
231 3722 309 3769 Lae.
336 3722 497 3782 Engelmann
515 3722 585 3783 apud
602 3722 717 3770 Boeoher
738 3722 772 3769 11.
792 3723 841 3770 265
857 3737 924 3785 ορμ,
948 3723 1057 3771 Drexler
1081 3721 1138 3770 did.
1163 3722 1287 3770 οο1.4θθ.
1306 3748 1334 3758 -

61 3802 178 3850 Serioree
202 3801 343 3861 scriptores
368 3804 395 3848 et
419 3804 511 3861 poetae
537 3801 645 3849 Βοιωτοί
671 3800 823 3849 Οελλίωνσλιί
845 3802 952 3861 vestigia
984 3802 1136 3861 frequentes
1162 3801 1247 3849 secuti
1270 3804 1339 3849 eunt

61 3881 130 3937 Quia
156 3879 235 3927 etiem
259 3880 285 3926 in
311 3879 389 3926 Iaidle
413 3881 540 3941 templum
567 3880 636 3940 quod
661 3883 717 3927 eret
742 3880 824 3928 Phllis
850 3880 954 3940 ignotus
977 3880 1082 3941 quidem
1107 3881 1225 3943 pervenit
1249 3886 1340 3943 poete,

61 3958 206 4007 eruditione
220 3959 391 4006 Alexandrina
404 3960 532 4021 imbutus,
545 3961 591 4021 qul
604 3962 641 4007 ite
656 3973 759 4008 carmen
773 3973 849 4008 enum
864 3960 980 4008 inchoet:
996 3954 1169 4025 „'11]r[ea]pn
1180 3956 1340 4021 [Αηγοσωισ

61 4037 576 4164 aiffagghrzepeghuglgssoke{11⁹0dess
585 4038 726 4164 Ἰἒαὸχλ[α]ς.
745 4040 811 4087 0.1.
829 4040 859 4088 G.
877 4039 925 4086 111.
945 4039 1019 4086 4944.

107 4125 114 4167 l
201 4129 274 4163 orer
358 4130 409 4163 mac
501 4131 527 4178 p.
580 4143 609 4152 -
646 4151 652 4164 .

93 4193 114 4255 ⁴)
131 4196 214 4243 lusa.
232 4195 264 4241 fr.
283 4194 315 4241 87
333 4193 437 4251 (Πύλιον
455 4193 484 4242 1².
502 4194 536 4242 Η.
555 4194 583 4242 0.
602 4196 650 4242 111.
668 4197 716 4243 lto
733 4196 763 4243 ir.
783 4196 834 4248 37).

93 4270 115 4339 ⁸)
134 4272 231 4321 Herod.
248 4272 283 4320 11.
303 4272 364 4328 1⁶³,
381 4273 554 4321 Wiedomann.
572 4288 597 4335 p.
617 4275 674 4322 ⁶47.

93 4348 114 4411 ⁶)
131 4352 235 4400 Becker
253 4348 337 4398 Οονννι.
357 4348 418 4399 dau.
436 4366 461 4413 p.
480 4355 495 4401 8
513 4356 579 4409 not.;
596 4354 629 4401 oi.
648 4353 744 4401 'l'ibull
761 4353 782 4400 1.
801 4354 815 4401 'l
833 4353 904 4400 hisce
922 4353 1058 4401 adlocutus
1076 4352 1162 4402 Nilum
1181 4356 1293 4414 petrem:

363 4431 400 4477 Το
417 4432 487 4479 canit
504 4435 583 4492 etque
600 4445 677 4480 auum
693 4433 777 4493 pubes
792 4433 901 4480 mhatur
918 4432 1003 4480 Osirin

250 4562 252 4567 ,
397 4511 525 4568 Barbara,
541 4513 702 4573 Memphiten
719 4513 843 4574 plangere
859 4513 936 4561 docte
953 4513 1053 4561 bovem.

95 4586 117 4654 ⁷)
135 4588 210 4647 Quod
230 4590 318 4636 autem
336 4588 423 4648 hymn.
440 4589 488 4637 IIL
507 4592 556 4638 2⁶4
573 4592 717 4651 Bosporum
736 4592 840 4640 dhenie
856 4592 943 4641 verbis
959 4592 1023 4641 dlolt
1039 4594 1096 4658 μους
1112 4591 1186 4657 κόρον
1200 4593 1344 4656 ἰναχιώνρς
