3068 5294
55 458 112 520 1v.
139 457 313 519 ata-281
669 456 729 516 179

54 646 182 707 usitate
212 642 364 705 adhibita.
402 643 475 702 Iure
513 641 652 702 fortasse
685 641 859 716 suspiceris
901 640 1030 703 Pindari
1064 641 1098 701 et
1131 638 1329 713 tragicorum

56 745 211 821 exemplo
248 745 418 805 inductum
461 758 533 805 esse
575 744 756 817 quicunque
790 744 915 818 primus
945 743 1006 804 hoc
1037 742 1233 803 adiectivum
1270 742 1329 802 ior·

56 850 175 911 mavit.
218 847 377 908 Pindarus
418 847 506 907 enim
543 861 619 920 prae
657 846 773 906 ceteris
805 845 909 920 poetis
947 845 1079 905 adamat
1102 845 1331 920 praepositioni

56 948 139 1028 ἀμφὶ
170 950 239 1009 vim
261 948 377 1010 addere
400 948 624 1024 temporalem,
649 949 744 1008 modo
767 947 862 1021 (quod
886 947 1016 1022 saepius
1039 947 1125 1018 iecit)
1145 962 1220 1007 cum
1241 962 1331 1008 accu-

56 1054 168 1113 sativo
202 1051 400 1124 coniungens
428 1053 464 1110 ut
503 1049 546 1110 Ol.
569 1050 594 1110 Ι.
620 1051 661 1109 97
689 1045 724 1126 „d
748 1057 840 1108 νικῶν
864 1043 896 1108 δὲ
918 1046 1023 1107 λοιπὸν
1046 1045 1124 1126 ἀμφὶ
1151 1048 1253 1127 βίοτον
1275 1046 1331 1128 ἔχει

56 1153 250 1233 μελιτόεσσαν
269 1151 394 1213 εὐδίον”
416 1152 466 1222 (ci.
491 1150 534 1212 Ol.
555 1152 595 1212 II.
618 1152 682 1227 30),
706 1152 801 1212 modo
828 1165 902 1211 cum
927 1150 1037 1211 dativo
1058 1152 1096 1211 ut
1122 1150 1165 1212 Ol.
1186 1151 1275 1212 XIII.
1289 1152 1330 1212 37

61 1254 172 1340 „deligo
196 1249 266 1333 ἀμφ’
293 1250 362 1314 ἕνί”
388 1254 438 1325 (cf.
459 1253 549 1314 Nem,
573 1254 691 1323 11..17).
716 1253 850 1313 Frustra
873 1267 949 1313 vero
972 1253 1005 1312 in
1028 1253 1126 1330 hisce,
1151 1270 1233 1328 quae
1256 1254 1332 1315 sim·

56 1360 189 1435 pliciter
221 1356 414 1431 temporalia
447 1358 534 1432 sunt,
570 1370 643 1415 eam
674 1354 944 1428 significationem
974 1369 1112 1427 quaeras
1143 1357 1181 1415 ut
1213 1356 1334 1416 indicet

56 1459 93 1521 τὸ
123 1454 199 1520 κατ’
233 1456 326 1530 ἔτος.
356 1457 434 1517 llius
464 1472 544 1517 usus
575 1456 764 1531 exemplum
787 1456 939 1531 praebere
962 1455 1090 1517 videtur
1111 1456 1332 1530 fragmentum

58 1562 230 1638 sophocus
252 1560 328 1633 (448
353 1558 401 1629 D.)

308 1658 423 1739 κρυμὸν
447 1656 547 1740 φέρων
569 1657 729 1738 μνάθοισιν
753 1657 782 1732 ἐξ
805 1655 992 1736 ἆμφημέρου.
1016 1705 1022 1719 .

57 1767 201 1828 indicari
224 1766 312 1826 enim
335 1764 382 1823 ita
404 1762 519 1823 febrim
542 1761 732 1821 cotidianam
752 1762 785 1821 et
807 1760 898 1821 locus
917 1760 1060 1821 Platonis
1080 1760 1242 1821 eTimaeo
1255 1762 1334 1821 86A

57 1869 165 1942 docet,
202 1867 257 1926 ubi
290 1861 415 1942 πυρετὸς
449 1860 655 1942 ἆμφημερινὸς
686 1862 855 1937 opponitur
885 1871 924 1945 τῷ
946 1860 1063 1946 τριταίῳ
1087 1863 1278 1940 (tertianae),
1302 1863 1335 1924 et

1 2032 3 2042 ,
57 1968 253 2030 testimonia
275 1966 440 2027 declarant
460 1981 543 2038 quae
566 1965 740 2025 Piersonus
764 1964 899 2024 adduxit
921 1965 962 2025 ad
986 1964 1159 2025 Moeridem
1184 1981 1214 2040 p.
1239 1966 1292 2026 45.

1 2070 2 2111 3
105 2071 209 2130 Docta
232 2070 284 2130 est
307 2071 339 2129 et
362 2067 443 2128 fines
467 2068 563 2128 huius
584 2067 813 2142 disputationis
836 2067 1001 2139 egreditur
1023 2082 1105 2140 quae
1129 2068 1336 2142 subsequitur

59 2171 226 2232 enarratio
246 2170 284 2230 de
304 2170 536 2245 Hyperboreis;
558 2184 657 2242 quam
678 2185 726 2230 ve.
749 2170 814 2230 280
833 2168 1017 2242 ingrediens
1036 2170 1237 2230 homericum
1257 2169 1336 2230 illud

59 2278 92 2332 θ.
119 2274 162 2333 29
187 2267 232 2348 (ἠὲ
262 2268 336 2349 πρὸς
367 2267 669 2351 interdicerentur
695 2267 878 2348 ἀνθρώπων)
902 2271 949 2331 lta
969 2274 1114 2347 exornat,
1135 2272 1171 2331 ut
1189 2272 1336 2346 regiones

62 2375 235 2436 meridIem
260 2390 374 2434 versus
397 2375 582 2449 spectantes
605 2369 716 2451 μέσσην
739 2375 770 2445 (1.
784 2390 812 2435 e.
829 2368 941 2450 μέσσην
963 2367 1087 2451 ἡμέραν)
1112 2374 1207 2450 dicat,
1227 2390 1337 2452 μεσημ

63 2476 155 2556 βρίαν
186 2476 324 2537 fortasse
355 2480 392 2536 ut
423 2477 532 2537 minus
563 2477 724 2551 poeticam
755 2491 869 2537 vocem
901 2476 1029 2535 evitans
1054 2468 1085 2546 ¹).
1119 2475 1280 2553 Ceterum,
1303 2477 1336 2537 in

64 2578 175 2638 verbis
208 2575 264 2654 „ct'
281 2571 311 2635 θ’
337 2573 470 2655 ἕσπερον,
499 2576 536 2637 οἵ
561 2570 582 2636 τ’
608 2573 666 2636 ἀνὰ
689 2574 820 2655 μέσσην”
852 2577 1045 2652 praepositio
1075 2592 1139 2638 non
1166 2579 1274 2639 solum
1297 2580 1337 2639 ad

64 2677 178 2757 μέσσην
210 2679 351 2754 pertinet
380 2680 437 2740 sed
461 2680 560 2740 etiam
584 2680 625 2740 ad
648 2675 772 2757 ἕσπερον
795 2679 951 2741 trahenda
976 2682 1036 2755 est,
1061 2679 1239 2740 secundum
1263 2696 1337 2741 eam

65 2783 193 2843 dicendi
223 2782 381 2842 rationem
413 2795 477 2854 qua
503 2782 606 2841 utitur
629 2796 754 2856 quoque
778 2783 888 2841 noster
911 2782 951 2841 ΙΙ.
977 2781 996 2840 8
1025 2780 1160 2858 ,μολπήν
1183 2803 1212 2841 σε
1235 2779 1286 2841 καὶ
1308 2779 1337 2853 ἐς

65 2884 188 2963 ηορόν”.
224 2883 340 2960 Quaeri
370 2884 478 2958 potest
510 2884 583 2955 quis
617 2884 784 2957 quaesitae
810 2883 907 2943 huius
937 2882 1117 2956 elegantiae
1149 2884 1336 2959 exemplum

66 2986 253 3061 praebuerit
282 2986 402 3046 nostro.
435 2984 677 3060 Quadamtenus
706 2987 814 3060 potest
836 2985 972 3045 conferri
995 2985 1114 3046 locutio
1143 2994 1244 3064 ,νηῶν
1278 2983 1337 3047 dac

66 3085 118 3147 acl
140 3084 303 3146 κλισιάον”
322 3087 356 3146 in
379 3086 478 3146 iliade
498 3101 594 3160 saepe
612 3087 716 3163 obvia,
741 3086 844 3147 multo
868 3087 934 3147 iam
955 3088 1085 3163 propius
1104 3088 1228 3148 accedit
1246 3112 1275 3165 μ.
1296 3089 1337 3150 27

71 3186 111 3268 ,ἢ
133 3185 204 3260 ἁλὸς
227 3184 248 3266 ἢ
272 3184 320 3246 ἐπὶ
341 3188 428 3266 ηῆς”.
450 3187 634 3263 Quodlibet
657 3189 750 3249 hodie
773 3189 955 3264 nonnullos
978 3189 1048 3248 iure
1071 3188 1220 3265 fortasse,
1244 3191 1339 3250 offen·

68 3293 125 3353 dat
149 3283 183 3366 ²),
215 3290 292 3364 quia
322 3290 401 3350 haec
431 3290 678 3364 praepositionis
700 3290 876 3365 collocatio,
909 3291 1060 3364 quamvis
1082 3291 1234 3365 frequens
1256 3292 1340 3366 apud

68 3394 208 3468 Atticos,
228 3393 261 3452 ln
282 3390 454 3451 bomerIcis
473 3391 536 3450 nisi
548 3392 607 3453 hoc
619 3407 683 3452 uno
694 3393 763 3453 loco
776 3407 839 3453 non
851 3394 1007 3468 occurrat,
1021 3392 1218 3455 Callimacho
1229 3397 1341 3456 tamen

69 3492 242 3555 offensioni
260 3507 324 3552 non
344 3492 445 3552 fuisse
465 3507 506 3552 ex
526 3494 636 3554 nostro
649 3494 718 3554 loco
730 3493 767 3553 fit
780 3494 966 3555 verisimile.
981 3528 1021 3538 -
1036 3495 1215 3568 sequentes
1228 3511 1342 3558 versus

70 3597 112 3657 ad
135 3594 373 3657 callimacheae
397 3608 531 3668 poeseos
553 3594 696 3654 indolem
719 3594 885 3668 ipatusque
908 3597 1021 3669 poetae
1044 3596 1211 3670 ingenium
1230 3613 1341 3673 cogno·

70 3698 191 3759 secuda
222 3709 321 3769 quam
345 3695 490 3755 maxime
512 3696 633 3756 valent.
659 3695 817 3771 Quoniam
841 3712 916 3757 vero
941 3698 1229 3772 mythologumena
1252 3700 1342 3760 Galli·

71 3800 180 3860 machi
204 3799 346 3858 tractare
368 3812 432 3858 non
456 3799 507 3858 est
530 3797 627 3858 hulus
650 3797 721 3871 loci,
741 3798 801 3858 hoc
820 3799 950 3858 tantum
972 3813 1088 3860 moneo
1108 3799 1344 3862 Callimachum

71 3903 180 3962 verbis
215 3896 285 3977 „aul
307 3898 337 3958 οἳ
363 3898 600 3977 καθύπερθε
630 3897 795 3977 βορείης
818 3897 897 3958 οἰκία
919 3897 1036 3970 θινὸς
1059 3898 1178 3978 ἕχουσι”
1204 3901 1345 3964 nominis

72 4004 356 4079 Hyperboreorum
398 4001 537 4075 origines
571 4000 768 4062 indicantem
802 4002 949 4076 spectare
983 4000 1138 4063 Hecataei
1171 4003 1344 4064 Abderitae

72 4104 256 4166 doctissimi
280 4104 424 4164 historici
447 4105 554 4179 verba,
579 4104 671 4164 cuius
692 4103 833 4164 hominis
853 4103 1034 4163 sententiae
1053 4103 1092 4164 de
1112 4105 1208 4165 rebus
1227 4105 1346 4165 divinis

72 4207 260 4282 ceteroquin
283 4206 419 4266 minime
443 4206 561 4266 faveat.
586 4206 770 4267 Hecataeus
794 4205 882 4265 enim
905 4205 1030 4278 (fragm.
1056 4207 1074 4264 2
1098 4204 1185 4267 Mali.
1207 4206 1241 4267 I'.
1254 4207 1294 4268 H.
1308 4206 1344 4267 (l.

72 4311 115 4371 11.
139 4310 217 4380 386)
256 4309 465 4369 enarraverat
494 4304 545 4384 „lv
569 4310 629 4378 σοῖς
652 4302 813 4385 ἀντιπέραν
836 4313 888 4382 τῆς
911 4307 1053 4384 Κελτικῆς
1074 4304 1176 4378 τόποις
1199 4305 1273 4367 κατὰ
1295 4305 1346 4366 σὸν

106 4565 131 4633 ¹)
149 4567 294 4627 Aeschylus
311 4568 397 4612 tamen
415 4565 541 4612 adiectivo
557 4564 715 4629 μεσημβρινὸς
731 4577 762 4610 ea
779 4563 965 4622 elguiflcatione
984 4564 1066 4611 utitur
1081 4562 1162 4610 Prona
1180 4562 1237 4609 121.

110 4644 133 4713 ²)
150 4649 189 4696 Oi.
208 4660 232 4695 v.
251 4647 378 4693 Leeumn
395 4658 417 4690 a.
435 4644 453 4690 1.
