3104 5286
811 415 874 477 112

205 621 365 680 quosnam
394 621 504 667 mores
534 620 618 680 quae
647 621 800 682 munera,
833 621 919 667 nunc
948 620 1013 666 non
1037 621 1210 681 quaeram:
1235 607 1275 667 ad
1299 607 1361 667 hoc
1380 593 1511 668 attens

132 688 137 696 ’
209 707 351 768 dandum
372 708 514 784 videtur,
536 707 659 782 hymno
678 707 723 767 IV
727 754 734 767 .
755 709 796 768 61
818 723 894 768 cum
910 708 991 769 Iuno
1011 709 1052 767 ad
1065 709 1224 768 Latonam
1237 709 1488 769 custodiendam

209 810 290 870 duos
311 809 476 885 posuisset
498 806 667 888 φρουροὺς,
689 812 779 888 γαῖαν
802 805 1034 886 inmaturam,
1052 810 1087 869 in
1106 809 1244 870 Thracia
1262 810 1369 885 patria
1393 826 1486 871 cacu-

208 926 286 971 men
308 911 427 972 Haemi
450 926 626 987 occupasse
650 911 803 988 Martem,
828 926 903 972 cum
927 914 1123 982 contraius.
1148 913 1201 981 66)

518 1010 567 1073 ini
590 1012 712 1091 νησαίων
735 1009 818 1092 ἑτέρη
841 1011 952 1085 σκοπὸς
975 1010 1118 1092 εὐρειάων

428 1105 499 1192 ἧστο
522 1112 597 1193 κόρη
623 1114 801 1192 Θαύμαντος
825 1112 970 1188 ἐπαΐξασα
995 1115 1141 1191 Μίμοντι.

207 1218 301 1293 Quid,
326 1232 461 1293 quaeso,
486 1217 623 1277 adduxit
644 1220 776 1292 poetam
795 1217 885 1277 utin
902 1217 1057 1277 Mimante
1077 1217 1289 1292 potissimum
1301 1218 1485 1279 stationem

208 1320 286 1379 Iridi
304 1319 462 1394 eligeret?
485 1319 582 1379 Dicas
604 1319 772 1379 excelsum
794 1321 1058 1394 promunturium
1081 1333 1155 1380 esse
1177 1321 1211 1379 et
1233 1319 1319 1392 quod
1342 1319 1485 1380 liberum

208 1438 265 1497 per
295 1437 385 1481 mare
414 1420 567 1495 praebeat
593 1421 794 1495 adspectum.
823 1421 885 1480 Sed
908 1421 942 1480 in
966 1420 1157 1481 doctissimo
1187 1422 1283 1496 poeta
1313 1423 1485 1496 graviores

208 1524 397 1599 plerumque
431 1537 549 1583 causae
583 1523 750 1583 accedunt.
785 1522 826 1582 Et
857 1523 1010 1597 quoniam
1042 1524 1172 1584 constat
1200 1523 1267 1583 iam
1298 1523 1485 1598 antiquitus

207 1626 246 1687 de
277 1625 372 1686 Iridis
402 1625 531 1700 propria
560 1626 678 1684 natura
706 1624 811 1685 multa
841 1639 900 1685 nec
927 1625 1060 1685 dissona
1083 1625 1231 1686 docuisse
1255 1625 1483 1702 physiologos,

207 1727 260 1787 hic
279 1741 404 1802 quoque
424 1728 494 1787 eius
513 1727 790 1802 interpretationis
808 1727 948 1802 vestigia
967 1727 1102 1787 subesse
1114 1727 1278 1802 videntur,
1300 1743 1384 1801 quae
1406 1743 1484 1788 cum

207 1829 336 1890 humido
357 1829 491 1890 nubium
513 1829 656 1889 clementa
679 1828 864 1889 arctissime
886 1828 970 1888 hanc
994 1828 1089 1889 deam
1113 1828 1338 1903 coniungebat
1353 1826 1484 1906 ,Νέφος

207 1928 258 1991 nai
280 1940 366 1992 roera
389 1929 525 2008 atquae*
549 1932 597 1991 ita
619 1931 773 1992 docuerat
795 1930 1014 2006 Xenophanes
1040 1928 1232 2007 »πορφύρεον
1255 1927 1484 2006 calpornium

207 2031 258 2093 καὶ
287 2030 400 2112 χλωρὸν
431 2030 570 2093 iliaca?
594 2027 632 2107 1);
664 2048 728 2093 non
759 2033 866 2107 magis
889 2048 1002 2093 arcum
1026 2034 1232 2107 spectaverat
1253 2048 1353 2107 quarn
1377 2035 1483 2095 nubes

208 2138 242 2196 et
269 2135 405 2196 humida
428 2135 508 2196 caeli
530 2135 677 2209 quisquis
699 2135 759 2215 ille
777 2134 840 2194 fuit
860 2168 900 2177 —
921 2150 998 2195 nam
1022 2134 1250 2209 Empedoclem
1281 2136 1384 2196 fuisse
1416 2152 1484 2198 non

207 2240 391 2298 constat-
408 2239 463 2311 qui
485 2238 533 2296 ita
556 2236 696 2297 dixerat:
724 2224 809 2313 ,Ἶρις
833 2230 861 2295 δ’
888 2234 919 2295 ἐκ
943 2235 1089 2315 πελάγους
1113 2232 1223 2313 ἄνεμον
1242 2233 1326 2314 φέρει
1345 2233 1365 2315 ἢ
1386 2236 1482 2317 μέγαν

208 2336 353 2417 ὄμβρον”.
378 2339 428 2399 Ita
450 2337 520 2399 fieri
542 2353 621 2399 sane
644 2341 766 2413 potest,
790 2340 828 2399 ut
851 2338 946 2399 Iridis
969 2354 1045 2399 cum
1067 2338 1200 2399 humido
1224 2338 1387 2400 elemento
1412 2339 1481 2401 affi-

206 2444 346 2503 nitatem
368 2440 571 2517 perspexerit
594 2438 813 2500 Callimachus
832 2442 866 2501 et
881 2441 1078 2516 probaverit,
1092 2441 1351 2515 quandoquidem
1363 2442 1481 2503 sedem

207 2545 285 2605 deae
308 2545 402 2619 parat
425 2542 457 2603 in
481 2557 519 2602 eo
543 2544 669 2617 monte,
695 2557 791 2615 quem
815 2556 880 2602 non
902 2541 1009 2602 solum
1032 2540 1234 2601 ναιναλόεντα
1257 2544 1291 2603 et
1314 2538 1482 2619 ἠνεμόεντα

207 2648 320 2721 poetae
351 2645 514 2720 dixerant,
544 2658 656 2703 verum
682 2657 779 2717 quem
803 2645 973 2718 tamquam
995 2644 1107 2703 sedem
1130 2643 1275 2703 Nubibus
1299 2645 1480 2706 delectissi·

207 2763 311 2823 mam,
342 2749 472 2823 propter
503 2760 659 2806 cacumen
690 2745 828 2820 caligine
859 2747 1061 2823 redimitum,
1091 2749 1332 2807 memoraverat
1354 2748 1481 2809 Aristo-

206 2850 330 2926 phanes
353 2864 427 2910 eum
451 2848 593 2908 Socratis
617 2863 672 2907 ore
695 2849 742 2907 ita
765 2847 874 2907 Nubes
897 2847 1067 2908 adlocutus
1089 2852 1177 2909 esset
1200 2848 1294 2919 (Nub.
1320 2850 1397 2920 273)

429 2947 468 3028 ,h
492 2951 633 3009 Μαιῶτιν
655 2947 764 3027 λίμνην
787 2943 853 3027 ἔχετ’
880 2945 899 3027 ἢ
922 2947 1067 3009 σκόπελον
1090 2949 1231 3027 νιφόεντα
1258 2948 1449 3028 Μίμαντος.”

207 3051 294 3127 Quae
327 3053 421 3112 sedes
456 3052 542 3111 haud
576 3051 714 3111 absurde
749 3051 844 3111 datur
877 3051 924 3111 illi
964 3051 1042 3112 deae
1076 3067 1159 3126 quae
1196 3052 1345 3128 ,concipit
1378 3069 1483 3128 aquas

205 3155 413 3227 alimentaque
450 3152 585 3213 nataae
623 3140 732 3227 αἶαν’
772 3152 874 3222 (Ovid.
910 3152 978 3212 Met.
1010 3153 1034 3214 Ι.
1061 3146 1190 3225 270).')
1226 3153 1304 3214 Tale
1339 3156 1418 3229 quid
1452 3157 1483 3216 si

206 3256 347 3316 iudicare
370 3255 474 3315 voluit
498 3253 729 3329 Callimachus,
762 3254 849 3314 haud
879 3255 979 3314 nimis
1007 3255 1160 3315 audacter
1184 3255 1328 3316 mutavit
1350 3258 1482 3332 mytho·

206 3359 336 3434 logiam.
360 3359 482 3419 Verum
511 3359 597 3419 enim
622 3372 700 3417 vero
724 3357 807 3431 quod
831 3356 927 3417 licere
951 3357 1091 3417 fortasse
1114 3357 1241 3417 censuit
1265 3358 1298 3417 in
1324 3358 1425 3434 Iride,
1451 3360 1483 3420 id

205 3476 384 3536 numquam
408 3461 543 3521 admisit
565 3459 599 3519 in
623 3459 664 3519 iis
688 3459 737 3519 dis
756 3459 933 3535 deabusve,
958 3460 1027 3534 qui,
1051 3461 1089 3519 ut
1108 3459 1155 3519 ita
1173 3459 1294 3535 dicam,
1316 3461 1484 3522 maiorum

205 3564 282 3622 sunt
316 3563 472 3637 gentium.
503 3560 588 3621 Deos
620 3559 709 3620 cultu
740 3560 879 3621 solemni
914 3576 933 3621 a
968 3560 1121 3622 Graeciae
1156 3562 1281 3622 civibus
1311 3563 1486 3626 invocatos

207 3666 394 3724 constanter
418 3665 531 3724 contra
553 3660 763 3737 physicorum
786 3662 1069 3737 philosophemata
1092 3662 1244 3724 defendit.

248 3868 313 3927 Vix
352 3882 486 3928 necesse
517 3868 582 3942 est,
614 3868 652 3926 ut
678 3868 754 3942 post
783 3865 863 3927 haec
891 3867 1001 3927 omnia
1028 3868 1273 3929 accuratissime
1308 3886 1485 3950 quaeram,

204 3984 284 4030 num
320 3969 525 4042 aliquatenus
558 3971 655 4043 poeta
684 3969 725 4028 iis
756 3968 957 4044 philosophis
984 3969 1191 4030 historicisve
1213 3971 1418 4047 suffragatus
1442 3977 1488 4036 sit

214 4121 425 4128 κωμῳ-

239 4201 258 4265 ¹)
279 4203 318 4250 of.
335 4203 419 4250 schol.
437 4202 470 4249 ad
487 4203 561 4249 Hom.
579 4206 609 4249 A.
629 4203 668 4249 il.

236 4277 255 4337 ἰ
275 4282 396 4329 Multauh.
408 4281 502 4345 [ιαμ.
519 4280 580 4343 phil.
597 4298 635 4342 pr.
654 4282 674 4327 1.
695 4283 725 4329 80

235 4357 257 4425 ³)
275 4362 313 4409 (ii.
330 4362 460 4409 ciceronis
476 4360 553 4407 verba
570 4356 610 4422 (de
627 4364 677 4407 nai.
694 4359 758 4408 deor.
774 4362 939 4424 hianti),
957 4364 1001 4422 qui
1020 4377 1078 4412 oum
1095 4364 1208 4412 nubibus
1223 4379 1310 4413 arcum
1326 4380 1487 4428 componens

202 4441 238 4487 ita
262 4441 379 4488 disserit:
404 4439 446 4497 „ab
469 4455 519 4487 eam
542 4455 650 4501 causam,
676 4440 732 4503 qaia
756 4441 854 4504 specim
877 4441 946 4490 habet
961 4443 1138 4503 admirabilem,
1161 4443 1308 4492 Thaumante
1323 4445 1419 4496 dc'an'tur
1435 4449 1489 4496 Iris

201 4535 251 4566 me
276 4523 346 4577 ποίας
369 4519 437 4567 cuius
461 4520 484 4566 si
506 4518 590 4567 divina
611 4522 703 4567 natura
725 4524 774 4578 est,
798 4520 858 4584 quid
878 4521 1088 4582 facies'nubt'buai
1107 4524 1186 4571 Arcus
1202 4524 1263 4572 eain
1281 4524 1333 4587 ipse
1349 4542 1363 4574 e
1382 4528 1488 4577 nutam

201 4598 323 4663 efficitur,
340 4597 440 4661 quodam
458 4597 525 4646 modo
543 4597 666 4646 coloratis.
