3068 5288
821 470 863 530 60

200 664 239 709 ac
260 654 376 712 sancta
397 651 460 714 fide
483 654 617 716 deorum
641 659 802 733 movetur,
827 672 970 731 unquam
994 670 1109 716 vocem
1133 655 1252 728 reddit;
1277 655 1428 729 hymnus
1448 655 1479 714 in

201 749 318 811 Delum
352 754 564 830 magnifieum
598 757 705 833 prodit
739 761 883 834 poetam,
915 772 981 818 non
1007 759 1129 818 vatem.
1162 757 1323 816 Attamen
1355 755 1477 816 cultum

202 850 383 930 Deliacum,
415 857 487 918 sive
517 859 684 934 religionis
712 874 789 920 cura
817 862 941 934 motus,
966 859 1037 918 sive
1060 858 1258 919 Graecarum
1283 858 1409 918 artium
1431 857 1477 918 lit·

201 954 410 1031 terarumque
434 974 546 1036 eausa,
572 963 690 1022 acriter
713 961 866 1022 defendit.

247 1055 348 1118 Solito
380 1061 464 1135 apud
495 1063 638 1124 eruditos
664 1078 755 1124 more
786 1064 832 1123 ita
863 1077 933 1122 rem
957 1077 1053 1122 suam
1076 1062 1157 1138 agit,
1182 1065 1220 1122 ut
1242 1061 1323 1121 Delo
1348 1065 1477 1122 sanctos

202 1157 397 1232 antiquitate
417 1162 525 1223 cultus
542 1167 684 1240 arroget,
702 1165 774 1224 iura
785 1165 945 1238 quaedam
966 1165 1064 1238 atque
1083 1164 1217 1224 iuventa
1234 1162 1365 1224 insulae
1377 1162 1476 1236 adsig-

201 1264 271 1337 net,
315 1262 559 1339 multorumque
600 1281 769 1327 sacrorum
812 1267 953 1341 origines
987 1281 1030 1326 ex
1063 1265 1224 1341 Apollinis
1259 1264 1339 1324 sede
1374 1266 1475 1339 petat,

202 1363 340 1437 denique
371 1368 531 1438 quantum
557 1369 667 1443 potest
689 1369 778 1443 ipsas
800 1382 927 1441 quoque
949 1367 1109 1442 Apollinis
1133 1367 1281 1427 virosae
1303 1364 1477 1425 facultates

202 1480 278 1525 eum
312 1480 405 1526 sacra
440 1468 547 1529 insula
581 1471 689 1544 magis
722 1485 822 1544 quam
865 1485 941 1530 eum
975 1468 1122 1546 Delphis,
1158 1468 1243 1542 quod
1278 1467 1478 1542 antiquiores

203 1565 349 1627 fecerant
368 1567 512 1644 theologi
535 1571 569 1630 et
590 1572 719 1647 poetae,
745 1571 930 1645 coniungat.

249 1667 461 1744 Oppuguasse
480 1675 610 1745 poetam
634 1672 881 1732 sanctissimam
903 1672 1100 1747 Delphorum
1119 1671 1246 1746 eedem,
1273 1673 1307 1732 et
1331 1671 1478 1732 consulto

204 1769 405 1831 obtrectasse
438 1772 584 1849 Delphici
617 1773 733 1849 templi
767 1773 931 1848 dignitati,
964 1773 997 1833 id
1027 1773 1158 1847 quidem
1189 1771 1387 1833 contendere
1416 1787 1479 1833 nou

205 1871 353 1932 audeam.
374 1873 472 1949 Nam,
499 1877 536 1934 ut
555 1889 657 1935 unum
676 1874 813 1935 afferam
836 1875 1039 1950 exemplum,
1061 1873 1198 1935 Paeonis
1218 1870 1376 1950 ἐπίκλησιν
1405 1888 1478 1934 oum

205 1973 322 2033 ceteris
344 1974 496 2036 omnibus
515 1976 701 2037 auctoribus
723 1975 857 2052 Delphis
877 1977 996 2052 repetit
1017 1977 1112 2050 idque
1140 1975 1285 2036 ostendit
1307 1975 1340 2035 iu
1365 1975 1480 2050 hymni

205 2074 339 2135 secundi
368 2077 460 2137 exitu
490 2093 565 2138 cum
596 2078 734 2138 minime
763 2081 834 2140 erat
862 2078 1047 2140 necessaria
1076 2077 1274 2152 Delphorum
1298 2077 1426 2137 mentio
1448 2067 1478 2146 ¹).

205 2176 256 2236 Ita
289 2192 415 2252 quoque
450 2179 610 2254 tripodem
644 2180 836 2257 Delphicum
877 2180 982 2242 semel
1016 2181 1112 2254 atque
1145 2179 1266 2239 iterum
1302 2176 1480 2239 honorifice

205 2282 369 2340 memorat
390 2274 422 2350 ²).
451 2282 496 2342 At
519 2296 616 2358 saepe
645 2297 795 2344 summos
825 2283 964 2344 honores
995 2281 1149 2356 Delphico
1174 2279 1305 2341 oraculo
1329 2280 1478 2354 denegat.

206 2381 276 2441 lam
301 2381 443 2442 vidimus
466 2383 597 2444 silentio
621 2399 697 2444 eum
720 2387 924 2459 prementem
944 2383 1074 2445 oracula
1094 2383 1191 2442 Batto
1215 2380 1294 2442 data
1313 2397 1390 2442 cum
1411 2396 1479 2442 oon·

206 2482 333 2543 diturus
364 2486 453 2545 esset
483 2484 627 2560 Cyrenas
648 2480 680 2558 ⁸).
709 2486 784 2547 Alia
806 2486 945 2563 quoque,
971 2501 1053 2560 quae
1077 2484 1194 2560 Pythio
1217 2483 1343 2559 templo
1373 2483 1480 2543 deberi

205 2583 349 2660 plerique
380 2587 570 2664 censebant,
598 2591 656 2649 aut
678 2589 822 2663 neglegit
843 2591 954 2649 noster
977 2589 1034 2648 aut
1053 2587 1100 2646 ita
1118 2586 1246 2660 poetica
1263 2584 1402 2645 licentia
1423 2584 1479 2643 im·

205 2687 329 2764 mutat,
355 2690 392 2748 ut
414 2688 653 2763 quodammodo
677 2690 900 2750 diminuantur
922 2689 1035 2750 laudes
1058 2687 1266 2762 Delphorum.

247 2788 409 2850 Docuerat
451 2791 585 2865 antiqua
623 2792 800 2868 theologia,
842 2806 940 2866 quam
975 2789 1141 2867 professus
1176 2791 1248 2849 erat
1281 2787 1481 2863 Aeschylus,

203 2889 369 2951 divinandi
401 2892 469 2952 vim
492 2907 556 2966 qua
579 2892 733 2968 Pythiam
756 2893 796 2953 ed
819 2891 1064 2953 vaticinandum
1088 2889 1236 2965 impellat
1258 2888 1394 2964 Apollo,
1420 2904 1482 2949 non

203 2993 317 3052 statim
350 2994 390 3053 ab
420 2994 512 3056 initio
537 2995 633 3055 huius
656 2993 708 3056 dei
731 2995 833 3055 fuisse
857 2995 981 3070 dotem,
1005 2994 1063 3054 sod
1086 2995 1158 3053 tum
1181 2991 1316 3056 demum
1340 3005 1362 3050 a
1387 2990 1484 3051 Patre

204 3095 339 3155 deorum
370 3095 637 3158 administratum
667 3112 740 3159 esse
770 3098 913 3174 Phoebo,
945 3112 1021 3157 cum
1044 3096 1186 3172 primum
1200 3094 1239 3153 'ie
1262 3093 1409 3169 Delphos
1431 3109 1483 3154 ve

205 3197 319 3257 nisset.
343 3196 490 3273 Delphici
512 3199 626 3274 templi
648 3196 851 3277 πρωιόμανιις
875 3198 982 3259 iuerat
1005 3197 1105 3273 Gaea,
1131 3212 1150 3256 a
1172 3210 1237 3270 qua
1259 3197 1432 3270 receptum
1451 3192 1483 3254 e

204 3302 344 3375 μαντεῖον
366 3299 500 3361 Themis
523 3300 657 3360 tradidit
680 3298 828 3360 Phoebae
847 3292 889 3373 ⁴);
913 3300 986 3358 tum
1006 3299 1180 3374 postquam
1200 3292 1296 3355 λιπὼν
1320 3290 1354 3354 δὲ
1374 3295 1484 3372 λίμνην

206 3399 322 3476 Δηλίαν
344 3421 373 3460 τε
396 3401 520 3480 χοιράδα
542 3402 683 3478 Delphos
706 3401 839 3462 advenit
861 3400 1024 3477 Phoebus,

428 3500 530 3582 τέχνης
554 3501 587 3564 δέ
609 3526 659 3563 νιν
683 3501 759 3576 Ζεὺς
782 3501 891 3564 ἔνθεον
913 3502 1014 3575 κτίσας
1037 3497 1134 3582 φρένα

428 3603 481 3678 ita
502 3601 640 3685 τέταρτον
662 3603 748 3666 τόνδε
770 3605 877 3684 μάντιν
900 3602 932 3666 ἐν
956 3602 1090 3685 θρόνοις.
1111 3597 1134 3675 ⁵)

130 3888 139 3905 .
240 3847 257 3911 ¹)
274 3852 367 3912 Hymu.
390 3851 417 3900 ia
433 3851 516 3915 Apoll.
532 3866 570 3900 vs.
589 3853 712 3900 DD-loi.
731 3853 764 3900 oi.
782 3853 815 3901 de
836 3852 885 3900 hee
908 3852 997 3913 hymni
1019 3850 1127 3899 eeonudi
1147 3851 1222 3910 perte
1239 3850 1356 3897 extreme
1374 3849 1443 3898 Sua.
1461 3849 1481 3897 1.

205 3946 230 3992 p.
248 3933 305 3980 me.
323 3931 421 3980 Nomen
439 3935 525 3980 eutem
547 3932 667 3980 draconis
687 3933 712 3980 ei
734 3933 825 3993 opluor
845 3944 923 3981 cauea
939 3931 1076 3979 ridebatur
1093 3930 1186 3977 mutati
1203 3929 1315 3977 nominis
1331 3929 1404 3989 quod
1421 3928 1479 3977 olim

205 4013 291 4060 fueret
312 4010 371 4060 urbi
395 4010 487 4069 Pytho.
507 4012 580 4059 Hauc
601 4012 681 4072 igitur
704 4012 885 4072 etymologiam
903 4011 1041 4071 antiquiori
1060 4008 1206 4071 (annotet
1223 4016 1264 4056 vor
1280 4009 1379 4056 nteav”
1397 4009 1481 4068 hymn.

205 4092 273 4139 hom.
292 4091 318 4138 ia
335 4090 417 4153 Apoll.
434 4105 473 4139 vu.
490 4091 548 4149 368)
565 4091 695 4152 opposuit.

238 4166 259 4236 ¹)
284 4172 377 4229 Hymu.
402 4171 429 4217 iu
454 4168 510 4218 Del.
532 4184 569 4218 vs.
593 4171 792 4229 ΜΡΝ-185.
815 4171 900 4218 Heron
918 4170 1062 4230 Delphum,
1086 4168 1160 4216 urbis
1184 4167 1344 4215 conditorem
1362 4180 1395 4214 ex
1412 4166 1476 4226 liep-

204 4254 267 4299 tuuo
285 4253 374 4298 uatum
391 4250 467 4297 docet
482 4249 513 4298 ir.
531 4247 586 4311 w,
603 4249 662 4298 vide
680 4263 758 4311 supra
775 4263 835 4310 pag.
855 4251 895 4297 46.

240 4326 261 4394 ³)
279 4331 363 4391 Supra
378 4342 437 4390 pag.
456 4330 495 4376 4⁰.

238 4407 260 4473 ⁴)
277 4409 405 4468 Quidnam
427 4410 454 4457 lu
477 4409 526 4456 beo
549 4409 709 4470 Delphorum
730 4409 908 4469 antiquissime
924 4409 1033 4457 historie
1049 4407 1198 4467 probaverit
1215 4405 1398 4465 Oellimaohue,
1417 4401 1476 4463 quid

204 4489 335 4550 reiecerlt,
360 4502 392 4536 ex
417 4488 568 4546 fragmentis
589 4501 640 4535 uou
665 4489 753 4548 liquet
771 4489 861 4549 Neque
883 4488 1017 4537 Themidis
1036 4500 1141 4546 nomeu,
1165 4498 1249 4544 neque
1273 4484 1393 4533 Phoebes
1410 4480 1473 4543 apud

205 4572 308 4630 poetam
325 4568 444 4616 occurrit
464 4567 514 4616 Sed
532 4565 656 4615 recedunt
674 4569 728 4615 iere
744 4567 771 4614 iu
789 4569 844 4616 eius
861 4567 992 4626 theologia
1009 4565 1181 4626 antiquissimi
1201 4564 1305 4624 generis
1323 4565 1432 4611 numine.

240 4643 262 4709 ⁵)
284 4646 376 4696 Aeech.
394 4644 520 4695 Eumenia.
539 4659 576 4694 re.
596 4648 677 4694 1-1e
