3090 5294
837 435 877 494 aa
1304 434 1329 493 1.
1354 395 1485 494 aa-ae
1540 469 1541 487 .

217 621 425 682 saltationem
445 620 553 699 πρήλιν
580 636 655 681 cum
678 621 756 681 dicit
778 637 893 683 vocem
916 638 995 683 sane
1015 623 1156 683 Homero
1175 622 1374 696 incognitam
1398 621 1485 683 adhi-

217 722 287 798 bet;
322 738 397 784 cum
432 737 508 783 vero
542 738 583 782 ex
613 723 683 797 ipsa
713 723 892 786 Aristarchi
914 724 1119 785 adnotatione
1143 724 1184 784 ad
1208 725 1252 782 M.
1278 724 1337 798 77;
1363 725 1401 781 Λ.
1427 725 1487 797 49;

219 825 256 884 Ε.
279 825 342 884 744
361 824 484 897 liqueat
502 823 540 883 de
561 824 593 882 vi
608 824 752 885 vocabuli
772 823 886 903 πρυλής
906 825 1100 886 dissensisse
1124 824 1361 885 Alexandrinos
1378 823 1489 884 Gram-

217 926 365 1001 maticos,
390 925 562 986 credidisse
587 925 831 1003 Callimachum,
851 928 935 1002 apud
957 927 1126 988 cretenses
1146 941 1184 986 eo
1203 926 1334 987 nomine
1354 914 1489 986 indicari

217 1022 346 1103 ὁπλίτας,
371 1026 454 1099 quod
477 1027 562 1088 idem
587 1029 680 1102 putat
703 1029 801 1089 schol.
824 1029 860 1089 V.
885 1030 926 1090 ad
950 1030 997 1090 M.
1022 1030 1072 1103 77,
1093 1027 1178 1088 haud
1198 1028 1281 1087 levis
1309 1029 1360 1087 est
1387 1027 1487 1101 suspi-

217 1127 265 1188 cio
284 1120 314 1198 ¹).
335 1127 419 1188 Tum
442 1129 520 1189 illud
544 1129 713 1202 quodiam
734 1130 904 1203 attigimus
926 1129 1027 1208 τεύχεα
1047 1127 1244 1207 πεπλήγονιες
1264 1129 1367 1204 docet,
1389 1143 1489 1202 quam

216 1229 309 1290 facile
332 1232 436 1306 poeta,
460 1230 525 1292 levi
548 1231 776 1292 immutatione
796 1231 904 1292 locum
923 1231 1134 1292 Homericum
1154 1231 1296 1306 secutus,
1317 1230 1491 1291 inducatur

216 1332 254 1391 ut
284 1332 398 1391 statim
432 1332 472 1393 ad
499 1332 598 1393 aliam
622 1333 768 1393 eiusdem
792 1334 854 1394 loci
876 1335 1142 1395 immutationem
1174 1333 1330 1393 transeat.
1354 1332 1491 1393 Dixerat

216 1432 378 1495 Homerus
408 1430 452 1511 (P.
479 1435 552 1504 756)
588 1424 697 1510 ,οὖλον
725 1433 952 1514 κεκλήγοντες”;
985 1450 1138 1496 sonorum
1170 1433 1383 1494 similitudine
1414 1433 1491 1495 inci·

216 1534 304 1593 tatur
325 1534 542 1596 Callimachus
560 1537 598 1596 ut
617 1537 657 1597 ad
677 1551 828 1599 normam
847 1538 1003 1599 homerici
1018 1535 1218 1616 κεκλήγοντες,
1229 1536 1314 1596 nunc
1326 1534 1491 1614 πεπλήγον-

215 1655 261 1705 ιες
283 1636 413 1697 scribat.
438 1637 505 1713 Quo
535 1640 668 1713 apparet
690 1639 757 1699 iam
780 1640 866 1701 idem
891 1641 930 1702 de
953 1641 994 1701 iis
1017 1639 1132 1701 formis
1155 1639 1316 1699 iudicasse
1342 1634 1490 1712 Callima-

215 1737 324 1814 chum,
359 1738 443 1811 quod
477 1741 551 1814 post
581 1755 657 1799 eum
687 1740 837 1815 opinatus
868 1743 919 1803 est
950 1742 1169 1817 Aristarchus,
1199 1739 1254 1813 qui
1289 1738 1329 1798 ad
1354 1739 1400 1795 M.
1427 1739 1491 1799 125

219 1836 435 1917 ,κεκλήγοντες
467 1836 506 1911 ὡς
529 1836 696 1920 ἀρήγοντες·
720 1839 835 1922 οὐγὰρ
860 1841 892 1903 τὸ
919 1841 1090 1923 κεκλήγότες
1118 1839 1274 1901 ἐπλεόνασε
1297 1849 1337 1923 τῷ
1361 1838 1391 1916 ν,
1419 1835 1493 1900 οὐδὲ

216 1938 298 2020 παρὰ
326 1938 359 2000 τὸ
393 1937 480 2018 ,ὀξέα
507 1940 675 2022 κεκληγὼς”
700 1939 815 2022 ἐκλίθη,
837 1941 911 2004 ἀλλὰ
933 1941 1015 2023 παρὰ
1037 1941 1070 2004 τὸ
1093 1939 1219 2022 κέπλήγα
1243 1937 1363 2021 γέγονεν
1390 1936 1406 1999 ὁ
1430 1937 1492 2000 ἕνε-

215 2040 289 2114 στὼς
319 2041 460 2123 κεκλήγω,
490 2040 529 2116 ὡς
563 2041 645 2123 παρὰ
679 2042 711 2104 τὸ
745 2041 847 2125 ἄνωγα
871 2044 987 2126 ἀνώγω,
1013 2042 1148 2125 πέπληγον
1171 2040 1321 2123 πεπλήγω,
1343 2040 1436 2102 ἔνθεν
1460 2041 1492 2103 τὸ

220 2141 403 2224 ,ἐπέπληγον
436 2143 526 2217 πόδες
561 2144 689 2206 ἴππων.”
726 2147 846 2217 (Ludw.
877 2149 902 2209 1.
936 2149 1021 2219 340).
1047 2147 1233 2207 -Eodem
1268 2144 1351 2206 redit
1385 2145 1494 2205 forma

220 2249 391 2321 veronense
414 2248 473 2308 III.
499 2250 538 2309 61
565 2249 599 2308 et
621 2249 834 2323 imperativus
857 2245 953 2329 ἄνωγε
976 2250 1014 2311 ir.
1040 2250 1115 2310 440.

261 2348 306 2408 At
336 2364 377 2409 ne
403 2364 489 2410 nunc
521 2350 651 2423 quidem
674 2365 789 2411 versus
812 2351 884 2412 illos
907 2352 1088 2413 homericos
1111 2353 1141 2412 P.
1176 2351 1239 2410 756
1263 2364 1332 2422 sqq.
1357 2348 1493 2409 mittere

218 2465 403 2525 possumus.
429 2450 563 2512 Curetes
586 2452 672 2512 enim
696 2453 751 2525 qui
775 2453 808 2512 in
828 2452 976 2514 saltando
995 2452 1177 2528 pyrrhichio
1201 2451 1364 2527 clipeos
1385 2451 1493 2512 hastis

219 2553 403 2628 percutiunt
421 2553 571 2614 dicuntur
588 2551 726 2631 τεύχεα
748 2551 884 2630 πλήκκειν
905 2554 989 2628 quod
1009 2569 1085 2615 cum
1105 2553 1201 2613 solito
1225 2567 1287 2613 usu
1307 2551 1378 2611 eius
1400 2566 1491 2613 voca·

217 2654 284 2714 buli
314 2654 347 2714 in
377 2654 550 2716 homericis
580 2669 643 2714 non
678 2655 924 2716 accuratissime
955 2655 1115 2730 convenit,
1149 2653 1303 2727 quoniam
1326 2653 1493 2714 Homerus

216 2754 317 2833 τεύχεα
351 2755 434 2816 solet
464 2754 625 2831 appellare
656 2755 726 2816 sive
749 2757 853 2817 totam
879 2757 1015 2817 heroum
1035 2756 1236 2817 armaturam
1261 2755 1330 2815 sive
1354 2769 1394 2815 ea
1423 2757 1492 2815 tan·

217 2859 288 2918 turn
331 2872 423 2918 arma
461 2873 544 2930 quae
574 2857 760 2918 induuntur.
794 2857 892 2919 Cuius
922 2859 969 2919 rei
1000 2858 1150 2933 exempla
1184 2856 1359 2932 abundant,
1392 2858 1492 2917 notis·

217 2960 303 3020 sima
343 2960 453 3019 autem
489 2959 555 3019 fere
588 2959 667 3018 sunt
700 2955 789 3036 ἀρήια
826 2960 927 3039 τεύχεα
965 2960 1056 3020 δῦναι
1093 2959 1258 3019 καταδῦναι
1294 2954 1415 3037 φορέειν
1450 2959 1491 3019 de

216 3061 317 3122 armis
336 3061 452 3134 quihus
471 3061 648 3121 induuntur
671 3060 857 3135 bellatores;
884 3063 996 3123 contra
1018 3060 1119 3141 τεύχεα
1139 3057 1315 3139 ἀμείβεσθαι
1339 3062 1384 3130 (Ζ.
1407 3061 1492 3134 230;

217 3159 249 3227 Ξ.
275 3161 349 3231 381)
381 3164 414 3222 et
440 3162 479 3223 de
509 3161 609 3222 Rhesi
631 3163 798 3222 armatura
829 3164 865 3221 K.
896 3164 959 3223 439
996 3163 1114 3242 ,τεύχεα
1138 3157 1170 3221 δὲ
1193 3161 1313 3240 χρύσειοι
1337 3160 1491 3240 πελώριο”

218 3265 256 3325 de
288 3265 445 3340 panoplia.
476 3263 521 3324 Εο
554 3279 629 3324 vero
660 3264 729 3324 loco
764 3279 861 3337 quern
893 3265 1051 3339 proximis
1074 3265 1222 3325 versibus
1245 3263 1396 3323 imitatus
1425 3265 1496 3325 erat

210 3357 337 3442 hester,
362 3368 392 3426 P.
420 3366 492 3442 760,
517 3366 632 3427 statim
654 3368 727 3440 post
751 3381 884 3427 versum
907 3381 1005 3442 quern
1028 3366 1243 3428 indicavimus
1266 3364 1384 3438 legitur

394 3465 488 3526 πολλὰ
511 3462 544 3526 δέ
566 3467 667 3545 τεύχεα
690 3464 765 3526 πολλὰ
787 3463 880 3527 πέσον
903 3467 972 3546 περί
993 3460 1014 3526 ε’
1040 3464 1120 3545 ἀμφί
1141 3488 1170 3526 τε
1194 3466 1310 3547 τάφρον

396 3567 569 3649 φευγόντων
594 3557 735 3644 Δανολων,

217 3671 300 3745 quod
324 3686 427 3744 neque
458 3671 497 3731 de
528 3670 676 3746 panoplia
706 3671 806 3746 accipi
838 3673 946 3746 potest
969 3686 1072 3745 nsque
1096 3671 1135 3731 de
1158 3670 1266 3732 loricis
1290 3671 1324 3730 et
1346 3671 1494 3731 tantum·

218 3773 313 3834 medo
348 3788 386 3832 ea
417 3787 510 3832 arma
544 3772 665 3833 indicat
694 3787 776 3846 quae
806 3772 979 3833 bellatores
1010 3773 1171 3847 fugientes
1194 3773 1331 3847 possunt
1354 3772 1494 3850 abicere,

218 3875 332 3935 hastas
354 3875 493 3935 fortasse
515 3873 701 3947 gladiosque
725 3875 821 3947 atque
845 3874 965 3950 clipeos
983 3868 1017 3951 ²).
1042 3875 1088 3935 De
1112 3874 1222 3949 clipeis
1242 3873 1391 3948 inprimis
1413 3876 1494 3936 acci·

218 3976 349 4052 piabant
383 3975 595 4037 Grammaticl
625 3974 851 4050 Alexandrini;
884 3975 984 4036 schol.
1008 3975 1096 4036 enim
1119 3978 1158 4036 A.
1191 3971 1412 4053 ,πεφεισμένως
1437 3976 1496 4037 οὐκ

218 4071 298 4138 εἶπεν
319 4075 363 4137 ὅτι
382 4076 414 4136 ολ
421 4073 564 4155 Ἕλληνες
576 4073 726 4154 ἀπέβαλον
746 4074 782 4135 τὰ
794 4074 869 4136 ὅπλα
882 4075 932 4135 ἴνα
945 4075 985 4154 μή
1004 4074 1261 4156 ῥιψάσπιδες
1284 4074 1382 4161 εἴπή.”
1400 4076 1497 4140 Hanc

220 4179 407 4242 Callimachi
431 4195 556 4254 quoque
580 4179 764 4254 opinionem
780 4178 892 4256 fuisse,
916 4179 1065 4253 equidem
1084 4194 1149 4239 non
1168 4194 1224 4254 pro
1244 4179 1332 4240 certo
1352 4177 1495 4241 affirma·

253 4384 272 4450 ¹)
292 4389 326 4436 dr
340 4389 388 4435 111.
406 4389 462 4436 iso.
476 4413 509 4423 -
523 4387 596 4435 Idem
614 4389 669 4436 fers
687 4390 775 4435 monet
792 4388 824 4435 de
841 4388 895 4434 Ian.
911 4401 937 4447 p.
956 4384 996 4434 28.
1015 4388 1063 4434 (ini
1079 4389 1165 4434 umen
1183 4400 1233 4435 non
1250 4387 1362 4434 concedo
1373 4387 1496 4437 Osllims·

219 4469 295 4515 chum
323 4464 401 4532 (quod
420 4472 510 4528 pestes
526 4468 677 4515 Eustathins
695 4471 773 4527 atque
791 4467 936 4527 Hesychius
951 4462 1077 4529 focerunt)
1096 4467 1190 4531 πρυλέες
1207 4480 1222 4513 s
1239 4467 1395 4513 nominativo
1413 4472 1498 4532 πρύλις

220 4549 330 4595 duxisse.
349 4548 462 4606 Utroque
483 4532 551 4593 enim
568 4546 624 4594 loeo
642 4551 722 4609 πρύλις
739 4548 912 4601 saltationem,
930 4561 979 4594 non
997 4548 1068 4607 ipsos
1085 4545 1229 4607 saltatores,
1247 4546 1350 4593 indicat.

254 4622 275 4690 λ)
294 4626 469 4674 Conferendns
486 4639 589 4686 qnoque
606 4625 627 4680 ξ.
645 4627 693 4674 474
711 4627 756 4673 dud
774 4629 867 4686 πιύχιοι
885 4635 1021 4686 usurpem.
1101 4617 1105 4622 ’
