3068 5294
53 464 101 525 II.
131 465 267 524 85-86
496 472 497 475 ’
678 468 741 527 215

57 653 196 715 codices
214 656 301 715 recte
320 653 439 714 habent
459 649 603 724 (σακέεσσι
619 649 805 732 περιτρέφετο
818 653 1018 731 κρύσταλλος).
1032 654 1220 731 amplificat
1232 657 1342 717 noster

58 755 245 828 imaginem
268 756 376 832 verbo,
408 771 485 816 uam
509 756 581 815 tum
603 754 864 834 περιβόσκεται
895 751 1035 835 ἄνθρακα
1060 753 1163 835 τέφρη,
1186 771 1260 817 cum
1284 757 1341 817 mi·

58 858 192 918 παοιισο
213 857 318 933 issem
342 858 411 932 ipse
434 856 517 918 cinis
541 858 691 931 augetur.

109 1060 167 1121 VS.
205 1062 257 1123 85.
314 1049 384 1139 ἧδ’
411 1057 499 1138 έχάρη
523 1056 596 1139 μέγα
623 1060 746 1139 Φοῖβος,
770 1058 815 1120 ὅτε
839 1061 980 1138 ζωστήρες
1000 1054 1150 1133 Ἐνυοῦς»

313 1157 414 1240 ἀνέρες
438 1156 609 1239 ὠρχήσαντο
633 1158 704 1238 μετδι
727 1161 857 1245 ξανθήσι
880 1161 1058 1240 Λιβύσσαις,

311 1260 430 1335 τέθμιαι
453 1253 517 1322 εὖτέ
540 1278 612 1339 σφιν
637 1262 820 1340 Καρνειάδες
844 1260 963 1341 ήλυθον
991 1255 1073 1343 ὧραι.

312 1365 342 1426 οἳ
364 1359 392 1425 δ’
418 1361 503 1424 οὔπω
526 1373 639 1448 πήγήσι
663 1363 768 1442 Κάρης
792 1362 937 1426 ἐδύναντο
961 1365 1105 1426 πελάσσαι

313 1462 449 1546 Δωριέες,
471 1464 602 1543 πυκινήν
626 1461 659 1526 δέ
683 1466 793 1538 νάπαις
810 1464 920 1538 ”satha
944 1465 1053 1528 ἔναιον.
1205 1455 1208 1461 ’

311 1568 380 1641 τοὺς
403 1563 457 1645 μέν
480 1564 555 1641 άναξ
579 1567 642 1628 ἴδεν
665 1566 767 1646 αὐτὸς,
789 1565 823 1653 δή
847 1563 875 1628 δ’
903 1567 1068 1642 ἐπεδείξατο
1092 1568 1199 1653 νύμφῃ

312 1667 381 1742 στδις
405 1667 452 1730 έπδ
476 1669 661 1748 Μνρτούσής
685 1669 856 1749 αεραάδεος·
881 1661 928 1750 ήχι
952 1668 1055 1733 λέοντα

316 1768 413 1850 Punic
436 1768 598 1847 κατέπεφνε
622 1772 702 1849 βοῶν
726 1771 805 1831 σίνιν
830 1771 1032 1852 Εὐρυπύλοιο.

314 1872 350 1934 οὐ
373 1872 474 1933 κείνου
497 1870 586 1951 χορὸν
609 1865 668 1933 εἶδε
692 1871 840 1951 θεάτερον
867 1871 956 1934 άλλον
980 1873 1137 1951 Ἀπόλλων,

314 1970 385 2036 odit
408 1974 491 2035 πόλει
514 1973 574 2035 τόσ’
599 1971 713 2052 ἔνειμεν
736 1970 891 2053 ὀφέλσιμα,
913 1974 1002 2036 τόσσα
1026 1975 1164 2059 Κυρήνῃ,

201 2078 243 2138 95
312 2075 483 2154 μνωόμενος
506 2072 649 2156 προτέρης
673 2072 850 2154 άρπαιιτάος·
874 2071 945 2137 οὐδὲ
969 2072 1023 2154 μὲν
1047 2074 1133 2137 αὐτοὶ

313 2177 471 2238 Βαττιάδαι
497 2176 622 2256 Φοίβοιο
649 2174 738 2237 πλέον
762 2176 837 2238 θεὸν
861 2174 951 2238 ἄλλον
974 2175 1081 2238 ἔτισαν.

109 2280 153 2341 Hi
177 2295 303 2358 versus,
324 2281 440 2355 quihus
462 2280 614 2354 antiquas
632 2294 671 2341 ac
691 2296 766 2341 vere
786 2281 919 2342 Doricae
939 2281 1079 2355 origines
1099 2280 1207 2340 cultus
1229 2277 1343 2340 carnei

66 2382 201 2457 exponit
237 2385 342 2459 poeta,
379 2384 416 2442 ut
449 2381 614 2443 abundant
648 2382 839 2443 eruditionis
872 2383 1045 2444 historicae
1076 2379 1273 2442 testimoniis
1297 2378 1344 2438 ita

65 2499 182 2559 parum
214 2485 293 2545 eunt
315 2483 495 2559 locupletes
515 2484 543 2543 si
567 2484 741 2546 dictionem
769 2485 896 2560 epicam
918 2487 1116 2560 spectamus.
1141 2482 1208 2543 Nec
1232 2483 1344 2541 tamen

65 2571 199 2662 prorsus
219 2587 337 2648 desunt
356 2601 438 2661 quae
458 2587 573 2646 notatu
594 2587 690 2660 digna
702 2587 881 2648 videantur.
895 2587 935 2647 ut
947 2586 1062 2647 statim
1075 2582 1247 2645 dicendum
1261 2581 1342 2641 mihi

66 2690 117 2749 est
134 2689 248 2748 contra
268 2687 508 2763 Schneiderum,
528 2689 583 2762 qui
604 2689 725 2764 optimo
745 2690 876 2763 quidem
897 2690 965 2750 lure
986 2687 1134 2750 lleinekii
1148 2684 1342 2747 emendatio·

65 2805 142 2851 nem
163 2788 324 2868 δρηστῆρες
338 2783 468 2860 Ἐνυοῦς
480 2793 540 2860 (vs.
554 2789 607 2861 85)
628 2790 730 2867 reicit,
751 2790 808 2851 sed
823 2790 990 2865 vulgatam
1011 2790 1185 2851 lectionem
1205 2787 1342 2861 ζωστῆ-

65 2911 128 2968 ρες
151 2890 199 2951 ita
221 2891 342 2966 tuetur,
366 2892 403 2951 ut
428 2891 514 2952 viros
545 2887 673 2970 (ἀνέρας)
699 2892 751 2953 hic
775 2907 795 2953 a
817 2894 912 2968 poeta
936 2893 1094 2971 ζωστῆρας,
1121 2887 1257 2964 cippum,
1282 2885 1343 2947 dici

66 2992 239 3052 contendat
261 2993 375 3054 eadem
398 2992 523 3054 ratione
546 3008 610 3068 qua
633 3008 730 3069 saepe
754 2991 830 3054 ὅπλα
854 2991 942 3072 αἰχμὴ
964 2994 1043 3054 talia
1066 3006 1130 3053 non
1152 2991 1224 3065 ipsa
1246 3002 1339 3049 arma

66 3093 249 3168 significent
283 3095 340 3156 sed
374 3095 461 3155 viros
496 3095 550 3168 qui
583 3095 624 3155 iis
656 3095 757 3155 armis
795 3096 861 3155 sint
896 3095 1056 3157 instructi.
1091 3092 1132 3153 Et
1167 3093 1227 3152 hoc
1259 3104 1338 3151 sane

66 3210 162 3270 saepe
197 3210 259 3256 usu
293 3196 410 3271 venire,
449 3196 516 3256 viro
550 3196 739 3257 doctissimo
774 3197 927 3258 concedet
962 3197 1079 3275 quivis,
1117 3212 1240 3259 verum
1267 3194 1341 3270 quis

66 3312 210 3372 uuquam
252 3295 372 3359 Graece
407 3298 490 3359 dixit
531 3298 692 3375 ηζωστήρες
729 3294 905 3377 ὀρχοῦνται”
944 3299 1071 3375 rihpald
1104 3300 1229 3369 cultant,
1265 3285 1340 3357 cum

68 3398 169 3459 voluit
192 3398 333 3458 indicare
353 3394 466 3477 ἄνδρας
486 3398 647 3476 ζωστῆρσιν
667 3395 869 3475 ὡπλισμένους
890 3400 1035 3462 saltare?
1053 3400 1210 3476 Exempla
1222 3414 1340 3474 quaero

66 3501 197 3575 frustra,
230 3515 308 3560 nam
339 3501 553 3562 theocriteum
578 3501 656 3563 illud
684 3513 799 3585 „arvad
820 3501 972 3580 κρηπῖδες,
994 3513 1092 3586 παντᾷ
1114 3500 1341 3582 χλαμνδήφόροι

66 3598 193 3679 dolor?
218 3616 260 3661 ne
283 3602 458 3663 minimum
481 3604 611 3676 quidem
635 3604 730 3665 affert
751 3605 941 3666 subsidium.
964 3605 1069 3680 Longe
1090 3606 1177 3667 aliud
1199 3605 1340 3666 voluisse

67 3704 147 3764 mihi
180 3703 307 3763 videtur
340 3704 455 3765 doctus
484 3706 595 3766 noster
626 3706 729 3780 poeta.
763 3705 891 3766 Etenim
915 3721 999 3768 nova
1022 3708 1209 3768 inventione
1233 3711 1339 3767 artem

66 3804 267 3866 homericam
301 3804 459 3866 aemulari
494 3805 651 3880 cupiebat.
688 3805 851 3867 Homerus
888 3806 1088 3885 bellatorem,
1120 3809 1176 3882 qui
1207 3808 1341 3869 loricam

66 3907 198 3968 indutus
233 3902 263 3976 ές
297 3904 426 3983 πόλεμον
460 3902 634 3985 έθοιρήχθή,
667 3907 794 3969 dixerat
827 3907 989 3986 θοιριμιτήν
1012 3912 1069 3980 (Μ.
1094 3912 1158 3972 317
1184 3913 1217 3972 et
1242 3909 1340 3985 alibi),

65 4007 182 4083 eidem,
214 4008 269 4081 qui
299 4004 515 4087 κεκορυθμένοι
549 4012 626 4069 sunt
658 4009 766 4068 αἴθοπι
789 4013 884 4093 χαλκῷ
909 4012 1045 4072 audiunt
1068 4008 1174 4090 άνδρες
1199 4008 1341 4090 κορυσταδ

65 4111 110 4178 (Δ.
134 4110 222 4178 457).
248 4107 362 4185 Quidni
388 4110 493 4170 virum
517 4111 572 4185 qui
596 4111 724 4185 cingulo
748 4112 861 4182 (veluti
888 4113 923 4170 K.
951 4115 1001 4183 77)

317 4205 463 4287 »ζώννυθ’
490 4206 528 4271 ὅτ’
553 4209 582 4284 ές
605 4211 735 4290 πόλεμον
763 4211 938 4292 φθισήνορα
963 4212 1182 4292 θωρήσσοιτο”,

64 4313 175 4373 noster
209 4308 322 4388 ζοστήν
358 4312 408 4373 vel
443 4313 575 4392 ζωστῆρα
609 4315 739 4390 diceret,
776 4329 852 4375 cum
884 4317 1076 4390 praesertim
1109 4317 1167 4376 tali
1192 4316 1342 4377 dictionis

63 4414 173 4488 generi
192 4415 391 4489 praesidium
410 4416 651 4478 nancisceretur
675 4417 707 4477 iu
729 4417 799 4492 ipso
812 4415 972 4490 Apollinis
987 4419 1179 4491 cognomine
1193 4415 1342 4493 Ζοοτήρῖ

107 4516 218 4591 Ipsam
243 4515 453 4578 saltationem
476 4532 604 4578 sacram
627 4551 667 4562 -
692 4519 731 4580 de
755 4533 819 4592 qua
848 4518 985 4578 conferri
1009 4520 1127 4593 poterit
1153 4519 1341 4579 Athenaeus

65 4617 118 4679 IV.
134 4617 246 4691 14111,
271 4619 305 4678 et
327 4616 466 4680 fortasse
488 4618 651 4681 Lucianus
673 4620 710 4681 do
728 4619 798 4682 οσὶι.
820 4621 860 4680 12
874 4652 912 4664 -
925 4635 1011 4681 nunc
1032 4636 1096 4682 non
1117 4620 1341 4682 tractabimus.
