3068 5294
79 430 139 491 IV.
166 428 341 490 204-208
691 430 752 489 159

80 618 153 696 Qua
188 619 396 681 excusatione
431 619 583 693 quoniam
619 621 729 680 noster
760 619 850 680 locus
872 619 970 694 caret,
995 617 1205 678 statuendum
1229 618 1356 678 videtur

79 721 149 781 iam
184 722 217 781 in
249 721 409 783 secundae
432 736 588 797 personae
612 721 800 797 pronomine
824 721 969 782 eiusdem
992 719 1143 782 licentiae
1166 734 1224 780 seu
1249 719 1356 780 mavis

79 822 306 897 neglegentiae
329 823 411 898 apud
438 823 671 885 Callimachum
697 826 809 884 extare
834 823 972 896 vestigia
995 837 1094 896 quam
1125 822 1209 897 apud
1231 821 1355 895 sequio·

79 940 136 984 res
182 924 421 1002 deprendimus,
453 924 554 986 veluti
586 925 670 1000 apud
707 925 859 985 Nonnum
889 923 979 984 Dion
1003 923 1041 985 V.
1066 926 1130 985 340
1153 924 1207 984 VI.
1232 924 1296 984 302
1324 917 1355 992 ¹).

127 1025 232 1087 Verbo
256 1023 443 1104 ἐφύλαξα,
466 1027 548 1101 quod
570 1028 651 1088 mire
671 1027 812 1102 explicat
832 1026 1008 1088 scholiasta
1030 1021 1115 1101 ,dori
1131 1032 1183 1085 τοῦ
1199 1024 1355 1101 φαλάξα”,

79 1130 212 1188 mutata
235 1129 365 1202 quidem
389 1129 552 1190 sententia
575 1129 724 1189 imitatus
747 1130 800 1190 est
822 1127 954 1189 Homeri
979 1126 1077 1188 verba
1100 1129 1139 1186 ll.
1163 1127 1227 1189 686
1255 1125 1301 1203 ,εἰ
1323 1122 1355 1186 dl

79 1226 152 1299 ἔπος
188 1228 366 1306 Πηληιάδαο
400 1230 545 1306 φύλαξε”.
580 1230 701 1292 Eodem
734 1246 832 1291 versu
865 1249 934 1309 περ
947 1237 1003 1306 dv,
1036 1229 1120 1302 quod
1154 1243 1251 1303 saepe
1280 1243 1355 1289 cum

78 1331 269 1391 accusativo
299 1328 456 1390 θάλασσαν
487 1332 558 1392 sive
589 1328 663 1411 μέγα
693 1335 800 1410 λαῖτμα
829 1329 983 1407 θαλάσσης
1014 1329 1139 1390 solebat
1163 1331 1355 1404 coniungere

79 1432 255 1519 Homerus,
280 1432 426 1493 absolute
449 1434 552 1494 utitur
575 1434 772 1508 tragicorum
793 1432 944 1507 exempla
964 1433 1107 1507 secutus,
1132 1433 1248 1505 quibus
1285 1434 1354 1493 tam

78 1533 324 1607 frequentatum
338 1536 399 1597 est
422 1536 482 1596 hoc
507 1536 642 1596 verbum
665 1551 764 1597 sensu
787 1536 882 1596 ιιικαλλ
905 1534 957 1595 vel
978 1534 1119 1608 νοκλικιλι·
1141 1535 1179 1594 ut
1205 1532 1356 1609 exempla

78 1636 183 1696 cit-are
207 1651 289 1710 opus
310 1652 374 1697 non
398 1638 451 1699 sit.

122 1815 178 1875 Vs.
205 1815 279 1875 205.
326 1811 452 1887 ἔννεπες·
475 1811 495 1893 ἣ
519 1810 547 1876 δ’
573 1812 701 1896 ι’ίρρητον
721 1813 794 1894 ittig
816 1813 1008 1876 ἀπεπαύσατο
1032 1816 1150 1894 λυγρῆς·

329 1912 403 1988 ἕζετο
428 1912 455 1976 ‹l’
477 1912 615 1978 Ἰνωποῖο
638 1915 719 1995 παρὰ
742 1917 823 1997 ῥόον,
846 1915 911 1977 ὅντε
935 1916 1082 1995 βάθιστον

328 2022 398 2099 μαῖα
421 2013 474 2080 τίί
500 2016 661 2098 ἐξανίησιν,
684 2018 730 2079 ὅτε
753 2017 901 2096 πλήθοντι
924 2015 1036 2104 ῥείθρῳ

329 2122 437 2192 Νεῖλος
459 2118 519 2181 ἀπὸ
542 2126 686 2200 κρημνοῖο
709 2117 875 2199 κατέρχεται
898 2119 1078 2198 Αίθιοπῆος·

328 2222 435 2282 λύσαιτο
459 2218 492 2282 dl
513 2221 621 2301 ζώνην,
642 2219 702 2282 ἀπὸ
726 2216 754 2282 δ’
781 2219 885 2300 ἐκλίθη
909 2219 1034 2299 ἔμπαλιν
1058 2219 1149 2299 ὤμοις

206 2323 270 2383 210
327 2322 463 2399 φοίνικος
485 2321 553 2384 ποτί
575 2321 707 2404 πρέμνον
730 2320 897 2402 ἀμηχανίης
919 2322 979 2383 llere
1003 2326 1112 2403 λυγρῆς

329 2422 490 2504 κειραμένη·
514 2423 611 2498 νότιος
636 2421 668 2486 δὲ
692 2423 743 2486 διὰ
764 2424 850 2505 χροὸς
874 2423 972 2504 ἔρρεεν
993 2423 1090 2503 ἱδρώς.

329 2518 391 2587 εἷπε
410 2522 439 2586 δ’
464 2525 721 2606 ἆλοσθμαίνουσα·
748 2528 796 2606 ,τί
816 2524 926 2607 μητέρα
948 2535 1037 2606 κοῦρε
1060 2525 1216 2606 βαρύνεις;

328 2627 404 2707 αὕτη
426 2651 471 2690 τοι
494 2629 560 2707 φίλε
582 2637 673 2708 νῆσος
696 2627 885 2691 ἐπιπλώονσα
908 2627 1057 2712 θαλάσση·

329 2728 423 2810 μείνεο
446 2729 540 2812 γείνεο
564 2739 662 2811 κοῦρε,
684 2729 734 2792 καί
757 2729 846 2811 ἤπιος
869 2729 947 2804 ίξιθι
969 2729 1112 2791 κόλπον.”

123 2833 172 2892 De
194 2832 290 2893 verbo
310 2829 472 2903 ἔννεπες
491 2834 627 2895 conferri
638 2835 746 2909 potest
757 2849 831 2909 pag.
848 2836 901 2910 69,
914 2833 953 2894 de
974 2847 1051 2893 voce
1070 2827 1243 2911 ἄρρητον
1262 2836 1355 2906 (qnae

74 2934 210 3008 longius
222 2948 321 3007 quam
333 2934 417 2995 solet
429 2935 468 2996 ab
481 2935 638 2996 adiectivo
651 2950 710 2997 suo
723 2937 849 2996 remota
865 2936 927 3004 est)
941 2935 1108 2995 adeundus
1124 2937 1176 2994 est
1188 2934 1354 2994 Schneide-

73 3052 136 3097 rus
148 3037 236 3097 recte
249 3037 361 3096 contra
373 3037 511 3097 Dmrnnr
526 3034 676 3115 ,ἀρητὸα”
690 3037 864 3099 lectionem
876 3037 1031 3097 traditam
1043 3035 1228 3096 defendens.
1242 3035 1352 3108 Neque

76 3138 188 3198 multa
215 3138 254 3197 de
284 3138 488 3200 substantivo
511 3135 582 3215 θλη
610 3139 744 3201 dicenda
768 3141 855 3215 sunt,
885 3153 963 3200 voco
987 3137 1156 3212 praecipue
1179 3136 1352 3211 homerica,

77 3255 182 3314 quam
213 3239 343 3301 adhibet
369 3244 480 3302 noster
510 3242 669 3303 memoria
691 3244 806 3302 tenens
831 3262 855 3301 ο.
880 3241 943 3301 342
971 3237 1050 3315 ,ὅττι
1074 3232 1100 3316 μ’
1127 3235 1260 3309 ἔπαυσας
1282 3232 1355 3313 ἄλης

77 3338 132 3400 καλ
164 3336 262 3412 ὀιζύος
291 3340 410 3419 αλαης”.
442 3343 657 3416 sequentibus
691 3345 803 3403 autem
844 3340 999 3417 versibus,
1031 3354 1107 3402 cum
1131 3341 1225 3400 caute
1248 3338 1355 3399 admo·

78 3446 162 3506 dum
196 3445 302 3518 tangit
334 3445 479 3505 fabulam
514 3445 611 3519 vulgo
645 3445 728 3520 apud
763 3443 910 3505 Deliacos
941 3443 1107 3517 creditam,
1137 3455 1219 3514 quae
1243 3439 1353 3500 Nilum

80 3547 295 3607 subterraneo
329 3547 444 3607 itinere
475 3562 550 3608 cum
574 3547 671 3620 Inopo
696 3547 904 3625 coniunctum
928 3543 1077 3605 tradebat
1100 3542 1266 3617 (Lycophr.
1292 3542 1356 3602 575

76 3643 209 3708 Ἰνώπον
232 3644 322 3719 πέλας
344 3647 511 3727 Αἰγύπτιον
533 3647 679 3726 Τρίτωνος
702 3644 833 3719 ἕλκοντες
856 3645 959 3717 ποτόν)
977 3639 1009 3723 ²),
1035 3644 1141 3706 verbis
1166 3642 1264 3718 epicis
1287 3657 1358 3702 rem

81 3752 225 3826 enarrat,
248 3750 306 3810 sed
332 3750 444 3810 tamen
471 3749 523 3811 hic
553 3749 620 3810 illio
643 3749 816 3810 deflectens
840 3747 1010 3823 paululum
1033 3746 1073 3807 ab
1097 3760 1160 3805 usu
1183 3743 1357 3819 homerico,

82 3853 257 3914 solutiva.
283 3853 346 3912 207
370 3867 445 3914 cum
473 3852 674 3913 homericum
697 3859 858 3933 ποταμῷ
882 3847 1080 3926 πλήθοντι
1107 3848 1155 3918 (Ε.
1176 3847 1229 3916 87)
1255 3846 1358 3906 inmu-

80 3960 162 4017 tans
184 3952 384 4031 πλήθοντι
407 3950 556 4037 ῥεέθρῳ
580 3954 667 4029 dicit,
691 3953 754 4014 etsi
777 3952 940 4013 Homerus
969 3950 1092 4011 fluenta
1119 3963 1182 4009 non
1206 3947 1270 4008 nisi
1292 3946 1358 4022 plu·

80 4057 147 4119 rali
170 4071 305 4117 numero
328 4052 462 4134 ῥεέθροις
485 4056 616 4130 indicat,
640 4056 687 4124 (nt
707 4057 817 4115 noster
841 4053 894 4114 IV.
919 4054 1003 4128 135),
1024 4051 1076 4111 vel
1100 4050 1359 4124 sequentiversu

81 4173 161 4221 cum
196 4173 308 4219 vocem
341 4153 517 4234 κρημνὸς
553 4155 656 4217 multo
690 4156 805 4216 latiore
840 4170 939 4215 sensu
963 4152 1093 4214 adhibet
1116 4166 1215 4226 quam
1239 4151 1360 4212 iecerat

80 4261 259 4322 Homerus.
283 4259 393 4333 Neque
413 4274 489 4320 vero
510 4258 589 4319 mihi
614 4258 741 4318 videtur
759 4257 917 4318 adiectivo
937 4253 1132 4334 βολθιατος
1152 4252 1286 4325 vulgata
1299 4250 1359 4324 sig·

119 4452 142 4516 ¹)
159 4455 269 4503 Gravius
286 4468 347 4504 vero
356 4457 495 4504 etminime
505 4455 782 4505 excusandumindioat
791 4453 942 4514 Apollonius
957 4450 1084 4510 Dysoolua
1093 4445 1120 4513 (1.
1130 4445 1159 4512 l.)
1175 4448 1243 4509 qnod
1258 4447 1360 4495 inversa

80 4538 142 4584 vioe
158 4549 206 4596 pro
223 4536 318 4596 plurali
334 4537 490 4595 singularem
509 4549 644 4584 nnmerum
662 4537 749 4582 noster
766 4533 873 4581 adhibet
888 4533 930 4590 (ir.
950 4534 979 4579 11
998 4533 1025 4578 et
1042 4526 1110 4594 420).

117 4612 141 4673 ²)
159 4616 197 4662 Cf.
215 4617 292 4663 Pane.
310 4616 343 4663 II.
363 4619 386 4676 b,
404 4618 418 4662 8
436 4612 499 4680 (olda
518 4617 543 4663 ot
560 4619 596 4663 καλ
615 4620 706 4675 Δηλίων
724 4621 814 4661 τοιοῦτο
832 4608 952 4676 ἀκούσας),
969 4610 1054 4658 Strab·
1071 4611 1114 4658 VI.
1132 4610 1190 4657 t‘ll.
1208 4608 1235 4655 0.
