3104 5296
48 477 95 537 IV.
122 478 253 538 20-25
649 483 708 542 117

43 666 173 727 lirudite
208 683 299 742 porro
330 669 428 730 adicit
468 672 579 732 noster
614 664 870 745 Ἐλλοπιήων,
900 669 976 742 quia
1010 683 1128 730 nomen
1159 669 1317 730 Abantias

41 769 163 829 indicat
185 769 309 843 proprie
333 773 458 845 partem
484 774 613 832 tautum
639 771 776 846 insulae,
798 771 1069 845 septentrionales
1089 774 1199 832 autem
1218 772 1315 845 regio·

39 885 99 930 nes
122 871 164 930 ab
189 870 352 946 Ellopibus
375 875 581 948 occupantur.

84 971 191 1032 Versu
226 973 265 1031 21
308 973 488 1034 Sardiniam
531 974 695 1049 praedicat
733 972 986 1052 ἱμερόεσσαν,
1023 972 1108 1047 quod
1150 972 1315 1033 neminem

38 1073 193 1150 offendat,
227 1075 280 1148 qui
312 1077 470 1137 memoria
502 1078 612 1138 teneat
654 1076 778 1151 Polybii
808 1076 921 1137 laudes
951 1076 974 1135 I.
1004 1077 1044 1136 79
1072 1082 1181 1152 »νῆσος
1204 1071 1254 1133 καὶ
1277 1084 1316 1157 τῷ

36 1172 159 1254 μεγέθει
181 1172 233 1234 καὶ
255 1184 290 1259 τῇ
312 1177 552 1261 πολυανθρωπίᾳ
576 1175 626 1237 καὶ
648 1182 709 1249 τοῖς
728 1175 892 1257 γεννήμασι
913 1174 1128 1256 praetenera&
1147 1177 1316 1238 Adiectivo

35 1279 152 1338 autem
186 1279 270 1351 quod
300 1278 369 1354 ipse
401 1280 564 1341 Homerus
595 1295 659 1340 non
691 1281 755 1340 nisi
789 1279 828 1340 de
864 1280 960 1341 rebus
993 1279 1179 1353 personisve
1208 1274 1318 1354 (ἀοιδὴ,

36 1378 165 1455 στήθεα,
195 1376 266 1459 ἔργα
298 1379 416 1458 γάμοιο)
447 1383 584 1457 dixerat,
609 1384 720 1442 noster
743 1380 884 1442 insulam
908 1384 1002 1442 ornat
1024 1383 1198 1455 praeeunte
1221 1381 1316 1455 poeta

33 1481 152 1558 hymni
173 1481 209 1541 iu
233 1481 331 1558 Apoll.
357 1498 405 1545 vs.
434 1484 496 1544 180

286 1581 335 1643 καὶ
359 1583 497 1663 Μίλητον
519 1582 601 1664 ἔχεις,
624 1582 730 1645 ἔναλον
754 1583 840 1645 πόλιν
864 1583 1045 1662 ἱμερόεσσαν.

84 1685 238 1759 Sequenti
260 1702 365 1763 versu,
384 1687 413 1747 si
432 1688 562 1760 quidem
583 1703 647 1748 non
668 1687 782 1747 subest
803 1686 993 1762 corruptela,
1010 1688 1183 1762 postquam
1195 1701 1311 1761 parurn

34 1787 206 1861 eleganter
228 1786 363 1848 Veneris
386 1788 425 1848 ad
449 1788 592 1849 insulam
613 1788 754 1863 Cyprum
778 1788 955 1848 adventum
978 1788 1073 1848 verbo
1097 1784 1314 1863 ἐπενήξντο

33 1889 206 1964 indicavit,
233 1891 329 1964 poeta
351 1890 536 1964 ceteroquin
568 1890 600 1950 in
633 1893 701 1950 tam
730 1889 852 1963 apertis
876 1889 971 1949 rebus
997 1891 1109 1949 eontra
1131 1904 1228 1949 usum
1253 1889 1314 1949 Ho-

34 1991 123 2052 meri
153 1991 322 2065 ipsamque
354 1992 606 2067 compositorum
637 1991 798 2052 rationem
833 2006 966 2066 peecare
994 2006 1058 2051 non
1081 1990 1208 2067 solitus,
1233 1976 1344 2051 mire*

34 2093 127 2153 errat
162 2093 194 2151 in
227 2107 303 2153 voce
336 2089 581 2172 ἐπιβάθραν,
612 2108 695 2167 quae
726 2107 802 2153 oum
826 2092 929 2153 semel
953 2093 985 2152 in
1010 2092 1156 2166 Odyssea
1180 2097 1215 2163 (ν.
1240 2094 1314 2163 449)

34 2194 189 2269 occurrit,
210 2209 345 2254 sensum
366 2194 410 2255 ibi
429 2196 527 2256 habet
545 2195 645 2256 adult.
668 2196 712 2255 De
725 2196 785 2255 hac
797 2210 831 2255 re
845 2194 971 2255 abunde
984 2195 1137 2255 disseruit
1147 2193 1314 2254 Bentleius

34 2295 78 2356 ad
103 2295 222 2355 locum.
248 2295 423 2369 —Neque
448 2313 523 2358 vero
548 2298 662 2359 eodem
686 2312 781 2357 versu
811 2296 945 2357 verbum
969 2304 1095 2356 σαουν
1118 2311 1250 2371 prorsus
1273 2297 1313 2356 ad

35 2397 150 2457 Iliadis
182 2396 388 2471 Odysseaeve
419 2398 568 2459 dictionis
599 2413 749 2459 normam
784 2399 928 2473 usurpat,
961 2398 1059 2458 tutari
1089 2398 1176 2459 enim
1208 2400 1266 2459 aut
1296 2414 1314 2459 e

36 2498 181 2574 periculo
216 2499 357 2571 quodam
388 2499 586 2561 incolumem
618 2500 759 2572 aliquem
789 2515 919 2561 servare
945 2499 1042 2576 valet,
1068 2501 1206 2561 necdum
1230 2500 1314 2574 apud

36 2601 148 2675 ipsum
190 2599 371 2662 Homerum
409 2602 600 2677 simpliciter
633 2601 756 2662 sotrum
787 2603 890 2677 farere
923 2601 1053 2678 indicat,
1089 2616 1187 2676 quarn
1220 2601 1315 2676 signi·

36 2702 224 2764 ficationem
260 2703 384 2764 obtinet
418 2704 451 2764 in
485 2705 627 2780 hymnis,
662 2703 765 2765 veluti
797 2704 870 2765 XII.
899 2706 918 2764 3
950 2708 1031 2784 χαῖρε
1063 2700 1122 2762 θεὰ
1152 2699 1212 2762 nul
1228 2701 1316 2781 τήνδε

37 2804 114 2864 σάου
138 2804 235 2864 πόλιν.
264 2798 284 2875 ¹)

101 3008 159 3069 Vs,
185 3008 238 3068 23.
284 3011 380 3068 τιεῖναι
403 3003 457 3086 μὲν
479 3008 618 3088 πύργοισι
639 3005 877 3089 περισιεπέεσσιυ
902 3005 1037 3086 ἐρυμναὶ,

286 3113 384 3187 Δῆλος
408 3105 435 3170 δ’
464 3109 630 3170 Ἀπόλλωνι·
654 3110 683 3170 τί
705 3105 737 3170 δὲ
759 3109 973 3190 στιβαρώτερον
997 3107 1099 3189 ἕρκος;

188 3211 229 3271 25
286 3210 379 3290 τείχεα
403 3207 456 3289 μὲν
479 3209 530 3271 καὶ
553 3217 620 3284 λᾶες
642 3208 718 3272 ὑπαὶ
741 3210 830 3292 ῥιπῆς
851 3234 884 3272 τιε
907 3210 1025 3273 πέσοιεν

286 3312 477 3392 Στρυμονίου
501 3311 622 3392 Βορέαο·
646 3311 718 3384 θεὸς
742 3308 771 3372 δ’
800 3310 847 3373 ἀεὶ
869 3310 1088 3391 &reversurae

288 3418 367 3492 Δῆλε
390 3414 473 3492 φίλη,
494 3413 572 3486 τοῖός
595 3431 627 3475 σε
651 3413 785 3494 praerog
810 3411 1024 3495 ἀμφιβέβηκεν.

84 3516 130 3577 De
164 3515 323 3576 adiectivo
349 3513 526 3593 περισυεπὴς
549 3516 618 3576 iam
641 3516 765 3576 dictum
789 3518 840 3577 est
864 3532 961 3591 supra
983 3530 1055 3591 pag.
1080 3516 1118 3591 93
1143 3512 1317 3592 ἑρνμνὸς

42 3617 69 3677 si
91 3632 157 3678 non
181 3617 264 3692 apud
289 3618 467 3679 Homerum
492 3619 557 3691 (qui
582 3622 616 3676 Δ.
644 3620 705 3679 137
729 3615 823 3695 ἔρυμα
846 3619 954 3689 habet)
978 3620 1013 3679 at
1033 3618 1117 3694 apud
1138 3617 1315 3678 Hesiodum

41 3721 143 3796 extat,
171 3719 210 3779 fr.
236 3720 294 3794 62,
323 3715 436 3797 ἕρκος
468 3721 579 3781 autem
605 3720 769 3781 homerica
792 3721 917 3781 ratione
942 3720 993 3781 hic
1017 3719 1160 3781 adhiberi
1185 3719 1240 3780 vix
1264 3719 1315 3779 est

41 3821 124 3894 quod
151 3834 303 3880 moneam
334 3820 385 3892 (cf.
410 3824 446 3879 A.
468 3822 548 3897 2843
574 3824 607 3880 Ζ.
628 3824 668 3892 5).
693 3822 733 3881 Et
756 3837 956 3896 quamquam
979 3818 1176 3899 στιβαρὸν
1200 3816 1316 3897 ἕρκος

40 3938 105 3984 non
123 3922 241 3983 dieitur
264 3923 303 3982 ab
327 3922 479 3999 Homero,
504 3924 609 4000 possis
632 3926 743 3986 tamen
767 3939 824 4000 pro
844 3926 930 3985 certo
951 3923 1115 3984 affirmare
1128 3920 1315 3996 exemplum

41 4023 92 4084 hio
111 4022 299 4098 praebuisse
318 4024 508 4087 Homerum.
533 4026 566 4086 ls
586 4027 674 4086 enim
695 4028 739 4084 M.
752 4028 817 4086 454
837 4029 947 4102 portas
968 4028 1153 4086 castrenses
1175 4024 1315 4084 Achaeo

40 4140 114 4185 rum
145 4124 229 4185 dixit
262 4125 376 4202 ,πύλας
405 4127 510 4187 πύκα
541 4127 741 4206 στιβαρῶς
764 4125 939 4207 ἀραρυίας”.
970 4128 1072 4205 Quem
1097 4128 1203 4187 locum
1231 4140 1317 4200 spec·

41 4229 130 4287 tasse
154 4228 302 4287 nostrum
328 4230 455 4289 constat
479 4244 520 4289 ex
543 4231 692 4302 sequenti
716 4245 822 4290 versu.
843 4230 927 4290 Nam
947 4245 1022 4290 eum
1043 4229 1164 4289 Hector
1180 4227 1237 4296 (M.
1253 4228 1316 4286 457

40 4332 117 4402 sqq.)
130 4329 232 4388 inruit
250 4329 283 4388 in
303 4344 360 4389 eas
376 4333 494 4406 portas,
515 4330 601 4390 fores
614 4331 828 4404 effringuntur
856 4333 969 4406 ,λᾶος
992 4328 1068 4389 ὑπὸ
1092 4328 1232 4408 ῥητῆρ’
1257 4334 1317 4400 (vs.

41 4431 127 4500 462).
160 4430 256 4491 Ludit
287 4445 439 4492 sonorum
471 4432 684 4493 similitudine
709 4434 820 4493 noster
842 4433 890 4493 ita
913 4433 1042 4494 dicens:
1079 4431 1191 4508 ,facile
1218 4431 1318 4492 ruunt

76 4657 97 4725 ¹)
115 4662 154 4709 Oi,
171 4662 238 4709 inira
255 4662 287 4709 ad
303 4677 340 4712 vs.
360 4666 416 4713 167.
