3104 5296
846 491 888 549 82
1246 491 1303 550 ΙΙΙ.
1332 491 1504 549 raa-135

231 674 372 737 iudicare
407 677 464 737 aut
497 675 664 749 antiquam
695 678 753 737 aui
782 676 999 750 praeductam
1030 678 1064 736 ei
1095 678 1209 738 ecdem
1240 676 1306 737 fere
1337 677 1505 750 reditque

230 779 426 853 tragicorum
446 777 597 854 acinacie.
619 778 680 839 Sed
700 779 759 839 hcc
780 778 852 839 leve
872 781 932 838 esi.
954 777 1092 839 Gravius
1113 778 1245 840 offendit
1264 779 1299 838 in
1319 778 1502 839 Schneideri

230 880 494 954 interpretatione
517 880 662 940 activum
686 876 787 957 φέρειν
807 895 863 954 pro
884 880 991 941 medio
1012 881 1166 957 positum,
1188 895 1365 956 pronomen
1383 881 1502 954 aquod

230 997 315 1042 nunc
345 982 474 1056 quidem
503 982 654 1043 adieciivi
686 983 753 1042 vim
785 997 848 1042 non
874 984 973 1056 auget
995 984 1051 1043 sed
1075 983 1232 1057 infringit,
1256 979 1335 1058 πλὴν
1360 980 1406 1040 ὅτι
1430 997 1501 1042 curn

228 1084 433 1144 subiunciivc
463 1085 606 1157 generali
630 1085 841 1145 coniunctum
866 1085 917 1144 oui
941 1085 974 1144 in
999 1084 1159 1145 eiusmodi
1186 1084 1350 1144 sententia
1374 1084 1502 1157 qualem

227 1186 298 1246 vult
322 1186 495 1247 Schneider
517 1185 608 1248 locus
631 1200 695 1246 uon
720 1188 780 1246 est.
804 1186 888 1245 Tum
913 1186 960 1247 iia
980 1187 1092 1246 minus
1112 1189 1199 1247 recte
1219 1186 1333 1261 opponi
1354 1188 1500 1245 nostrum

228 1304 359 1349 versum
380 1288 488 1349 versui
511 1289 572 1349 126
594 1287 743 1349 dixerim.
766 1288 802 1348 Id
822 1288 909 1347 enim
930 1288 1007 1348 dicii
1026 1291 1138 1362 poeta:
1164 1290 1215 1364 „in
1236 1288 1292 1348 illa
1312 1287 1391 1347 urbe
1411 1288 1501 1347 cuius

226 1391 349 1452 incolae
376 1392 437 1452 rite
465 1385 571 1452 colant
597 1389 735 1451 Dianam
763 1405 848 1450 σοντι
875 1391 984 1464 patres
1013 1389 1130 1452 aiiiiis
1150 1391 1338 1465 efferuntur,
1363 1404 1427 1449 non
1448 1386 1501 1448 iiiii

226 1493 384 1553 deflentur
410 1508 430 1552 a
456 1492 677 1567 parentibus.’'
705 1526 744 1534 —
771 1491 891 1552 Attulit
919 1492 982 1552 huc
1006 1492 1223 1567 spanhemius
1246 1490 1374 1551 Solonis
1396 1490 1499 1564 legem

227 1596 310 1670 apud
329 1595 420 1656 Dem.
434 1611 463 1670 p.
480 1596 562 1655 1071
585 1591 766 1654 ἀκολουθεῖν
790 1591 975 1653 ἀποθανόντι
996 1592 1067 1654 ὅταν
1090 1593 1146 1666 εἰς
1173 1592 1215 1652 τὰ
1239 1593 1393 1669 σήματα
1416 1590 1500 1671 ἅγη-

225 1718 297 1773 ιαι,
330 1697 442 1757 ecdem
474 1699 585 1757 autem
613 1697 709 1757 mcdc
737 1699 833 1770 atque
865 1697 898 1756 in
930 1695 1057 1757 Solonis
1088 1695 1158 1770 lege
1190 1692 1283 1775 lyae,
1313 1695 1366 1756 hic
1393 1698 1502 1756 noster

226 1793 327 1875 φέρειν
351 1795 403 1868 (εἰς
426 1795 461 1855 τὰ
485 1796 611 1874 σήματα)
637 1798 724 1860 dicii.

272 1898 352 1959 ilum
372 1901 582 1973 sequentibus
602 1902 676 1974 apte
696 1899 833 1961 contulit
851 1899 962 1960 lanius
982 1892 1026 1981 (p.
1042 1900 1094 1970 26)
1113 1915 1228 1961 versus
1240 1900 1376 1960 Homeri
1389 1922 1423 1976 φ.
1437 1901 1500 1960 293

470 1993 552 2073 οἶνός
575 2018 607 2060 σε
630 1999 713 2079 τρώει
737 1997 889 2078 μελιηδὴς,
911 1997 944 2071 ὅς
966 2021 996 2060 τε
1019 1999 1068 2060 καὶ
1091 1998 1198 2073 ἄλλους

470 2101 602 2182 βλάπτει,

227 2220 340 2265 verum
373 2202 391 2262 d
399 2226 410 2262 ι
418 2203 582 2282 peccari
590 2226 607 2281 η
639 2203 781 2265 Homero
804 2218 868 2263 non
893 2200 997 2265 dehet.
1029 2204 1140 2277 Neque
1163 2206 1274 2265 tamen
1299 2205 1501 2279 incognitam

226 2310 284 2366 aui
317 2307 438 2380 hymno
469 2306 578 2366 minus
609 2308 719 2381 aptam
754 2320 866 2365 vocem
898 2308 987 2369 dicas
1010 2322 1119 2379 quam,
1148 2307 1285 2367 Dianam
1311 2310 1502 2371 concordiae

225 2409 398 2469 tutelarem
430 2409 525 2469 deam
558 2410 704 2484 cantans,
737 2423 809 2469 eam
839 2423 936 2483 quam
968 2408 1184 2469 Athenienses
1208 2405 1427 2488 ἀρισιοβούιης
1452 2427 1502 2472 nc·

224 2511 312 2572 mine
347 2511 504 2586 colebant,
536 2510 697 2570 desumsit
729 2524 769 2569 ex
802 2510 927 2571 Solonis
958 2511 991 2569 in
1022 2509 1216 2571 Eunomiam
1247 2510 1351 2584 elegia
1385 2512 1502 2586 (Bergk

224 2613 262 2674 ir.
287 2616 317 2673 4.
343 2629 390 2674 vs
417 2614 469 2683 37)

468 2712 591 2774 εὐθύνει
615 2708 648 2773 δὲ
671 2712 756 2785 δίκας
780 2710 909 2790 σκολιὰς,
930 2710 1111 2792 ὑπερήφανά
1133 2707 1153 2773 τ’
1180 2709 1250 2792 ἔργα

512 2816 648 2895 πραΰνει,
670 2815 760 2875 παύει
784 2807 813 2874 δ’
839 2811 909 2893 ἔργα
933 2813 1129 2893 διχοστασίης,

222 2933 320 2990 quam
340 2917 477 2992 elegiam
498 2919 531 2978 ei
556 2916 632 2978 alibi
656 2917 800 2991 respexit
822 2919 933 2976 noster
955 2915 1006 2988 (ci.
1027 2932 1057 2991 p.
1076 2918 1118 2976 42
1132 2918 1220 2985 noi).
1244 2917 1400 2978 Acrisius
1423 2934 1499 2979 vero

222 3015 383 3079 ἐσίνατο
409 3034 512 3093 neque
535 3018 678 3080 Homero
702 3033 805 3092 neque
830 3018 949 3078 Atticis
973 3019 1006 3078 in
1030 3035 1091 3079 usu
1116 3019 1187 3080 fuit.

265 3121 311 3183 De
341 3120 550 3195 sequentibus
581 3135 684 3195 pauca
715 3121 820 3181 dicere
844 3119 972 3181 diiflcile
997 3123 1065 3196 est;
1099 3122 1246 3182 maxima
1271 3122 1359 3181 enim
1385 3123 1499 3183 dehis

222 3223 369 3283 versibus
389 3223 473 3283 inter
493 3222 580 3282 viros
600 3222 711 3283 doctos
732 3224 784 3282 esi
803 3222 974 3282 dissensio.
994 3222 1030 3283 Id
1051 3237 1127 3283 vero
1147 3224 1277 3282 tautum
1298 3237 1363 3282 ncn
1385 3239 1500 3285 omnes

221 3324 427 3384 consentiunt
456 3328 602 3398 spectare
633 3323 712 3385 haec
745 3323 843 3383 verba
874 3324 981 3397 ipsam
1014 3324 1099 3397 regie
1124 3324 1303 3385 Ptolemaei
1328 3325 1442 3386 aulam
1469 3321 1498 3396 ¹).

221 3424 375 3497 Equidem
407 3428 443 3486 ut
473 3426 506 3485 in
538 3426 729 3486 uuiversum
762 3426 966 3486 concordiam
998 3426 1105 3500 regiae
1136 3426 1252 3487 domus
1276 3426 1405 3487 laudari
1428 3443 1498 3488 con·

222 3526 309 3603 cedo,
340 3527 388 3588 iia
415 3542 483 3587 rem
516 3528 615 3588 nimis
638 3527 848 3602 premendam
874 3543 946 3588 esse
970 3543 1062 3601 nego.
1091 3528 1177 3588 Nihil
1202 3528 1321 3588 attinet
1344 3544 1498 3603 quaerere

222 3644 383 3701 quaenam
409 3629 529 3690 fuerint
559 3629 634 3690 illae
669 3629 830 3708 ,εἰνάιερες
860 3628 957 3713 γαλόῳ
988 3632 1038 3689 ιε”
1071 3631 1109 3691 de
1133 3630 1248 3703 quibus
1271 3646 1357 3692 nunc
1386 3648 1493 3693 sermo

223 3733 283 3790 est.
319 3731 388 3791 Non
413 3734 519 3791 cerias
541 3732 699 3805 quasdam
722 3731 828 3806 glores
852 3746 891 3792 ac
914 3732 1078 3793 ianitrices
1103 3747 1143 3792 ex
1167 3732 1345 3793 Ptolemaei
1369 3733 1494 3796 familia

222 3835 387 3905 spectasse
418 3833 475 3893 sed
505 3847 543 3892 ec
570 3836 700 3893 tanturn
726 3833 859 3894 consilio
884 3848 939 3893 eas
963 3833 1130 3894 induxisse
1153 3835 1186 3893 in
1210 3834 1371 3908 hymnum
1396 3852 1492 3899 suum

221 3933 316 4006 poeta
347 3934 426 3993 mihi
458 3934 586 3995 videtur
615 3939 652 3995 ut
683 3935 810 4009 glossas
841 3935 1023 3996 homericae
1047 3936 1223 4010 explicaret
1247 3941 1305 3998 aui
1328 3938 1492 4000 doctrinae

255 4184 274 4252 ¹)
292 4191 355 4236 Tam
373 4191 405 4238 de
422 4191 470 4238 hac
487 4194 636 4252 quaestione
655 4207 732 4253 qnam
751 4194 783 4241 de
802 4195 895 4241 coieris
912 4208 979 4255 quae
996 4196 1186 4255 chronologiam
1204 4195 1358 4255 hymnorum
1374 4199 1491 4256 speciant

219 4269 410 4316 accuratissime
435 4270 557 4318 disseruit
582 4273 674 4320 Bnono
697 4273 818 4320 Haemon
842 4272 889 4335 (De
915 4272 1061 4321 Callimachi
1084 4272 1177 4334 tyrrinis
1199 4274 1348 4335 quaestiones
1366 4276 1491 4324 chronolo-

215 4345 292 4406 gicae.
318 4347 398 4394 Breel.
423 4349 485 4409 phil.
509 4350 574 4398 Abh.
600 4352 655 4398 VII.
678 4349 703 4417 3)
729 4367 780 4413 qno
804 4367 888 4411 nemo,
913 4354 982 4414 quod
1005 4355 1093 4415 eciam,
1120 4353 1221 4400 fidelius
1243 4355 1328 4401 varias
1350 4357 1490 4403 muliorum

217 4426 318 4473 rettulit
343 4429 476 4486 opiniones
497 4431 694 4490 perpendiique.
719 4432 778 4492 ipse
805 4434 924 4491 quoniam
944 4447 1017 4479 enam
1035 4434 1187 4480 sententiam
1205 4433 1363 4493 argumentis
1381 4435 1493 4483 firmarii

217 4506 287 4552 haud
303 4506 412 4566 levibus,
430 4508 517 4569 nolim,
535 4510 556 4555 si
575 4524 643 4557 nuuc
661 4513 716 4557 eius
734 4512 858 4560 iudicium
876 4513 908 4559 de
925 4514 1001 4560 huius
1019 4512 1107 4572 hymni
1124 4516 1240 4572 tempore
1254 4513 1349 4559 tacitus
1363 4515 1454 4573 reicic,
1467 4514 1491 4561 id

217 4586 309 4633 iecisse
326 4586 408 4633 videri
425 4588 598 4646 neglegentis;
617 4589 674 4635 ideo
692 4594 792 4637 mnium
811 4605 917 4651 prorsus
932 4593 1008 4639 silere
1024 4592 1056 4638 de
1073 4591 1259 4651 chronologicis
1271 4592 1489 4651 maluiquisbrc·

216 4666 282 4712 viter
298 4665 429 4725 disputare
446 4666 558 4713 levitatis
575 4668 685 4725 videtur,
708 4671 821 4717 uberiori
839 4671 1006 4732 disputationi
1024 4685 1091 4718 nunc
1110 4672 1214 4731 quidem
1231 4671 1320 4718 charte
1337 4685 1389 4718 non
1409 4678 1489 4722 vacat
