3320 5432
926 556 988 618 194
1412 557 1454 619 H.
1480 555 1586 618 7-14

316 747 395 823 scat,
426 759 510 820 quae
539 741 704 804 homerica
733 755 797 803 non
828 742 915 820 sunt,
948 743 1090 818 speciem
1122 743 1321 806 homericam
1343 744 1494 806 conciliat
1517 743 1587 806 roci

315 845 479 928 μακρὴν,
512 846 655 908 ionicam
699 843 858 905 adiectivo
892 843 1029 906 induens
1063 845 1202 907 formam
1240 849 1274 908 et
1306 848 1339 908 in
1374 846 1437 908 line
1471 861 1588 908 versus

314 951 485 1026 collocans,
509 961 606 1023 quern
628 946 736 1007 locum
758 945 889 1020 saepius
913 946 1037 1008 obtinet
1060 947 1142 1022 apud
1166 948 1363 1025 Homerum;
1388 963 1587 1022 quamquam

316 1068 389 1114 eam
413 1048 694 1125 significationem,
717 1061 781 1120 qua
803 1062 889 1107 nunc
913 1048 1093 1124 adhibetur,
1118 1049 1152 1109 in
1174 1050 1347 1111 homericis
1370 1065 1434 1111 non
1457 1051 1566 1111 habet.

359 1153 481 1214 Versus
508 1150 615 1211 octavi
645 1149 854 1224 structuram,
886 1163 1024 1222 quacum
1049 1151 1185 1212 conferri
1213 1153 1322 1226 potest
1349 1151 1445 1212 huius
1473 1151 1588 1226 hymni

316 1270 364 1316 vs.
398 1255 460 1315 109
494 1255 528 1314 et
557 1251 615 1312 111.
640 1251 715 1326 246,
746 1249 884 1310 tractavi
914 1266 1012 1326 supra
1041 1268 1112 1327 pag.
1140 1254 1213 1330 lis,
1238 1255 1278 1315 ad
1306 1253 1360 1315 IV.
1394 1254 1468 1314 280.
1496 1253 1588 1313 Idem

317 1369 392 1417 vero
422 1369 536 1416 versus
565 1353 668 1429 docet,
705 1366 768 1413 non
802 1352 968 1424 dubitasse
1004 1352 1249 1431 Callimachum,
1281 1356 1359 1430 qnin
1388 1356 1428 1416 ad
1459 1357 1588 1414 contum

313 1472 439 1532 quoqne
466 1455 674 1517 indicandum
704 1456 791 1514 recte
821 1455 1064 1516 substantivum
1088 1454 1218 1533 μολπὴ
1242 1459 1274 1518 ln
1304 1457 1402 1532 epicis
1425 1455 1588 1517 adhibere·

313 1560 376 1636 tur,
411 1571 475 1633 qua
508 1558 546 1618 de
577 1555 732 1616 realiter
761 1555 922 1618 iudicasse
948 1557 1175 1619 Aristarchum
1209 1559 1419 1620 notissimum
1453 1559 1506 1618 est
1539 1557 1588 1628 (ci.

314 1661 424 1722 Lebrs.
449 1659 545 1720 Arist.
570 1673 600 1733 p.
627 1656 711 1727 188).

398 1863 453 1924 VS.
478 1866 508 1924 9.
555 1858 696 1922 ὡπόλλων
720 1859 756 1921 οὐ
779 1858 869 1920 ιιανιὶ
892 1861 1053 1940 φαείνεται,
1075 1857 1135 1922 ttt’
1161 1860 1221 1933 ὅτις
1245 1859 1360 1934 ἐσθλός·

557 1961 589 2034 ὅς
612 1984 662 2040 μιν
685 1961 745 2045 ἴδῃ,
767 1958 857 2049 pityus·
880 1954 975 2035 οὔτας’
999 1959 1031 2036 ὃς
1055 1961 1111 2024 οὐκ
1134 1963 1189 2041 tte,
1210 1962 1288 2035 λιτὸς
1312 1961 1431 2034 ἐκεῖνος’

557 2057 683 2141 ὠσάμεθ’
710 2055 901 2144 ὦἝκάεργε,
922 2062 973 2124 καὶ
996 2059 1131 2143 ἐσσόμεθ’
1157 2063 1265 2126 οὔποτε
1287 2065 1368 2126 λινοῖ.

557 2166 628 2244 μήτε
651 2163 804 2243 σιωπηλὴν
826 2165 950 2245 κίθαριν
972 2161 1034 2243 μήν’
1061 2163 1186 2244 ἅψοφον
1209 2166 1290 2246 ἴχνος

556 2274 609 2327 τοῦ
636 2265 752 2346 Φοίβου
775 2264 845 2338 τοὺς
867 2266 976 2338 παῖδας
1000 2265 1075 2345 ἔχειν
1098 2265 1346 2346 ἐπιδημήσαντος,

557 2367 583 2428 εἰ
603 2365 708 2428 τελέειν
731 2365 869 2444 μέλλουσι
891 2367 987 2448 γάμον
1011 2368 1120 2446 πολιήν
1143 2392 1172 2429 τε
1194 2374 1357 2449 ιιερεῖσθαι,

461 2473 501 2532 15
556 2467 685 2547 ἒσιήξειν
709 2466 795 2529 δὲτὸ
819 2473 911 2548 τεῖχος
935 2464 977 2530 ἐπ’
1002 2468 1147 2549 ἀρχαίοισι
1172 2469 1342 2548 θεμέθλοις.

557 2567 714 2650 ἠγασάμην
737 2569 806 2642 τοὺς
829 2570 949 2647 παῖδας,
973 2569 1035 2631 ἐπεὶ
1058 2569 1141 2651 χέλυς
1165 2567 1255 2632 οὐκέτ’
1283 2569 1396 2650 ἀεργός.

314 2673 477 2750 Quantum
507 2673 721 2747 languescunt
752 2688 867 2733 versus
897 2673 945 2734 ilii
978 2675 1086 2734 9-11
1119 2690 1175 2750 per
1202 2689 1282 2748 quos
1305 2674 1438 2746 antiqua
1460 2673 1587 2747 mytho

312 2777 484 2852 logumena
526 2776 619 2836 novis
661 2775 824 2850 dogmatis
860 2775 1044 2836 admiscens
1083 2777 1285 2837 homericum
1320 2775 1401 2836 iliud
1435 2778 1476 2845 (ιι.
1513 2778 1591 2850 161,
1647 2817 1648 2830 2

315 2880 354 2941 cl.
378 2902 408 2958 η.
434 2880 508 2949 201)

558 2975 595 3038 οὐ
619 2976 674 3058 γάρ
697 2997 760 3049 ποις
782 2976 922 3038 πάντεσσι
945 2975 1014 3038 θεοὶ
1037 2977 1197 3054 φαίνονται
1220 2975 1352 3056 ἐναργεῖς

315 3082 356 3143 ad
386 3081 543 3157 Apollinis
575 3079 779 3156 epiphaniam
809 3079 1053 3142 describendam
1079 3080 1220 3158 adhibet,
1252 3094 1351 3155 quam
1380 3079 1464 3154 repit
1495 3079 1593 3140 humi

246 3171 248 3176 ’
315 3199 422 3244 sermo
457 3183 552 3244 exilis
581 3183 615 3244 et
647 3182 816 3243 iteratione
848 3183 976 3243 tardus!
1005 3182 1057 3242 Nil
1080 3183 1202 3244 mirum
1226 3182 1366 3258 proiecto
1389 3182 1419 3241 si
1440 3183 1594 3256 poeticae
1647 3235 1648 3252 ,

314 3286 468 3347 orationis
499 3283 650 3358 exempla
679 3282 907 3356 quaerentibus
937 3284 1012 3344 hinc
1038 3283 1117 3343 nihii
1150 3284 1226 3361 iere,
1260 3283 1343 3358 quod
1371 3297 1488 3358 operae
1522 3299 1594 3358 pre·
1647 3267 1648 3280 ¹

313 3387 398 3447 tium
435 3386 489 3462 sit,
528 3384 684 3460 provenit.
731 3382 840 3443 Unum
883 3386 944 3459 est,
980 3385 1062 3456 quod
1098 3385 1241 3458 antiquis
1271 3399 1386 3460 parum
1419 3386 1594 3459 cognitum

314 3489 366 3549 hio
396 3488 526 3549 adhibet
563 3485 789 3566 Callimachus,
821 3485 1017 3546 adiectivum
1049 3483 1166 3564 λιτὸς,
1195 3486 1266 3548 ideo
1296 3487 1435 3548 tortasse
1469 3491 1596 3549 notatu

313 3589 457 3665 dignum,
492 3588 568 3662 quia
600 3601 685 3647 nunc
718 3586 887 3660 opponitur
922 3587 992 3647 voci
1028 3583 1133 3659 ἐσθλὸς
1168 3590 1201 3648 et
1232 3589 1345 3649 eodem
1377 3588 1443 3650 iere
1473 3591 1598 3651 redeat

313 3705 446 3752 necesse
470 3692 521 3751 est
547 3704 585 3750 ao
604 3689 633 3749 si
652 3683 789 3765 „iupa”
813 3688 960 3764 dixisset,
985 3704 1061 3748 cum
1084 3689 1118 3749 in
1142 3688 1283 3752 Lucumo
1305 3689 1444 3752 Palladis
1467 3705 1522 3753 vs.
1551 3695 1596 3754 25

314 3789 409 3870 (,,λιιὰ
427 3791 582 3870 χρίμαια”)
607 3792 785 3854 secundum
805 3805 902 3851 usum
924 3790 1093 3864 vulgatum
1117 3791 1298 3852 adhibitum
1318 3792 1372 3852 sit.
1393 3793 1431 3852 In
1451 3807 1598 3866 sequen·

313 3895 401 3956 tibus
430 3900 541 3956 autem
571 3896 649 3956 dum
682 3893 814 3968 tragicis
850 3892 1015 3953 vocabulis
1050 3892 1205 3953 orationis
1227 3893 1416 3967 languorem
1441 3895 1599 3958 excitare
1647 3881 1648 3886 ’

314 3997 423 4059 studet
446 4000 480 4058 et
502 3997 660 4070 attollere,
684 3996 785 4056 veluti
809 4009 858 4055 vs.
887 3994 926 4054 12
950 3994 1120 4056 adiectlvis
1143 3991 1344 4071 σιωπηλὸς
1367 3997 1401 4055 et
1423 3989 1599 4072 ἅψοφος

314 4099 363 4170 (de
394 4100 510 4172 quibus
540 4098 607 4158 ism
639 4097 780 4157 vidimus
811 4111 881 4171 pag.
909 4096 993 4170 185),
1024 4095 1171 4156 imitatur
1202 4095 1410 4171 sophocieum
1440 4091 1599 4174 ,dpopov

314 4197 396 4279 φέρει
419 4199 527 4277 βάσιν”
552 4198 660 4260 ibach.
685 4198 760 4273 967,
783 4197 847 4256 levi
866 4198 1056 4271 mutatione,
1078 4211 1154 4256 nom
1175 4197 1254 4258 dicit
1275 4193 1418 4274 ,opopa
1441 4195 1600 4275 ἴχνος”,

314 4302 397 4375 quod
420 4301 525 4362 forma
547 4303 644 4361 tenus
666 4314 742 4360 cum
764 4297 855 4372 epico
878 4313 1027 4359 sermone
1051 4300 1222 4360 convenire
1246 4300 1388 4360 vidimus
1410 4314 1483 4374 pag.
1517 4306 1599 4366 167.

313 4404 350 4465 In
382 4417 460 4464 voce
491 4401 614 4480 κίθαριν
637 4403 707 4461 tam
732 4400 783 4460 hic
806 4414 903 4473 quarn
929 4413 1025 4460 versu
1053 4402 1091 4460 19
1116 4402 1241 4476 epicam
1265 4400 1404 4462 formam
1428 4407 1599 4468 servavit.
1647 4391 1648 4402 ³

357 4504 452 4565 Brevi
487 4504 516 4564 si
549 4503 653 4564 dicere
684 4501 835 4563 volumus
865 4501 904 4562 ds
935 4500 1144 4562 callimacheo
1176 4518 1238 4562 usu
1267 4502 1356 4563 verbi
1379 4497 1510 4580 μέλλειν,
1544 4507 1601 4572 hie

313 4608 451 4668 fortasse
472 4607 510 4666 ad
530 4606 629 4667 verba
652 4600 801 4664 τελέειν
824 4600 1012 4680 μέλλουσι
1036 4607 1093 4674 (vs.
1111 4604 1160 4673 14)
1181 4603 1372 4678 aptissimus
1392 4604 1445 4664 est
1459 4605 1601 4671 dicendi

312 4709 412 4772 locus
432 4709 470 4769 ln
490 4707 679 4769 conferendo
700 4709 811 4766 autern
833 4705 1020 4766 Callimachi
1033 4720 1130 4764 usum
1143 4721 1218 4766 cum
1231 4706 1393 4766 homerico
1405 4721 1470 4768 non
1483 4707 1601 4776 habeo
