3068 5294
18 75 31 126 ³
99 105 142 165 iv.
164 106 334 164 rae-227
687 108 748 165 ree

97 296 222 355 insulam
245 310 328 368 quae
351 295 477 354 tamdiu
499 290 573 353 κατὰ
595 293 705 354 πόντον
728 292 864 372 ἀλωμένη
888 309 1027 367 aequora
1049 294 1189 354 oerrtcact
1211 291 1349 367 ,πόντοιο

97 396 193 474 οάρον”
217 410 303 456 nunc
326 395 430 456 dicere
453 397 580 456 statuit.

36 548 37 553 ,
133 497 184 574 Qui
214 496 353 558 fortasse
376 498 521 572 miretur,
552 513 600 558 va.
626 498 689 557 226
713 499 823 557 minus
850 499 1027 559 verecunde
1051 497 1167 557 Iridem
1192 496 1349 556 adversus

41 606 42 611 ’
96 600 235 660 lunonem
257 598 564 676 allocutionepltu
584 615 677 660 usam
700 615 782 675 esse,
804 600 832 660 is
852 600 980 674 cogitet,
1000 599 1138 659 adiectivt
1158 601 1260 658 vicem
1274 613 1347 658 eam

96 715 192 762 vocem
225 702 276 762 hic
306 700 461 777 obtinere,
489 718 526 762 ac
548 701 691 760 πότνια
714 717 799 763 nunc
821 703 1064 762 substantivum
1087 716 1169 761 esse.
1194 699 1347 760 Observa·

95 807 156 863 rant
172 805 258 863 enim
280 802 500 880 Alexandrini,
524 819 636 865 vocem
660 802 766 863 πότνια
789 805 822 864 in
844 804 1016 865 homericis
1035 803 1107 877 plus
1127 818 1226 876 quam
1245 802 1347 862 semel

95 903 130 970 (id
155 906 234 978 quod
274 906 404 980 saepius
435 904 471 966 iit
498 906 530 965 in
561 906 735 979 tragoedia)
772 907 838 966 vim
873 904 990 965 habere
1024 904 1275 978 substantivam,
1312 905 1348 963 ut

1 969 27 998 ό
94 1006 219 1066 testatur
248 1006 438 1081 Apollonius
468 1006 545 1067 Lex.
571 1008 655 1076 (134.
681 1009 711 1076 9)
745 1004 890 1084 ,σεβοστὴ
919 1003 969 1064 τινὶ
992 1003 1120 1077 ἔνδοξος.
1144 1001 1159 1064 ό
1184 1001 1216 1064 δὲ
1241 1004 1346 1063 Ἀντίων

93 1101 282 1185 όέονιοινιι,
312 1107 424 1186 τιμίο”.
457 1108 497 1168 l'lt
527 1110 688 1170 citabatur
718 1110 758 1170 ad
785 1110 868 1170 hanc
892 1107 1161 1183 significationem
1184 1102 1346 1177 (δέσποινα)

16 1213 20 1222 ·
93 1206 304 1270 vindicandam
339 1226 402 1271 non
436 1211 542 1270 solum
582 1213 617 1270 Φ.
653 1212 719 1272 470
759 1209 883 1286 ,πότνια
917 1211 1056 1288 θηρῶν·’,
1097 1223 1211 1269 verum
1246 1208 1345 1268 etiam

17 1390 25 1399 .
89 1304 189 1380 hymn.
219 1313 254 1372 ι’νι
288 1310 386 1372 Oerer.
419 1312 482 1372 203
518 1310 661 1386 ,πότνιαν
691 1308 819 1391 ἁμνην”.
853 1311 1070 1372 Callimachus
1101 1313 1211 1370 autem
1240 1309 1347 1384 modo,

12 1391 29 1498 J!
87 1407 164 1471 sicut
191 1414 384 1488 saepissime
415 1413 587 1489 Homerus,
619 1414 698 1475 deae
728 1413 896 1474 cuiusdam
926 1413 1049 1472 nomini
1073 1411 1219 1485 adiungit
1241 1410 1347 1470 πότνια

12 1487 29 1598 f
86 1507 129 1574 (V.
149 1516 188 1574 55
210 1508 302 1574 πότνι’
329 1514 483 1591 Ἀθηναία,
505 1515 558 1575 VI.
584 1516 626 1575 50
648 1514 755 1574 πότνια
779 1514 933 1591 Δαμάτηρ)
957 1514 1062 1589 modo,
1088 1514 1171 1586 quod
1196 1513 1346 1586 frequens

4 1671 21 1710 c
82 1607 113 1670 in
144 1617 273 1691 hymnis
303 1617 485 1693 homericis,
517 1617 605 1678 nullo
628 1619 758 1679 nomine
782 1618 889 1678 addito
914 1617 1013 1691 ponit,
1040 1617 1134 1689 idque
1158 1615 1346 1689 plerumque

80 1708 111 1771 in
143 1734 255 1778 versus
286 1719 363 1779 sede
396 1720 501 1792 prima
532 1720 598 1791 (Ill.
634 1722 706 1795 136,
733 1721 806 1795 210,
832 1720 907 1794 225,
933 1719 1092 1792 25931v.
1120 1719 1199 1792 123;
1224 1717 1260 1778 V.
1286 1717 1342 1791 863

80 1810 132 1880 VI.
159 1824 198 1881 10
208 1825 238 1896 ;),
267 1822 325 1881 aut
354 1820 490 1894 denique
513 1822 583 1882 sive
607 1821 765 1883 adiectivo
793 1821 863 1881 sive
887 1819 1021 1881 articulo
1044 1819 1151 1880 addito
1175 1819 1268 1892 plane
1292 1833 1347 1892 pro
1380 1871 1381 1878 ,

75 1921 282 1984 substantivo
305 1916 418 1983 utitur.
444 1921 490 1982 (li.
514 1922 568 1983 VI.
594 1924 637 1984 60

321 2023 351 2084 οἳ
372 2019 426 2101 μὲν
449 2018 492 2101 ἄρ’
516 2019 689 2101 ἡμιθνῆτες,
712 2021 773 2084 ἐπεὶ
795 2022 850 2084 τὰν
872 2023 998 2085 πότνιαν
1021 2015 1112 2100 εἶδον,

320 2122 459 2198 ἐξαπίνας
481 2122 661 2205 ἀπόρουσαν.

70 2215 198 2289 Eodem
223 2227 317 2289 modo
341 2226 412 2305 φίλη
435 2225 541 2286 πότνια
565 2229 676 2288 nostro
699 2228 768 2288 loco
792 2228 915 2288 dictum
938 2231 998 2288 est.

116 2330 156 2391 In
181 2332 328 2390 extremo
353 2343 449 2389 versu
472 2327 575 2390 obiter
597 2329 775 2390 notandum
799 2331 851 2389 est
873 2329 999 2400 δούλοις.
1020 2329 1084 2388 Res
1105 2329 1155 2388 est
1174 2328 1347 2388 notissima

1 2421 2 2427 ’
66 2416 267 2507 Homerum,
290 2431 367 2492 licet
389 2429 558 2508 δουλοσύνη
581 2433 614 2492 et
637 2429 755 2502 δούλιος
777 2432 913 2507 noverit,
935 2429 1139 2491 substantivo
1159 2428 1252 2505 δούλη
1273 2430 1346 2490 duo·

66 2518 134 2594 bus
167 2534 298 2593 tantum
329 2532 408 2592 locis
438 2547 535 2593 usum
559 2547 641 2593 esse.
666 2532 807 2608 Quorum
832 2532 934 2592 altero
961 2529 1197 2611 ,Μεγαπένθης
1221 2529 1252 2590 ἐκ
1277 2530 1347 2591 δού-

64 2625 146 2707 Ᾱης”
172 2633 211 2706 (δ.
237 2635 287 2706 12)
319 2635 441 2696 scholia
471 2636 605 2695 monent
635 2634 806 2696 nonnullos
838 2634 939 2694 Dulen
970 2649 1027 2708 pro
1058 2634 1188 2696 nomine
1221 2634 1347 2709 proprio

66 2738 240 2813 accepisse
278 2734 347 2812 ,διὰ
379 2734 412 2795 τὸ
445 2733 590 2814 μηδέποτε
623 2733 717 2815 λέγειν
756 2734 833 2795 ollae)
867 2733 919 2795 τόν
954 2733 1081 2812 ποιητὴν
1112 2733 1166 2812 τὴν
1199 2734 1345 2814 θεράπαι-

66 2843 152 2896 ναν”
196 2840 231 2900 et
271 2853 344 2899 eam
384 2839 489 2912 ipsam
528 2838 566 2898 ob
605 2852 739 2899 causam
770 2837 901 2898 eosdem
931 2837 1165 2911 grammaticos
1198 2839 1346 2912 spurium

67 2931 209 3002 duxisse
233 2955 364 3000 versum
388 2942 420 2998 Γ.
445 2942 509 3001 409
536 2938 648 3015 ,εἰσόκε
672 2933 701 2997 σ’
725 2935 745 3017 ἢ
765 2936 872 3017 ἄλοχον
891 2938 1054 3016 ποιήσεται,
1072 2935 1091 3016 ό)
1112 2937 1129 2999 ό
1147 2960 1179 3018 γε
1200 2940 1345 3017 όούλην”,

69 3036 122 3103 (cl.
160 3041 381 3102 Aristonicum
417 3042 456 3102 ad
487 3044 519 3100 Γ.
552 3042 636 3111 395).
668 3042 738 3102 Non
771 3042 899 3102 videtur
929 3057 1040 3103 eorum
1072 3042 1212 3116 opinioni
1236 3043 1345 3104 favere

68 3147 196 3219 noster,
227 3143 322 3215 idque
352 3142 490 3203 fortasse
520 3157 583 3202 non
605 3143 739 3216 iniurla;
764 3145 800 3203 at
823 3143 980 3204 translate
1004 3146 1040 3203 ut
1063 3145 1115 3204 hic
1139 3144 1345 3206 substantivo

69 3247 166 3320 usus,
188 3245 396 3320 tragicorum,
420 3245 507 3304 certe
529 3259 593 3304 non
613 3244 756 3321 Homeri,
780 3259 964 3306 sermonem
988 3246 1138 3320 loquitur.

116 3348 165 3407 De
197 3345 313 3421 plurali
342 3342 492 3424 ὑμετέροις
522 3346 562 3406 ad
586 3361 635 3407 vs.
660 3346 734 3422 204,
758 3347 796 3407 de
819 3348 927 3407 verbis
953 3342 1063 3423 ,πέσον
1086 3343 1267 3407 πατέονσιν”
1304 3349 1343 3408 ad

71 3451 123 3508 vs.
148 3449 192 3510 62
223 3448 320 3508 huius
350 3448 463 3521 hymni
494 3448 616 3508 dictum
648 3451 707 3509 est.
740 3448 819 3510 Vocl
849 3451 959 3509 autem
984 3446 1129 3532 ἐφιτμη
1160 3465 1233 3510 eam
1258 3449 1344 3510 (ledit

71 3550 188 3611 sedem
210 3563 311 3623 quam
334 3551 460 3609 tantum
486 3565 549 3610 non
573 3565 702 3624 semper
724 3553 859 3624 occupat
882 3551 966 3624 apud
989 3550 1178 3612 Homerum.

118 3750 174 3812 VS.
199 3752 274 3813 228.
320 3743 350 3831 ἦ,
370 3749 421 3811 καὶ
441 3749 501 3811 ὑπὸ
523 3752 660 3832 χρύσειον
684 3750 820 3814 ἐόέθλιον
844 3753 884 3826 trs
906 3754 989 3815 κύων
1014 3751 1063 3832 ὣς,

323 3851 485 3933 Ἀρτέμιδος
508 3853 571 3933 ἥτις
591 3877 631 3933 τε,
652 3860 730 3934 θοῆς
754 3854 799 3916 ὅτε
822 3855 966 3916 παύσεται
990 3853 1093 3936 ύγρης,

200 3956 265 4017 230
322 3953 374 4027 ἶζει
395 3954 560 4035 θηρήτειρα
582 3951 648 4035 παρ’
674 3955 794 4035 ἴχνεσιν,
821 3954 914 4017 ούατα
937 3951 968 4016 ‹l’
994 3956 1087 4034 αὐτῆς

323 4053 401 4133 ὀρθὰ
423 4051 500 4134 μόλ’,
521 4053 586 4117 αἰὲν
610 4055 710 4135 ἑτοῖμα
732 4062 807 4136 θεῆς
830 4056 997 4136 ὑποδέχθαι
1021 4055 1159 4136 ὁμοκλήν.

320 4168 356 4242 τη
379 4155 458 4236 ἰκέλη
485 4158 661 4238 Θαύμαντος
684 4158 744 4220 ύπό
768 4159 883 4239 θρόνον
906 4160 978 4233 ἵζετο
1002 4161 1108 4240 κούρη,

322 4258 405 4338 κείνη
429 4255 456 4320 δ’
484 4256 648 4321 οὐδέποτε
671 4258 812 4340 σφετέρης
835 4259 1006 4339 ἐπιλήθεται
1029 4258 1126 4338 ἕδρης,
