<?xml version="1.0" encoding="UTF-8"?>
<!DOCTYPE html PUBLIC "-//W3C//DTD XHTML 1.0 Transitional//EN"
    "http://www.w3.org/TR/xhtml1/DTD/xhtml1-transitional.dtd">
<html xmlns="http://www.w3.org/1999/xhtml" xml:lang="en" lang="en">
 <head>
  <title>
</title>
<meta http-equiv="Content-Type" content="text/html;charset=utf-8" />
  <meta name='ocr-system' content='tesseract 3.04.00' />
  <meta name='ocr-capabilities' content='ocr_page ocr_carea ocr_par ocr_line ocrx_word'/>
</head>
<body>
  <div class='ocr_page' id='page_1' title='image "./studiacallimach01kuipgoog_0294.png"; bbox 0 0 3314 5436; ppageno 0'>
   <div class='ocr_carea' id='block_1_1' title="bbox 698 576 740 640">
    <p class='ocr_par' dir='ltr' id='par_1_1' title="bbox 698 576 740 640">
     <span class='ocr_line' id='line_1_1' title="bbox 698 576 740 640; baseline 0 0"><span class='ocrx_word' id='word_1_1' title='bbox 698 576 740 640; x_wconf 81' lang='grc'>33</span> 
     </span>
    </p>
   </div>
   <div class='ocr_carea' id='block_1_2' title="bbox 79 764 1408 4604">
    <p class='ocr_par' dir='ltr' id='par_1_2' title="bbox 80 764 1358 1760">
     <span class='ocr_line' id='line_1_2' title="bbox 125 764 1356 842; baseline 0.002 -15"><span class='ocrx_word' id='word_1_2' title='bbox 125 766 232 828; x_wconf 82' lang='lat' dir='ltr'>Simili</span> <span class='ocrx_word' id='word_1_3' title='bbox 254 780 353 828; x_wconf 87' lang='lat' dir='ltr'>causa</span> <span class='ocrx_word' id='word_1_4' title='bbox 375 765 533 828; x_wconf 86' lang='lat' dir='ltr'>adductus</span> <span class='ocrx_word' id='word_1_5' title='bbox 555 766 653 842; x_wconf 84' lang='lat' dir='ltr'>poeta</span> <span class='ocrx_word' id='word_1_6' title='bbox 674 765 798 842; x_wconf 80' lang='lat' dir='ltr'><strong>hymno</strong></span> <span class='ocrx_word' id='word_1_7' title='bbox 820 764 874 827; x_wconf 91' lang='lat' dir='ltr'>IV.</span> <span class='ocrx_word' id='word_1_8' title='bbox 896 767 938 828; x_wconf 80' lang='grc'>73</span> <span class='ocrx_word' id='word_1_9' title='bbox 963 765 1102 842; x_wconf 81' lang='lat' dir='ltr'>Sicyone</span> <span class='ocrx_word' id='word_1_10' title='bbox 1126 781 1192 829; x_wconf 91' lang='lat' dir='ltr'>non</span> <span class='ocrx_word' id='word_1_11' title='bbox 1211 767 1356 830; x_wconf 91' lang='lat' dir='ltr'>nomina-</span> 
     </span>
     <span class='ocr_line' id='line_1_3' title="bbox 84 866 1355 946; baseline 0.002 -18"><span class='ocrx_word' id='word_1_12' title='bbox 84 869 128 928; x_wconf 85' lang='lat' dir='ltr'>vit</span> <span class='ocrx_word' id='word_1_13' title='bbox 159 867 319 946; x_wconf 79' lang='grc' dir='ltr'><strong><em>Μηνώνην</em></strong></span> <span class='ocrx_word' id='word_1_14' title='bbox 351 902 392 912; x_wconf 92' lang='grc'>-</span> <span class='ocrx_word' id='word_1_15' title='bbox 424 870 461 930; x_wconf 76' lang='lat' dir='ltr'>ut</span> <span class='ocrx_word' id='word_1_16' title='bbox 490 867 568 928; x_wconf 76' lang='lat' dir='ltr'>fecii</span> <span class='ocrx_word' id='word_1_17' title='bbox 596 866 781 942; x_wconf 72' lang='lat' dir='ltr'>fragmento</span> <span class='ocrx_word' id='word_1_18' title='bbox 814 868 877 928; x_wconf 85' lang='grc'>195</span> <span class='ocrx_word' id='word_1_19' title='bbox 908 867 1089 930; x_wconf 78' lang='lat' dir='ltr'>Hesiodum</span> <span class='ocrx_word' id='word_1_20' title='bbox 1123 867 1245 945; x_wconf 64' lang='lat' dir='ltr'>(moy.</span> <span class='ocrx_word' id='word_1_21' title='bbox 1278 871 1355 941; x_wconf 79' lang='lat'><strong>536)</strong></span> 
     </span>
     <span class='ocr_line' id='line_1_4' title="bbox 82 967 1356 1049; baseline 0.002 -19"><span class='ocrx_word' id='word_1_22' title='bbox 82 972 212 1030; x_wconf 87' lang='lat' dir='ltr'>secutus</span> <span class='ocrx_word' id='word_1_23' title='bbox 237 970 357 1030; x_wconf 88' lang='lat' dir='ltr'>-sed</span> <span class='ocrx_word' id='word_1_24' title='bbox 393 967 545 1049; x_wconf 77' lang='grc' dir='ltr'><strong><em>Αἰγιαλόν.</em></strong></span> <span class='ocrx_word' id='word_1_25' title='bbox 577 967 729 1030; x_wconf 84' lang='lat' dir='ltr'>Ceterum</span> <span class='ocrx_word' id='word_1_26' title='bbox 760 983 846 1030; x_wconf 89' lang='lat' dir='ltr'>nunc</span> <span class='ocrx_word' id='word_1_27' title='bbox 877 968 1022 1046; x_wconf 83' lang='lat' dir='ltr'>quidem,</span> <span class='ocrx_word' id='word_1_28' title='bbox 1066 970 1101 1032; x_wconf 93' lang='lat' dir='ltr'>in</span> <span class='ocrx_word' id='word_1_29' title='bbox 1135 970 1356 1032; x_wconf 86' lang='lat' dir='ltr'>enumerando</span> 
     </span>
     <span class='ocr_line' id='line_1_5' title="bbox 82 1070 1355 1147; baseline 0.003 -16"><span class='ocrx_word' id='word_1_30' title='bbox 82 1086 135 1131; x_wconf 88' lang='lat' dir='ltr'>eas</span> <span class='ocrx_word' id='word_1_31' title='bbox 156 1072 321 1147; x_wconf 78' lang='lat' dir='ltr'><strong>regiones,</strong></span> <span class='ocrx_word' id='word_1_32' title='bbox 344 1085 428 1146; x_wconf 89' lang='lat' dir='ltr'>quae</span> <span class='ocrx_word' id='word_1_33' title='bbox 450 1070 584 1133; x_wconf 89' lang='lat' dir='ltr'>iunonis</span> <span class='ocrx_word' id='word_1_34' title='bbox 603 1070 689 1131; x_wconf 92' lang='lat' dir='ltr'>dicto</span> <span class='ocrx_word' id='word_1_35' title='bbox 708 1071 860 1145; x_wconf 85' lang='lat' dir='ltr'>parentes</span> <span class='ocrx_word' id='word_1_36' title='bbox 880 1070 1069 1132; x_wconf 77' lang='lat' dir='ltr'>recederent</span> <span class='ocrx_word' id='word_1_37' title='bbox 1088 1087 1109 1132; x_wconf 85' lang='lat' dir='ltr'>a</span> <span class='ocrx_word' id='word_1_38' title='bbox 1127 1071 1251 1135; x_wconf 83' lang='lat' dir='ltr'>Letone</span> <span class='ocrx_word' id='word_1_39' title='bbox 1270 1072 1355 1134; x_wconf 88' lang='lat' dir='ltr'>labo·</span> 
     </span>
     <span class='ocr_line' id='line_1_6' title="bbox 82 1171 1357 1250; baseline 0.002 -16"><span class='ocrx_word' id='word_1_40' title='bbox 82 1175 185 1250; x_wconf 87' lang='lat' dir='ltr'>rante,</span> <span class='ocrx_word' id='word_1_41' title='bbox 221 1174 391 1249; x_wconf 87' lang='lat' dir='ltr'>aptissime</span> <span class='ocrx_word' id='word_1_42' title='bbox 421 1172 501 1234; x_wconf 88' lang='lat' dir='ltr'>iilud</span> <span class='ocrx_word' id='word_1_43' title='bbox 531 1187 651 1235; x_wconf 89' lang='lat' dir='ltr'>nomen</span> <span class='ocrx_word' id='word_1_44' title='bbox 682 1171 789 1248; x_wconf 79' lang='lat' dir='ltr'>elegit.</span> <span class='ocrx_word' id='word_1_45' title='bbox 821 1172 952 1248; x_wconf 87' lang='lat' dir='ltr'>Optime</span> <span class='ocrx_word' id='word_1_46' title='bbox 984 1175 1073 1236; x_wconf 89' lang='lat' dir='ltr'>enim</span> <span class='ocrx_word' id='word_1_47' title='bbox 1104 1174 1257 1236; x_wconf 84' lang='lat' dir='ltr'>convenit</span> <span class='ocrx_word' id='word_1_48' title='bbox 1281 1174 1357 1236; x_wconf 90' lang='lat' dir='ltr'>huic</span> 
     </span>
     <span class='ocr_line' id='line_1_7' title="bbox 81 1274 1356 1351; baseline 0 -15"><span class='ocrx_word' id='word_1_49' title='bbox 81 1275 257 1336; x_wconf 72' lang='lat' dir='ltr'>narrationi</span> <span class='ocrx_word' id='word_1_50' title='bbox 272 1274 418 1350; x_wconf 81' lang='lat' dir='ltr'>Aegialei</span> <span class='ocrx_word' id='word_1_51' title='bbox 433 1274 607 1350; x_wconf 87' lang='lat' dir='ltr'>memoria,</span> <span class='ocrx_word' id='word_1_52' title='bbox 628 1274 721 1335; x_wconf 89' lang='lat' dir='ltr'>cuius</span> <span class='ocrx_word' id='word_1_53' title='bbox 740 1274 866 1335; x_wconf 81' lang='lat' dir='ltr'>famam</span> <span class='ocrx_word' id='word_1_54' title='bbox 884 1274 1026 1350; x_wconf 75' lang='lat' dir='ltr'>ingenua</span> <span class='ocrx_word' id='word_1_55' title='bbox 1044 1275 1176 1337; x_wconf 89' lang='lat' dir='ltr'>traditio</span> <span class='ocrx_word' id='word_1_56' title='bbox 1194 1275 1356 1351; x_wconf 83' lang='lat' dir='ltr'>sicyonio·</span> 
     </span>
     <span class='ocr_line' id='line_1_8' title="bbox 81 1374 1357 1452; baseline -0.001 -13"><span class='ocrx_word' id='word_1_57' title='bbox 81 1393 151 1438; x_wconf 87' lang='lat' dir='ltr'>rum</span> <span class='ocrx_word' id='word_1_58' title='bbox 171 1377 334 1439; x_wconf 83' lang='lat' dir='ltr'>servabat.</span> <span class='ocrx_word' id='word_1_59' title='bbox 355 1375 453 1436; x_wconf 82' lang='lat' dir='ltr'>Urbis</span> <span class='ocrx_word' id='word_1_60' title='bbox 473 1374 622 1450; x_wconf 84' lang='lat' dir='ltr'>Sicyonis</span> <span class='ocrx_word' id='word_1_61' title='bbox 641 1376 817 1436; x_wconf 87' lang='lat' dir='ltr'>conditoris</span> <span class='ocrx_word' id='word_1_62' title='bbox 837 1376 958 1452; x_wconf 78' lang='lat' dir='ltr'>morat,</span> <span class='ocrx_word' id='word_1_63' title='bbox 979 1379 1015 1438; x_wconf 87' lang='lat' dir='ltr'>at</span> <span class='ocrx_word' id='word_1_64' title='bbox 1033 1375 1121 1438; x_wconf 85' lang='lat' dir='ltr'>iilius</span> <span class='ocrx_word' id='word_1_65' title='bbox 1139 1377 1228 1439; x_wconf 91' lang='lat' dir='ltr'>illius</span> <span class='ocrx_word' id='word_1_66' title='bbox 1244 1378 1357 1440; x_wconf 82' lang='lat' dir='ltr'>Inachi</span> 
     </span>
     <span class='ocr_line' id='line_1_9' title="bbox 81 1477 1358 1555; baseline 0 -15"><span class='ocrx_word' id='word_1_67' title='bbox 81 1482 132 1555; x_wconf 90' lang='lat' dir='ltr'>qui</span> <span class='ocrx_word' id='word_1_68' title='bbox 163 1479 243 1540; x_wconf 91' lang='lat' dir='ltr'>olim</span> <span class='ocrx_word' id='word_1_69' title='bbox 274 1479 359 1539; x_wconf 89' lang='lat' dir='ltr'>inter</span> <span class='ocrx_word' id='word_1_70' title='bbox 386 1477 575 1554; x_wconf 83' lang='lat' dir='ltr'>Neptunum</span> <span class='ocrx_word' id='word_1_71' title='bbox 606 1492 643 1538; x_wconf 91' lang='lat' dir='ltr'>ac</span> <span class='ocrx_word' id='word_1_72' title='bbox 675 1477 834 1538; x_wconf 89' lang='lat' dir='ltr'>Iunonem</span> <span class='ocrx_word' id='word_1_73' title='bbox 865 1477 959 1540; x_wconf 88' lang='lat' dir='ltr'>litem</span> <span class='ocrx_word' id='word_1_74' title='bbox 978 1477 1136 1540; x_wconf 82' lang='lat' dir='ltr'>dirimens</span> <span class='ocrx_word' id='word_1_75' title='bbox 1158 1479 1358 1541; x_wconf 86' lang='lat' dir='ltr'>sententiam</span> 
     </span>
     <span class='ocr_line' id='line_1_10' title="bbox 81 1579 1358 1656; baseline -0.002 -14"><span class='ocrx_word' id='word_1_76' title='bbox 81 1581 212 1642; x_wconf 87' lang='lat' dir='ltr'>tulisset</span> <span class='ocrx_word' id='word_1_77' title='bbox 242 1580 377 1641; x_wconf 89' lang='lat' dir='ltr'>deorum</span> <span class='ocrx_word' id='word_1_78' title='bbox 407 1579 539 1655; x_wconf 78' lang='lat' dir='ltr'>reginas</span> <span class='ocrx_word' id='word_1_79' title='bbox 569 1579 763 1656; x_wconf 85' lang='lat' dir='ltr'>secundam,</span> <span class='ocrx_word' id='word_1_80' title='bbox 796 1579 985 1654; x_wconf 88' lang='lat' dir='ltr'>primusque</span> <span class='ocrx_word' id='word_1_81' title='bbox 1012 1595 1108 1642; x_wconf 88' lang='lat' dir='ltr'>sacra</span> <span class='ocrx_word' id='word_1_82' title='bbox 1129 1579 1246 1642; x_wconf 91' lang='lat' dir='ltr'>iunoni</span> <span class='ocrx_word' id='word_1_83' title='bbox 1268 1581 1358 1642; x_wconf 91' lang='lat' dir='ltr'>insti·</span> 
     </span>
     <span class='ocr_line' id='line_1_11' title="bbox 80 1679 725 1760; baseline -0.003 -16"><span class='ocrx_word' id='word_1_84' title='bbox 80 1683 206 1744; x_wconf 87' lang='lat' dir='ltr'>tuisset.</span> <span class='ocrx_word' id='word_1_85' title='bbox 231 1681 317 1743; x_wconf 89' lang='lat' dir='ltr'>Hinc</span> <span class='ocrx_word' id='word_1_86' title='bbox 338 1679 480 1760; x_wconf 84' lang='grc' dir='ltr'><strong><em>Αλγιαλὸς</em></strong></span> <span class='ocrx_word' id='word_1_87' title='bbox 500 1696 576 1742; x_wconf 91' lang='lat' dir='ltr'>cara</span> <span class='ocrx_word' id='word_1_88' title='bbox 598 1680 725 1742; x_wconf 87' lang='lat' dir='ltr'>Iunoni.</span> 
     </span>
    </p>

    <p class='ocr_par' dir='ltr' id='par_1_3' title="bbox 79 1782 1360 2979">
     <span class='ocr_line' id='line_1_12' title="bbox 122 1782 1355 1859; baseline 0 -15"><span class='ocrx_word' id='word_1_89' title='bbox 122 1783 186 1844; x_wconf 84' lang='lat' dir='ltr'>Vix</span> <span class='ocrx_word' id='word_1_90' title='bbox 218 1797 352 1844; x_wconf 85' lang='lat' dir='ltr'>necesse</span> <span class='ocrx_word' id='word_1_91' title='bbox 381 1784 433 1844; x_wconf 87' lang='lat' dir='ltr'>est</span> <span class='ocrx_word' id='word_1_92' title='bbox 462 1782 543 1844; x_wconf 85' lang='lat' dir='ltr'>hacc</span> <span class='ocrx_word' id='word_1_93' title='bbox 573 1783 726 1858; x_wconf 80' lang='lat' dir='ltr'>exempla</span> <span class='ocrx_word' id='word_1_94' title='bbox 755 1797 883 1859; x_wconf 81' lang='lat' dir='ltr'>augere.</span> <span class='ocrx_word' id='word_1_95' title='bbox 916 1783 1002 1844; x_wconf 85' lang='lat' dir='ltr'>Nam</span> <span class='ocrx_word' id='word_1_96' title='bbox 1029 1783 1118 1844; x_wconf 84' lang='lat' dir='ltr'>valet</span> <span class='ocrx_word' id='word_1_97' title='bbox 1140 1784 1207 1846; x_wconf 88' lang='lat' dir='ltr'>iere</span> <span class='ocrx_word' id='word_1_98' title='bbox 1230 1784 1264 1845; x_wconf 93' lang='lat' dir='ltr'>in</span> <span class='ocrx_word' id='word_1_99' title='bbox 1287 1783 1355 1844; x_wconf 92' lang='lat' dir='ltr'>uni·</span> 
     </span>
     <span class='ocr_line' id='line_1_13' title="bbox 80 1883 1357 1961; baseline 0.002 -17"><span class='ocrx_word' id='word_1_100' title='bbox 80 1901 213 1946; x_wconf 87' lang='lat' dir='ltr'>versum</span> <span class='ocrx_word' id='word_1_101' title='bbox 236 1885 276 1946; x_wconf 89' lang='lat' dir='ltr'>de</span> <span class='ocrx_word' id='word_1_102' title='bbox 298 1883 498 1946; x_wconf 77' lang='lat' dir='ltr'>Callimacho</span> <span class='ocrx_word' id='word_1_103' title='bbox 522 1917 563 1929; x_wconf 88' lang='grc'>-</span> <span class='ocrx_word' id='word_1_104' title='bbox 587 1884 671 1960; x_wconf 93' lang='lat' dir='ltr'>quod</span> <span class='ocrx_word' id='word_1_105' title='bbox 695 1885 728 1944; x_wconf 90' lang='lat' dir='ltr'>in</span> <span class='ocrx_word' id='word_1_106' title='bbox 751 1883 921 1960; x_wconf 84' lang='lat' dir='ltr'>Apollonio</span> <span class='ocrx_word' id='word_1_107' title='bbox 945 1900 1072 1961; x_wconf 91' lang='lat' dir='ltr'>quoque</span> <span class='ocrx_word' id='word_1_108' title='bbox 1094 1901 1157 1948; x_wconf 88' lang='lat' dir='ltr'>usn</span> <span class='ocrx_word' id='word_1_109' title='bbox 1180 1884 1271 1947; x_wconf 84' lang='lat' dir='ltr'>venit</span> <span class='ocrx_word' id='word_1_110' title='bbox 1296 1901 1357 1946; x_wconf 92' lang='lat'>—:</span> 
     </span>
     <span class='ocr_line' id='line_1_14' title="bbox 79 1984 1357 2063; baseline 0.002 -17"><span class='ocrx_word' id='word_1_111' title='bbox 79 1987 228 2062; x_wconf 79' lang='lat' dir='ltr'>religioni</span> <span class='ocrx_word' id='word_1_112' title='bbox 257 1986 288 2047; x_wconf 92' lang='lat' dir='ltr'>ei</span> <span class='ocrx_word' id='word_1_113' title='bbox 319 1988 371 2047; x_wconf 90' lang='lat' dir='ltr'>est</span> <span class='ocrx_word' id='word_1_114' title='bbox 400 1987 434 2046; x_wconf 93' lang='lat' dir='ltr'>in</span> <span class='ocrx_word' id='word_1_115' title='bbox 465 1984 665 2048; x_wconf 87' lang='lat' dir='ltr'>carminibus</span> <span class='ocrx_word' id='word_1_116' title='bbox 690 1986 842 2047; x_wconf 88' lang='lat' dir='ltr'>omittere</span> <span class='ocrx_word' id='word_1_117' title='bbox 865 2001 918 2063; x_wconf 89' lang='lat' dir='ltr'>ea,</span> <span class='ocrx_word' id='word_1_118' title='bbox 944 2001 1027 2062; x_wconf 87' lang='lat' dir='ltr'>quae</span> <span class='ocrx_word' id='word_1_119' title='bbox 1054 1988 1187 2050; x_wconf 86' lang='lat' dir='ltr'>traditio</span> <span class='ocrx_word' id='word_1_120' title='bbox 1210 1987 1357 2050; x_wconf 92' lang='lat' dir='ltr'>locorum</span> 
     </span>
     <span class='ocr_line' id='line_1_15' title="bbox 79 2088 1358 2165; baseline 0.002 -17"><span class='ocrx_word' id='word_1_121' title='bbox 79 2103 158 2162; x_wconf 89' lang='lat' dir='ltr'>qnae</span> <span class='ocrx_word' id='word_1_122' title='bbox 185 2089 363 2164; x_wconf 88' lang='lat' dir='ltr'>memorat,</span> <span class='ocrx_word' id='word_1_123' title='bbox 392 2089 563 2163; x_wconf 84' lang='lat' dir='ltr'>tamquam</span> <span class='ocrx_word' id='word_1_124' title='bbox 585 2088 669 2165; x_wconf 88' lang='lat' dir='ltr'>apud</span> <span class='ocrx_word' id='word_1_125' title='bbox 692 2088 816 2150; x_wconf 87' lang='lat' dir='ltr'>incolas</span> <span class='ocrx_word' id='word_1_126' title='bbox 844 2089 979 2164; x_wconf 89' lang='lat' dir='ltr'>accepta</span> <span class='ocrx_word' id='word_1_127' title='bbox 1001 2089 1104 2151; x_wconf 87' lang='lat' dir='ltr'>docet.</span> <span class='ocrx_word' id='word_1_128' title='bbox 1128 2089 1234 2151; x_wconf 83' lang='lat' dir='ltr'>Ambo</span> <span class='ocrx_word' id='word_1_129' title='bbox 1256 2089 1358 2150; x_wconf 87' lang='lat' dir='ltr'>etiam</span> 
     </span>
     <span class='ocr_line' id='line_1_16' title="bbox 79 2188 1358 2268; baseline 0.002 -18"><span class='ocrx_word' id='word_1_130' title='bbox 79 2205 133 2251; x_wconf 87' lang='lat' dir='ltr'>cas</span> <span class='ocrx_word' id='word_1_131' title='bbox 154 2203 326 2252; x_wconf 85' lang='lat' dir='ltr'>sacrorum</span> <span class='ocrx_word' id='word_1_132' title='bbox 344 2188 490 2251; x_wconf 91' lang='lat' dir='ltr'>locorum</span> <span class='ocrx_word' id='word_1_133' title='bbox 511 2189 704 2251; x_wconf 86' lang='lat' dir='ltr'>traditiones</span> <span class='ocrx_word' id='word_1_134' title='bbox 723 2204 970 2265; x_wconf 88' lang='lat' dir='ltr'>nonnumquam</span> <span class='ocrx_word' id='word_1_135' title='bbox 987 2192 1156 2266; x_wconf 83' lang='lat' dir='ltr'>proferunt</span> <span class='ocrx_word' id='word_1_136' title='bbox 1175 2206 1257 2267; x_wconf 91' lang='lat' dir='ltr'>quae</span> <span class='ocrx_word' id='word_1_137' title='bbox 1277 2192 1358 2268; x_wconf 90' lang='lat' dir='ltr'>ipsis</span> 
     </span>
     <span class='ocr_line' id='line_1_17' title="bbox 80 2285 1358 2369; baseline 0 -17"><span class='ocrx_word' id='word_1_138' title='bbox 80 2292 310 2369; x_wconf 89' lang='lat' dir='ltr'>improbandae</span> <span class='ocrx_word' id='word_1_139' title='bbox 329 2291 481 2353; x_wconf 84' lang='lat' dir='ltr'>videntur</span> <span class='ocrx_word' id='word_1_140' title='bbox 496 2285 527 2362; x_wconf 84' lang='lat'>¹).</span> <span class='ocrx_word' id='word_1_141' title='bbox 547 2291 661 2366; x_wconf 84' lang='lat' dir='ltr'>Itaque</span> <span class='ocrx_word' id='word_1_142' title='bbox 680 2293 709 2352; x_wconf 92' lang='lat' dir='ltr'>si</span> <span class='ocrx_word' id='word_1_143' title='bbox 728 2293 804 2367; x_wconf 90' lang='lat' dir='ltr'>qnid</span> <span class='ocrx_word' id='word_1_144' title='bbox 823 2293 980 2355; x_wconf 82' lang='lat' dir='ltr'>innovare</span> <span class='ocrx_word' id='word_1_145' title='bbox 997 2293 1126 2354; x_wconf 85' lang='lat' dir='ltr'>videtur</span> <span class='ocrx_word' id='word_1_146' title='bbox 1138 2291 1358 2353; x_wconf 78' lang='lat' dir='ltr'>callimachus</span> 
     </span>
     <span class='ocr_line' id='line_1_18' title="bbox 80 2393 1360 2470; baseline -0.001 -16"><span class='ocrx_word' id='word_1_147' title='bbox 80 2395 110 2456; x_wconf 92' lang='lat' dir='ltr'>in</span> <span class='ocrx_word' id='word_1_148' title='bbox 150 2393 351 2470; x_wconf 63' lang='lat' dir='ltr'>ssfflffiphia</span> <span class='ocrx_word' id='word_1_149' title='bbox 387 2408 495 2470; x_wconf 87' lang='lat' dir='ltr'>sacra,</span> <span class='ocrx_word' id='word_1_150' title='bbox 535 2393 564 2454; x_wconf 88' lang='lat' dir='ltr'>si</span> <span class='ocrx_word' id='word_1_151' title='bbox 601 2393 677 2468; x_wconf 89' lang='lat' dir='ltr'>quid</span> <span class='ocrx_word' id='word_1_152' title='bbox 710 2408 752 2454; x_wconf 86' lang='lat' dir='ltr'>err</span> <span class='ocrx_word' id='word_1_153' title='bbox 786 2393 936 2468; x_wconf 81' lang='lat' dir='ltr'>mythice</span> <span class='ocrx_word' id='word_1_154' title='bbox 969 2393 1107 2455; x_wconf 87' lang='lat' dir='ltr'>historia</span> <span class='ocrx_word' id='word_1_155' title='bbox 1136 2393 1261 2454; x_wconf 87' lang='lat' dir='ltr'>iactum</span> <span class='ocrx_word' id='word_1_156' title='bbox 1303 2393 1360 2454; x_wconf 86' lang='lat' dir='ltr'>alii</span> 
     </span>
     <span class='ocr_line' id='line_1_19' title="bbox 79 2494 1358 2571; baseline 0.001 -16"><span class='ocrx_word' id='word_1_157' title='bbox 79 2496 202 2571; x_wconf 80' lang='lat' dir='ltr'>regioni</span> <span class='ocrx_word' id='word_1_158' title='bbox 225 2494 359 2570; x_wconf 86' lang='lat' dir='ltr'>addicit,</span> <span class='ocrx_word' id='word_1_159' title='bbox 384 2508 423 2554; x_wconf 89' lang='lat' dir='ltr'>ac</span> <span class='ocrx_word' id='word_1_160' title='bbox 445 2495 545 2555; x_wconf 89' lang='lat' dir='ltr'>ceteri</span> <span class='ocrx_word' id='word_1_161' title='bbox 568 2494 713 2556; x_wconf 82' lang='lat' dir='ltr'>fecerant</span> <span class='ocrx_word' id='word_1_162' title='bbox 736 2494 926 2571; x_wconf 86' lang='lat' dir='ltr'>scriptores,</span> <span class='ocrx_word' id='word_1_163' title='bbox 951 2495 981 2556; x_wconf 89' lang='lat' dir='ltr'>si</span> <span class='ocrx_word' id='word_1_164' title='bbox 1004 2495 1068 2556; x_wconf 91' lang='lat' dir='ltr'>alio</span> <span class='ocrx_word' id='word_1_165' title='bbox 1092 2494 1188 2556; x_wconf 92' lang='lat' dir='ltr'>modo</span> <span class='ocrx_word' id='word_1_166' title='bbox 1211 2510 1282 2556; x_wconf 87' lang='lat' dir='ltr'>rem</span> <span class='ocrx_word' id='word_1_167' title='bbox 1305 2510 1358 2556; x_wconf 83' lang='lat' dir='ltr'>ex·</span> 
     </span>
     <span class='ocr_line' id='line_1_20' title="bbox 80 2595 1360 2675; baseline -0.002 -17"><span class='ocrx_word' id='word_1_168' title='bbox 80 2599 181 2675; x_wconf 89' lang='lat' dir='ltr'>ponit,</span> <span class='ocrx_word' id='word_1_169' title='bbox 223 2596 315 2658; x_wconf 85' lang='lat' dir='ltr'>addit</span> <span class='ocrx_word' id='word_1_170' title='bbox 351 2611 437 2658; x_wconf 89' lang='lat' dir='ltr'>nova</span> <span class='ocrx_word' id='word_1_171' title='bbox 477 2595 598 2656; x_wconf 90' lang='lat' dir='ltr'>tradita</span> <span class='ocrx_word' id='word_1_172' title='bbox 636 2595 774 2672; x_wconf 87' lang='lat' dir='ltr'>omittit,</span> <span class='ocrx_word' id='word_1_173' title='bbox 810 2595 858 2656; x_wconf 89' lang='lat' dir='ltr'>ita</span> <span class='ocrx_word' id='word_1_174' title='bbox 890 2595 997 2671; x_wconf 75' lang='lat' dir='ltr'>egisse</span> <span class='ocrx_word' id='word_1_175' title='bbox 1028 2598 1160 2671; x_wconf 89' lang='lat' dir='ltr'>poetam</span> <span class='ocrx_word' id='word_1_176' title='bbox 1192 2595 1360 2672; x_wconf 84' lang='lat' dir='ltr'>apparebit</span> 
     </span>
     <span class='ocr_line' id='line_1_21' title="bbox 79 2696 1358 2776; baseline -0.001 -16"><span class='ocrx_word' id='word_1_177' title='bbox 79 2700 160 2774; x_wconf 91' lang='lat' dir='ltr'>quod</span> <span class='ocrx_word' id='word_1_178' title='bbox 184 2699 321 2773; x_wconf 89' lang='lat' dir='ltr'>antiqua</span> <span class='ocrx_word' id='word_1_179' title='bbox 344 2698 515 2760; x_wconf 85' lang='lat' dir='ltr'>cuiusdam</span> <span class='ocrx_word' id='word_1_180' title='bbox 537 2697 679 2773; x_wconf 79' lang='lat' dir='ltr'>regionis</span> <span class='ocrx_word' id='word_1_181' title='bbox 703 2697 775 2758; x_wconf 90' lang='lat' dir='ltr'>iura</span> <span class='ocrx_word' id='word_1_182' title='bbox 796 2696 982 2758; x_wconf 87' lang='lat' dir='ltr'>litterarum</span> <span class='ocrx_word' id='word_1_183' title='bbox 1006 2697 1205 2758; x_wconf 89' lang='lat' dir='ltr'>testimoniis</span> <span class='ocrx_word' id='word_1_184' title='bbox 1228 2713 1358 2776; x_wconf 86' lang='lat' dir='ltr'>praepo·</span> 
     </span>
     <span class='ocr_line' id='line_1_22' title="bbox 80 2797 1356 2875; baseline -0.001 -14"><span class='ocrx_word' id='word_1_185' title='bbox 80 2803 178 2862; x_wconf 88' lang='lat' dir='ltr'>neret.</span> <span class='ocrx_word' id='word_1_186' title='bbox 211 2800 380 2860; x_wconf 82' lang='lat' dir='ltr'>Eiusmodi</span> <span class='ocrx_word' id='word_1_187' title='bbox 410 2799 605 2860; x_wconf 87' lang='lat' dir='ltr'>mutationis</span> <span class='ocrx_word' id='word_1_188' title='bbox 635 2813 738 2860; x_wconf 90' lang='lat' dir='ltr'>unum</span> <span class='ocrx_word' id='word_1_189' title='bbox 768 2797 905 2860; x_wconf 81' lang='lat' dir='ltr'>afferam</span> <span class='ocrx_word' id='word_1_190' title='bbox 936 2798 1135 2875; x_wconf 86' lang='lat' dir='ltr'>exemplum.</span> <span class='ocrx_word' id='word_1_191' title='bbox 1170 2798 1206 2860; x_wconf 87' lang='lat' dir='ltr'>in</span> <span class='ocrx_word' id='word_1_192' title='bbox 1231 2799 1356 2874; x_wconf 88' lang='lat' dir='ltr'>hymno</span> 
     </span>
     <span class='ocr_line' id='line_1_23' title="bbox 79 2898 984 2979; baseline -0.002 -17"><span class='ocrx_word' id='word_1_193' title='bbox 79 2904 173 2964; x_wconf 87' lang='lat' dir='ltr'>tertio</span> <span class='ocrx_word' id='word_1_194' title='bbox 197 2901 322 2963; x_wconf 86' lang='lat' dir='ltr'>Dianae</span> <span class='ocrx_word' id='word_1_195' title='bbox 345 2902 452 2979; x_wconf 89' lang='lat' dir='ltr'>prima</span> <span class='ocrx_word' id='word_1_196' title='bbox 475 2901 607 2962; x_wconf 86' lang='lat' dir='ltr'>venatio</span> <span class='ocrx_word' id='word_1_197' title='bbox 631 2898 825 2961; x_wconf 87' lang='lat' dir='ltr'>describitur</span> <span class='ocrx_word' id='word_1_198' title='bbox 848 2915 897 2960; x_wconf 86' lang='lat' dir='ltr'>vs.</span> <span class='ocrx_word' id='word_1_199' title='bbox 923 2901 984 2961; x_wconf 83' lang='lat'>98:</span> 
     </span>
    </p>

    <p class='ocr_par' dir='ltr' id='par_1_4' title="bbox 303 2997 1086 3081">
     <span class='ocr_line' id='line_1_24' title="bbox 303 2997 1086 3081; baseline -0.003 -19"><span class='ocrx_word' id='word_1_200' title='bbox 303 2999 394 3064; x_wconf 74' lang='grc' dir='ltr'><strong><em>ἔνθεν</em></strong></span> <span class='ocrx_word' id='word_1_201' title='bbox 417 2998 604 3081; x_wconf 69' lang='grc' dir='ltr'>ἀπερχομένη</span> <span class='ocrx_word' id='word_1_202' title='bbox 628 2998 710 3079; x_wconf 68' lang='grc' dir='ltr'><strong><em>(μετὰ</em></strong></span> <span class='ocrx_word' id='word_1_203' title='bbox 732 2997 783 3060; x_wconf 75' lang='grc' dir='ltr'><strong><em>καλ</em></strong></span> <span class='ocrx_word' id='word_1_204' title='bbox 806 3000 894 3073; x_wconf 79' lang='grc' dir='ltr'><strong><em>κύνες</em></strong></span> <span class='ocrx_word' id='word_1_205' title='bbox 919 2997 1086 3070; x_wconf 70' lang='grc' dir='ltr'><strong>ἐσσεύοντο)</strong></span> 
     </span>
    </p>

    <p class='ocr_par' dir='ltr' id='par_1_5' title="bbox 302 3095 1028 3187">
     <span class='ocr_line' id='line_1_25' title="bbox 302 3095 1028 3187; baseline -0.004 -23"><span class='ocrx_word' id='word_1_206' title='bbox 302 3095 385 3184; x_wconf 77' lang='grc' dir='ltr'><strong><em>εὗρες</em></strong></span> <span class='ocrx_word' id='word_1_207' title='bbox 409 3101 457 3165; x_wconf 86' lang='grc' dir='ltr'>έπλ</span> <span class='ocrx_word' id='word_1_208' title='bbox 479 3105 632 3187; x_wconf 74' lang='grc' dir='ltr'><strong><em>προμολῇς</em></strong></span> <span class='ocrx_word' id='word_1_209' title='bbox 656 3099 740 3182; x_wconf 79' lang='grc' dir='ltr'><strong><em>ὄρεος</em></strong></span> <span class='ocrx_word' id='word_1_210' title='bbox 762 3109 816 3162; x_wconf 78' lang='grc' dir='ltr'>τοῦ</span> <span class='ocrx_word' id='word_1_211' title='bbox 841 3099 1028 3182; x_wconf 85' lang='grc' dir='ltr'><strong><em>Παρρασίοιο</em></strong></span> 
     </span>
    </p>

    <p class='ocr_par' dir='ltr' id='par_1_6' title="bbox 303 3196 1249 3286">
     <span class='ocr_line' id='line_1_26' title="bbox 303 3196 1249 3286; baseline -0.003 -21"><span class='ocrx_word' id='word_1_212' title='bbox 303 3204 483 3286; x_wconf 78' lang='grc' dir='ltr'><strong><em>συανροάσας</em></strong></span> <span class='ocrx_word' id='word_1_213' title='bbox 506 3202 651 3282; x_wconf 86' lang='grc' dir='ltr'><strong><em>έλάφους,</em></strong></span> <span class='ocrx_word' id='word_1_214' title='bbox 673 3200 748 3284; x_wconf 85' lang='grc' dir='ltr'><strong><em>μέγα</em></strong></span> <span class='ocrx_word' id='word_1_215' title='bbox 770 3226 797 3263; x_wconf 84' lang='grc' dir='ltr'>τι</span> <span class='ocrx_word' id='word_1_216' title='bbox 820 3200 919 3284; x_wconf 78' lang='grc' dir='ltr'><strong><em>χρέος,</em></strong></span> <span class='ocrx_word' id='word_1_217' title='bbox 941 3203 975 3263; x_wconf 74' lang='grc' dir='ltr'>αἳ</span> <span class='ocrx_word' id='word_1_218' title='bbox 995 3198 1050 3281; x_wconf 73' lang='grc' dir='ltr'><strong><em>μέν</em></strong></span> <span class='ocrx_word' id='word_1_219' title='bbox 1073 3196 1116 3264; x_wconf 82' lang='grc' dir='ltr'>ἐπ’</span> <span class='ocrx_word' id='word_1_220' title='bbox 1143 3199 1249 3283; x_wconf 77' lang='grc' dir='ltr'><strong><em>ὄχθαις</em></strong></span> 
     </span>
    </p>

    <p class='ocr_par' dir='ltr' id='par_1_7' title="bbox 303 3301 1037 3387">
     <span class='ocr_line' id='line_1_27' title="bbox 303 3301 1037 3387; baseline -0.001 -21"><span class='ocrx_word' id='word_1_221' title='bbox 303 3301 367 3367; x_wconf 83' lang='grc' dir='ltr'><strong><em>αλέν</em></strong></span> <span class='ocrx_word' id='word_1_222' title='bbox 391 3302 603 3387; x_wconf 79' lang='grc' dir='ltr'><strong><em>έβουκολέονεο</em></strong></span> <span class='ocrx_word' id='word_1_223' title='bbox 626 3303 860 3384; x_wconf 82' lang='grc' dir='ltr'><strong><em>μελαμψήφιδος</em></strong></span> <span class='ocrx_word' id='word_1_224' title='bbox 883 3301 1037 3384; x_wconf 82' lang='grc' dir='ltr'><strong><em>ἀναύρου,</em></strong></span> 
     </span>
    </p>

    <p class='ocr_par' dir='ltr' id='par_1_8' title="bbox 302 3400 1170 3489">
     <span class='ocr_line' id='line_1_28' title="bbox 302 3400 1170 3489; baseline -0.005 -19"><span class='ocrx_word' id='word_1_225' title='bbox 302 3408 448 3486; x_wconf 83' lang='grc' dir='ltr'><strong><em>μάσσονες</em></strong></span> <span class='ocrx_word' id='word_1_226' title='bbox 471 3403 492 3488; x_wconf 68' lang='grc' dir='ltr'><strong>ἢ</strong></span> <span class='ocrx_word' id='word_1_227' title='bbox 513 3415 627 3489; x_wconf 79' lang='grc' dir='ltr'><strong><em>ταῦροι·</em></strong></span> <span class='ocrx_word' id='word_1_228' title='bbox 650 3405 766 3488; x_wconf 77' lang='grc' dir='ltr'><strong><em>περάαν</em></strong></span> <span class='ocrx_word' id='word_1_229' title='bbox 790 3400 818 3466; x_wconf 79' lang='grc' dir='ltr'>δ’</span> <span class='ocrx_word' id='word_1_230' title='bbox 844 3403 1032 3483; x_wconf 73' lang='grc' dir='ltr'><strong><em>ἀπελάμπετο</em></strong></span> <span class='ocrx_word' id='word_1_231' title='bbox 1054 3403 1170 3486; x_wconf 76' lang='grc' dir='ltr'><strong><em>χρυσός.</em></strong></span> 
     </span>
    </p>

    <p class='ocr_par' dir='ltr' id='par_1_9' title="bbox 303 3503 1155 3590">
     <span class='ocr_line' id='line_1_29' title="bbox 303 3503 1155 3590; baseline -0.005 -18"><span class='ocrx_word' id='word_1_232' title='bbox 303 3508 444 3590; x_wconf 72' lang='grc' dir='ltr'><strong><em>ἐξαπίνης</em></strong></span> <span class='ocrx_word' id='word_1_233' title='bbox 468 3503 498 3571; x_wconf 79' lang='grc' dir='ltr'>δ’</span> <span class='ocrx_word' id='word_1_234' title='bbox 524 3507 631 3588; x_wconf 81' lang='grc' dir='ltr'><strong><em>ἔταφές</em></strong></span> <span class='ocrx_word' id='word_1_235' title='bbox 653 3529 684 3570; x_wconf 79' lang='grc' dir='ltr'>τε</span> <span class='ocrx_word' id='word_1_236' title='bbox 705 3505 757 3568; x_wconf 75' lang='grc' dir='ltr'><strong><em>παλ</em></strong></span> <span class='ocrx_word' id='word_1_237' title='bbox 779 3503 815 3568; x_wconf 78' lang='grc' dir='ltr'><strong><em>ὃν</em></strong></span> <span class='ocrx_word' id='word_1_238' title='bbox 837 3505 907 3570; x_wconf 80' lang='grc' dir='ltr'><strong><em>ποτέ</em></strong></span> <span class='ocrx_word' id='word_1_239' title='bbox 928 3505 1032 3586; x_wconf 70' lang='grc' dir='ltr'><strong><em>θυμὸν</em></strong></span> <span class='ocrx_word' id='word_1_240' title='bbox 1051 3505 1155 3582; x_wconf 73' lang='grc' dir='ltr'><strong><em>ἔειπες·</em></strong></span> 
     </span>
    </p>

    <p class='ocr_par' dir='ltr' id='par_1_10' title="bbox 306 3605 1098 3692">
     <span class='ocr_line' id='line_1_30' title="bbox 306 3605 1098 3692; baseline -0.006 -18"><span class='ocrx_word' id='word_1_241' title='bbox 306 3611 417 3690; x_wconf 71' lang='grc' dir='ltr'><strong><em>,τοῦτό</em></strong></span> <span class='ocrx_word' id='word_1_242' title='bbox 440 3633 491 3674; x_wconf 75' lang='grc' dir='ltr'><strong><em>κεν</em></strong></span> <span class='ocrx_word' id='word_1_243' title='bbox 515 3608 679 3692; x_wconf 70' lang='grc' dir='ltr'><strong><em>Ἀρτέμιδος</em></strong></span> <span class='ocrx_word' id='word_1_244' title='bbox 702 3608 889 3690; x_wconf 80' lang='grc' dir='ltr'><strong><em>πρωτάγρεον</em></strong></span> <span class='ocrx_word' id='word_1_245' title='bbox 912 3605 998 3683; x_wconf 80' lang='grc' dir='ltr'><strong><em>άξνον</em></strong></span> <span class='ocrx_word' id='word_1_246' title='bbox 1020 3608 1098 3687; x_wconf 82' lang='grc' dir='ltr'><strong><em>ελη.”</em></strong></span> 
     </span>
    </p>

    <p class='ocr_par' dir='ltr' id='par_1_11' title="bbox 303 3702 1176 3791">
     <span class='ocr_line' id='line_1_31' title="bbox 303 3702 1176 3791; baseline -0.005 -17"><span class='ocrx_word' id='word_1_247' title='bbox 303 3708 381 3776; x_wconf 79' lang='grc' dir='ltr'><strong><em>πέντ’</em></strong></span> <span class='ocrx_word' id='word_1_248' title='bbox 407 3713 478 3776; x_wconf 83' lang='grc' dir='ltr'><strong><em>έσαν</em></strong></span> <span class='ocrx_word' id='word_1_249' title='bbox 501 3713 536 3773; x_wconf 81' lang='grc' dir='ltr'>αι’</span> <span class='ocrx_word' id='word_1_250' title='bbox 555 3722 657 3774; x_wconf 78' lang='grc' dir='ltr'><strong><em>πᾶσαν·</em></strong></span> <span class='ocrx_word' id='word_1_251' title='bbox 681 3711 810 3791; x_wconf 86' lang='grc' dir='ltr'><strong><em>πίσυρας</em></strong></span> <span class='ocrx_word' id='word_1_252' title='bbox 834 3706 860 3772; x_wconf 77' lang='grc' dir='ltr'>δ’</span> <span class='ocrx_word' id='word_1_253' title='bbox 889 3707 951 3784; x_wconf 73' lang='grc' dir='ltr'><strong><em>ἕλες</em></strong></span> <span class='ocrx_word' id='word_1_254' title='bbox 974 3702 1037 3771; x_wconf 74' lang='grc' dir='ltr'>ὦπα</span> <span class='ocrx_word' id='word_1_255' title='bbox 1060 3707 1176 3771; x_wconf 78' lang='grc' dir='ltr'><strong><em>θέουσα</em></strong></span> 
     </span>
    </p>

    <p class='ocr_par' dir='ltr' id='par_1_12' title="bbox 303 3808 1127 3896">
     <span class='ocr_line' id='line_1_32' title="bbox 303 3808 1127 3896; baseline -0.007 -20"><span class='ocrx_word' id='word_1_256' title='bbox 303 3815 395 3895; x_wconf 77' lang='grc' dir='ltr'><strong><em>νόσφι</em></strong></span> <span class='ocrx_word' id='word_1_257' title='bbox 416 3813 634 3896; x_wconf 74' lang='grc' dir='ltr'><strong><em>πυνοάρομάης,</em></strong></span> <span class='ocrx_word' id='word_1_258' title='bbox 657 3812 707 3874; x_wconf 83' lang='grc' dir='ltr'><strong><em>λ’να</em></strong></span> <span class='ocrx_word' id='word_1_259' title='bbox 729 3834 775 3874; x_wconf 79' lang='grc' dir='ltr'>τοι</span> <span class='ocrx_word' id='word_1_260' title='bbox 798 3810 878 3874; x_wconf 75' lang='grc' dir='ltr'><strong><em>θοὸν</em></strong></span> <span class='ocrx_word' id='word_1_261' title='bbox 901 3811 981 3892; x_wconf 71' lang='grc' dir='ltr'><strong><em>ἅρμα</em></strong></span> <span class='ocrx_word' id='word_1_262' title='bbox 1004 3808 1127 3892; x_wconf 81' lang='grc' dir='ltr'><strong><em>φέρωσι.</em></strong></span> 
     </span>
    </p>

    <p class='ocr_par' dir='ltr' id='par_1_13' title="bbox 302 3910 1172 3996">
     <span class='ocr_line' id='line_1_33' title="bbox 302 3910 1172 3996; baseline -0.006 -19"><span class='ocrx_word' id='word_1_263' title='bbox 302 3915 357 3996; x_wconf 76' lang='grc' dir='ltr'><strong><em>τὴν</em></strong></span> <span class='ocrx_word' id='word_1_264' title='bbox 380 3913 414 3978; x_wconf 82' lang='lat' dir='ltr'>ci</span> <span class='ocrx_word' id='word_1_265' title='bbox 436 3915 508 3996; x_wconf 74' lang='grc' dir='ltr'><strong><em>μίαν</em></strong></span> <span class='ocrx_word' id='word_1_266' title='bbox 532 3915 720 3988; x_wconf 78' lang='grc' dir='ltr'><strong><em>Κελάδονσος</em></strong></span> <span class='ocrx_word' id='word_1_267' title='bbox 743 3910 819 3995; x_wconf 79' lang='grc' dir='ltr'><strong><em>ὑπὲρ</em></strong></span> <span class='ocrx_word' id='word_1_268' title='bbox 842 3918 987 3993; x_wconf 78' lang='grc' dir='ltr'><strong><em>ποταμοῖο</em></strong></span> <span class='ocrx_word' id='word_1_269' title='bbox 1011 3919 1172 3994; x_wconf 77' lang='grc' dir='ltr'><strong><em>φυγοῦσαν</em></strong></span> 
     </span>
    </p>

    <p class='ocr_par' dir='ltr' id='par_1_14' title="bbox 293 4009 912 4102">
     <span class='ocr_line' id='line_1_34' title="bbox 293 4009 912 4102; baseline -0.006 -23"><span class='ocrx_word' id='word_1_270' title='bbox 293 4014 392 4098; x_wconf 82' lang='grc' dir='ltr'><strong><em>Ἥρης</em></strong></span> <span class='ocrx_word' id='word_1_271' title='bbox 418 4015 599 4102; x_wconf 65' lang='lat' dir='ltr'>truncique,</span> <span class='ocrx_word' id='word_1_272' title='bbox 621 4013 747 4078; x_wconf 75' lang='grc' dir='ltr'><strong><em>ἀέθλιον</em></strong></span> <span class='ocrx_word' id='word_1_273' title='bbox 764 4009 912 4096; x_wconf 77' lang='grc' dir='ltr'><strong><em>Ἡρακλῆϊ</em></strong></span> 
     </span>
    </p>

    <p class='ocr_par' dir='ltr' id='par_1_15' title="bbox 79 4113 1408 4604">
     <span class='ocr_line' id='line_1_35' title="bbox 303 4113 1121 4200; baseline -0.005 -20"><span class='ocrx_word' id='word_1_274' title='bbox 303 4118 430 4181; x_wconf 72' lang='grc' dir='ltr'><strong><em>ὕστατον</em></strong></span> <span class='ocrx_word' id='word_1_275' title='bbox 455 4116 536 4200; x_wconf 82' lang='grc' dir='ltr'><strong><em>ὄφρα</em></strong></span> <span class='ocrx_word' id='word_1_276' title='bbox 558 4116 689 4198; x_wconf 79' lang='grc' dir='ltr'><strong><em>γένοντο,</em></strong></span> <span class='ocrx_word' id='word_1_277' title='bbox 710 4116 805 4197; x_wconf 82' lang='grc' dir='ltr'><strong><em>πάγος</em></strong></span> <span class='ocrx_word' id='word_1_278' title='bbox 828 4116 990 4197; x_wconf 81' lang='grc' dir='ltr'><strong><em>Κεράνειος</em></strong></span> <span class='ocrx_word' id='word_1_279' title='bbox 1013 4113 1121 4178; x_wconf 80' lang='grc' dir='ltr'><strong><em>έάενεο.</em></strong></span> 
     </span>
     <span class='ocr_line' id='line_1_36' title="bbox 81 4218 1363 4297; baseline -0.002 -15"><span class='ocrx_word' id='word_1_280' title='bbox 81 4219 209 4296; x_wconf 82' lang='lat' dir='ltr'>Quanta</span> <span class='ocrx_word' id='word_1_281' title='bbox 228 4221 264 4282; x_wconf 91' lang='lat' dir='ltr'>in</span> <span class='ocrx_word' id='word_1_282' title='bbox 285 4221 374 4283; x_wconf 86' lang='lat' dir='ltr'>hisce</span> <span class='ocrx_word' id='word_1_283' title='bbox 394 4237 415 4284; x_wconf 84' lang='lat' dir='ltr'>a</span> <span class='ocrx_word' id='word_1_284' title='bbox 433 4222 568 4297; x_wconf 78' lang='lat' dir='ltr'>vulgata</span> <span class='ocrx_word' id='word_1_285' title='bbox 586 4220 697 4282; x_wconf 82' lang='lat' dir='ltr'>fabula</span> <span class='ocrx_word' id='word_1_286' title='bbox 716 4220 917 4295; x_wconf 87' lang='lat' dir='ltr'>discrepanti</span> <span class='ocrx_word' id='word_1_287' title='bbox 938 4218 1083 4295; x_wconf 82' lang='lat' dir='ltr'>Quinque</span> <span class='ocrx_word' id='word_1_288' title='bbox 1100 4233 1236 4280; x_wconf 88' lang='lat' dir='ltr'>numero</span> <span class='ocrx_word' id='word_1_289' title='bbox 1249 4233 1363 4281; x_wconf 85' lang='lat' dir='ltr'>cervas</span> 
     </span>
     <span class='ocr_line' id='line_1_37' title="bbox 80 4319 1361 4400; baseline 0 -20"><span class='ocrx_word' id='word_1_290' title='bbox 80 4321 194 4400; x_wconf 84' lang='lat' dir='ltr'>fuisse,</span> <span class='ocrx_word' id='word_1_291' title='bbox 228 4337 330 4384; x_wconf 87' lang='lat' dir='ltr'>onam</span> <span class='ocrx_word' id='word_1_292' title='bbox 361 4323 515 4398; x_wconf 81' lang='lat' dir='ltr'>effugisse</span> <span class='ocrx_word' id='word_1_293' title='bbox 545 4323 679 4384; x_wconf 91' lang='lat' dir='ltr'>Iunonis</span> <span class='ocrx_word' id='word_1_294' title='bbox 710 4322 817 4398; x_wconf 84' lang='lat' dir='ltr'>iussu,</span> <span class='ocrx_word' id='word_1_295' title='bbox 850 4319 1051 4381; x_wconf 87' lang='lat' dir='ltr'>celeberrimi</span> <span class='ocrx_word' id='word_1_296' title='bbox 1084 4320 1274 4382; x_wconf 88' lang='lat' dir='ltr'>certaminis</span> <span class='ocrx_word' id='word_1_297' title='bbox 1297 4319 1361 4394; x_wconf 83' lang='lat' dir='ltr'>gio-</span> 
     </span>
     <span class='ocr_line' id='line_1_38' title="bbox 81 4420 1363 4502; baseline -0.002 -19"><span class='ocrx_word' id='word_1_298' title='bbox 81 4424 162 4486; x_wconf 91' lang='lat' dir='ltr'>riam</span> <span class='ocrx_word' id='word_1_299' title='bbox 194 4425 287 4502; x_wconf 91' lang='lat' dir='ltr'>prius</span> <span class='ocrx_word' id='word_1_300' title='bbox 318 4423 490 4486; x_wconf 86' lang='lat' dir='ltr'>obvenisse</span> <span class='ocrx_word' id='word_1_301' title='bbox 520 4423 657 4501; x_wconf 86' lang='lat' dir='ltr'>Dianae,</span> <span class='ocrx_word' id='word_1_302' title='bbox 683 4438 783 4499; x_wconf 91' lang='lat' dir='ltr'>quam</span> <span class='ocrx_word' id='word_1_303' title='bbox 804 4423 966 4484; x_wconf 82' lang='lat' dir='ltr'>itueretur</span> <span class='ocrx_word' id='word_1_304' title='bbox 989 4437 1028 4484; x_wconf 86' lang='lat' dir='ltr'>ea</span> <span class='ocrx_word' id='word_1_305' title='bbox 1050 4422 1218 4483; x_wconf 85' lang='lat' dir='ltr'>Hercules.</span> <span class='ocrx_word' id='word_1_306' title='bbox 1244 4420 1363 4483; x_wconf 82' lang='lat' dir='ltr'>Carent</span> 
     </span>
     <span class='ocr_line' id='line_1_39' title="bbox 79 4522 1408 4604; baseline -0.002 -20"><span class='ocrx_word' id='word_1_307' title='bbox 79 4525 158 4588; x_wconf 87' lang='lat' dir='ltr'>haec</span> <span class='ocrx_word' id='word_1_308' title='bbox 187 4527 343 4604; x_wconf 88' lang='lat' dir='ltr'>pleraque</span> <span class='ocrx_word' id='word_1_309' title='bbox 373 4527 577 4601; x_wconf 88' lang='lat' dir='ltr'>testimonio;</span> <span class='ocrx_word' id='word_1_310' title='bbox 609 4528 643 4587; x_wconf 89' lang='lat' dir='ltr'>et</span> <span class='ocrx_word' id='word_1_311' title='bbox 673 4540 788 4586; x_wconf 84' lang='lat' dir='ltr'>revera</span> <span class='ocrx_word' id='word_1_312' title='bbox 818 4539 838 4585; x_wconf 87' lang='lat' dir='ltr'>a</span> <span class='ocrx_word' id='word_1_313' title='bbox 869 4525 966 4600; x_wconf 88' lang='lat' dir='ltr'>poeta</span> <span class='ocrx_word' id='word_1_314' title='bbox 994 4523 1111 4584; x_wconf 91' lang='lat' dir='ltr'>sinon</span> <span class='ocrx_word' id='word_1_315' title='bbox 1142 4522 1219 4585; x_wconf 85' lang='lat' dir='ltr'>ficta</span> <span class='ocrx_word' id='word_1_316' title='bbox 1249 4525 1362 4584; x_wconf 86' lang='lat' dir='ltr'>tamen</span> <span class='ocrx_word' id='word_1_317' title='bbox 1405 4563 1408 4569; x_wconf 29' lang='grc' dir='ltr'><strong><em>ι</em></strong></span> 
     </span>
    </p>
   </div>
   <div class='ocr_carea' id='block_1_3' title="bbox 111 4755 1277 4893">
    <p class='ocr_par' dir='ltr' id='par_1_16' title="bbox 111 4755 1277 4893">
     <span class='ocr_line' id='line_1_40' title="bbox 111 4755 459 4822; baseline 0.003 -13"><span class='ocrx_word' id='word_1_318' title='bbox 111 4755 133 4822; x_wconf 88' lang='lat'>¹)</span> <span class='ocrx_word' id='word_1_319' title='bbox 151 4759 192 4809; x_wconf 70' lang='grc' dir='ltr'>Οἱ.</span> <span class='ocrx_word' id='word_1_320' title='bbox 211 4759 331 4822; x_wconf 79' lang='lat' dir='ltr'>Apellen.</span> <span class='ocrx_word' id='word_1_321' title='bbox 348 4761 383 4810; x_wconf 89' lang='lat'>11.</span> <span class='ocrx_word' id='word_1_322' title='bbox 401 4762 459 4810; x_wconf 74' lang='lat' dir='ltr'>ete.</span> 
     </span>
     <span class='ocr_line' id='line_1_41' title="bbox 134 4841 1277 4893; baseline -0.004 -3"><span class='ocrx_word' id='word_1_323' title='bbox 134 4845 167 4893; x_wconf 81' lang='grc' dir='ltr'>ΙΙ.</span> <span class='ocrx_word' id='word_1_324' title='bbox 1262 4841 1277 4885; x_wconf 80' lang='grc'><strong>8</strong></span> 
     </span>
    </p>
   </div>
   <div class='ocr_carea' id='block_1_4' title="bbox 0 0 1662 5436">
    <p class='ocr_par' dir='ltr' id='par_1_17' title="bbox 0 0 1662 5436">
     <span class='ocr_line' id='line_1_42' title="bbox 0 0 1662 5436; baseline 0 0"><span class='ocrx_word' id='word_1_325' title='bbox 0 0 1662 5436; x_wconf 95' lang='lat' dir='ltr'> </span> 
     </span>
    </p>
   </div>
  </div>
 </body>
</html>
