3104 5286
807 387 869 448 152

201 578 371 653 aptissime
405 593 462 653 pro
496 580 610 653 poetae
645 592 724 637 suae
755 577 936 637 eruditione
966 592 1102 653 memor,
1136 593 1156 638 a
1186 578 1327 641 Pindaro
1351 597 1479 657 quoque

201 679 369 753 Ilithyiam
393 681 614 755 nuncupatam
639 694 712 739 esse
737 680 860 754 Μοιρᾶν
885 677 1035 757 πάρεδρον
1059 674 1088 743 ¹).
1123 680 1187 740 Vix
1210 683 1321 741 autem
1347 698 1385 743 eo
1408 699 1477 759 pro-

200 781 340 841 cessisse
369 784 501 857 poetam
524 782 722 857 putaverim,
747 783 784 840 ut
808 782 921 840 contra
947 781 1133 854 aequalium
1156 782 1324 856 opiniones
1347 784 1479 846 doceret

199 882 281 942 nihil
315 883 378 942 nisi
413 884 546 943 deorum
582 883 672 942 iussa
704 879 814 957 perfici
846 898 866 942 a
896 882 1020 958 Parcis,
1052 883 1130 943 licet
1159 883 1218 943 tali
1249 883 1367 945 iudicio
1396 901 1479 960 quae

200 983 331 1044 obstent
361 984 393 1043 in
425 984 617 1045 Callimachi
647 983 792 1057 reliquiis
821 998 885 1043 non
917 987 1101 1059 occurrant;
1133 999 1210 1045 nam
1242 986 1326 1059 quod
1350 987 1479 1047 Peneus

200 1100 298 1144 suum
319 1087 414 1145 vocat
433 1082 628 1163 πεπρωμένον
650 1075 729 1162 ἦμαρ
747 1085 811 1156 (IV.
829 1085 902 1155 128)
915 1086 944 1145 ei
957 1086 1087 1159 quidem
1100 1085 1209 1146 fatalis
1222 1086 1351 1147 videtur
1362 1103 1479 1164 poena,

200 1188 256 1247 sed
280 1189 392 1247 tamen
415 1203 497 1261 quae
521 1203 563 1247 ex
587 1187 720 1248 Iunonis
743 1186 843 1247 minis
867 1188 1062 1262 proveniret.

244 1287 533 1350 verumenimvero
556 1288 709 1349 subtilius
733 1288 813 1349 haec
832 1289 1010 1363 disquirere
1034 1289 1118 1350 nolo.
1143 1289 1209 1348 Nec
1233 1292 1322 1351 enirn
1345 1306 1478 1368 semper

199 1389 262 1448 sibi
293 1390 441 1450 constitit
470 1391 668 1465 hymnorum
698 1393 806 1466 poeta,
832 1393 865 1450 et
887 1391 1010 1451 frustra
1033 1392 1158 1451 coneris
1185 1395 1336 1454 accurate
1360 1395 1478 1454 consti·

200 1494 305 1567 tuere,
331 1506 394 1565 qua
416 1492 542 1553 ratione
561 1493 695 1552 deorum
715 1507 753 1552 ac
772 1491 831 1551 fati
853 1493 1038 1566 provincias
1061 1493 1261 1554 discreverit.
1285 1494 1322 1554 Id
1345 1497 1479 1555 tantum

201 1591 364 1653 affirmare
387 1592 510 1670 licebit,
531 1594 679 1654 consulto
700 1593 902 1668 oppugnatos
928 1608 1001 1653 esse
1020 1608 1040 1653 a
1057 1592 1272 1671 Callimacho,
1294 1595 1479 1670 quicunque

201 1694 370 1769 Olympios
393 1695 536 1756 aversati
559 1697 657 1768 atque
680 1696 843 1769 potestate
866 1695 1001 1754 deorum
1024 1693 1135 1772 diffisi,
1162 1710 1257 1756 caeco
1280 1695 1348 1756 fato
1367 1712 1478 1757 rerum

200 1796 419 1856 humanarum
450 1811 583 1856 cursum
614 1795 842 1856 adscriberent.
871 1795 981 1869 Neque
1005 1811 1082 1857 vero
1105 1797 1212 1872 magis
1235 1797 1265 1856 ei
1287 1797 1413 1872 placuit
1435 1800 1478 1870 (id

200 1897 284 1970 quod
303 1896 447 1971 proiecto
467 1899 598 1971 poetam
619 1912 638 1956 a
656 1897 757 1957 Musis
777 1897 975 1957 instructum
996 1897 1149 1957 dedecere
1169 1898 1333 1969 censebat)
1353 1901 1479 1961 incerta

200 2012 279 2058 voce
303 1996 381 2069 ,θεὸς
412 1998 483 2057 sive
513 1996 585 2068 θεός
613 2020 656 2069 ιις
683 1999 745 2073 uti,
779 1999 834 2058 ubi
865 1998 904 2058 de
935 1999 982 2059 rei
1013 2000 1181 2059 cuiusdam
1211 2000 1321 2061 divino
1345 2005 1478 2064 auctore

200 2098 311 2158 minus
345 2099 527 2159 constabat.
560 2098 760 2159 Vocabulum
792 2100 880 2159 enim
912 2098 983 2171 θεός
1010 2101 1094 2175 apud
1118 2099 1356 2163 Callimachum
1380 2104 1479 2165 modo

201 2199 279 2260 deos
314 2202 482 2261 certumve
525 2201 637 2276 deum,
673 2201 769 2261 modo
805 2201 952 2262 divinam
986 2203 1150 2276 quandam
1184 2203 1285 2278 ignoti
1321 2205 1373 2266 dei
1408 2207 1477 2266 vim

202 2301 337 2378 indicat,
367 2317 548 2376 numquam
572 2304 699 2378 autem,
725 2304 822 2363 sicuti
845 2318 911 2364 vox
935 2303 1064 2380 δαίμων,
1089 2305 1227 2365 eandem
1251 2305 1319 2366 vim
1343 2321 1382 2366 ac
1405 2306 1478 2383 τύχη

201 2398 379 2476 obtinet’)

246 2818 347 2879 Sicuti
378 2816 477 2878 certis
506 2816 632 2891 legibus
663 2817 696 2875 et
726 2816 966 2891 antiquissimis
1000 2832 1053 2876 res
1088 2816 1217 2876 divinas
1250 2815 1479 2890 humanasque

199 2920 267 2995 regi
296 2917 466 2997 profitetur
496 2921 593 2993 poeta
623 2919 670 2978 ita
704 2917 918 2978 sanctitatem
949 2917 999 2977 dis
1032 2918 1176 2979 vindicat
1206 2916 1294 2990 snis;
1323 2919 1422 2992 atque
1446 2919 1478 2978 id

200 3023 301 3083 etiam
331 3021 439 3096 magis
470 3036 569 3095 quam
600 3020 724 3080 vetusti
746 3021 861 3094 poetae
884 3020 976 3095 epici.
1002 3019 1150 3079 Primum
1173 3018 1262 3079 enim
1286 3018 1319 3078 in
1343 3018 1479 3094 hymnis

199 3124 257 3183 vix
287 3123 492 3184 occasionem
523 3121 771 3197 praetermittit,
804 3122 881 3195 quin
913 3103 1077 3181 auditores
1101 3122 1235 3181 moneat
1256 3120 1310 3196 pia
1332 3119 1405 3180 sola
1427 3121 1478 3181 dis

199 3225 342 3301 placere:
369 3226 405 3284 ut
426 3222 519 3284 sedet
541 3223 575 3282 ln
598 3223 728 3283 urbium
752 3237 826 3283 arce
850 3223 918 3298 ipse
943 3222 1040 3283 Pater
1064 3223 1100 3293 (I.
1126 3223 1179 3292 82)

415 3377 420 3385 .
792 3321 938 3399 ,taddaeo
961 3322 995 3382 οἴ
1013 3345 1042 3383 ιε
1066 3323 1164 3406 disper

422 3424 496 3486 λαὸν
519 3423 579 3485 ὑπὸ
603 3429 741 3509 σκολιῇς,
762 3425 796 3484 οἴ
813 3420 833 3484 τ’
860 3423 987 3500 ἔμπαλιν
1012 3424 1206 3485 weruvolff&

199 3532 246 3591 ita
265 3530 368 3590 sacris
387 3529 457 3589 suis
477 3527 591 3603 Apollo
605 3526 749 3589 carneus
760 3528 910 3603 prohibet
921 3543 1050 3603 omnes,
1064 3527 1246 3602 quicunque
1259 3522 1371 3604 ἀλιτροὶ
1382 3529 1477 3600 sunt;

199 3633 250 3694 cui
281 3631 453 3707 contigerit
483 3632 521 3690 ut
550 3629 648 3690 deum
679 3629 824 3704 aspicere
855 3629 925 3689 suis
948 3628 1051 3689 oculis
1075 3629 1105 3688 ei
1129 3627 1257 3703 liceret,
1282 3626 1311 3686 is
1334 3641 1478 3702 magnus

199 3736 262 3796 erit
285 3739 318 3796 et
340 3734 420 3794 felix
445 3765 485 3776 -
512 3725 565 3807 ,39
588 3728 644 3790 οὐκ
667 3729 726 3806 ἴδε,
750 3728 827 3801 λιτὸς
851 3727 984 3801 ἕκεῖνος”
1008 3730 1060 3801 (II.
1084 3730 1146 3799 10).

242 3837 352 3910 Neque
383 3836 416 3895 in
446 3834 498 3895 bis
529 3831 717 3893 numinibus
749 3832 912 3908 consistit,
943 3831 1061 3906 quibus
1085 3830 1124 3890 ab
1148 3828 1386 3903 antiquioribus
1409 3829 1478 3890 fere

200 3939 347 4000 mandari
377 3935 502 3996 solebat
533 3950 653 3996 munus
689 3934 829 3995 iniustos
864 3933 1015 3994 homines
1046 3931 1209 4007 puniendi.
1241 3931 1325 3990 Nam
1358 3931 1477 4007 impro-

197 4041 255 4101 bos
286 4053 467 4113 numquam
497 4053 562 4098 non
593 4053 613 4098 a
643 4037 694 4098 dis
724 4036 845 4112 puniri,
884 4036 915 4097 id
946 4035 1092 4110 quidem,
1125 4031 1364 4107 refragantibus
1396 4048 1477 4093 sane

230 4261 249 4328 ¹)
267 4263 339 4311 Pind.
357 4260 422 4309 Nem.
440 4258 496 4310 vn.
516 4264 538 4309 1.
557 4261 596 4309 σι’.
615 4259 652 4309 01.
671 4262 713 4309 VL
733 4263 773 4309 42.

229 4337 251 4406 ¹)
267 4343 392 4399 Quoniam
419 4341 445 4388 in
471 4340 519 4388 bno
544 4354 572 4388 rs
598 4342 640 4388 vix
668 4341 755 4389 differt
777 4355 792 4388 ι
815 4341 908 4388 esteris
928 4341 1012 4400 postis
1038 4339 1145 4388 Graecis
1161 4340 1256 4400 ruptim
1272 4337 1387 4386 indicare
1405 4339 1475 4386 locos

194 4422 257 4469 ntis
275 4422 336 4468 erit:
354 4436 370 4468 a
387 4420 464 4482 Deos,
482 4422 614 4468 certumve
631 4420 709 4468 deum
727 4420 825 4467 indicat
843 4420 932 4478 ὁαιμιιι
949 4419 970 4466 1.
988 4420 1031 4474 44;
1053 4419 1101 4466 111.
1120 4420 1166 4480 86,
1185 4419 1244 4474 Πθς
1260 4418 1288 4466 V.
1304 4419 1349 4473 415
1368 4419 1475 4475 δαιμοιιι

192 4501 220 4549 V.
240 4502 279 4548 86.
297 4500 345 4561 Ep.
356 4501 387 4548 28
398 4501 428 4547 ir.
439 4502 479 4548 86.
489 4501 547 4547 leo.
559 4524 589 4534 -
607 4497 627 4546 b.
637 4499 695 4547 Vim
711 4499 840 4561 divinam,
856 4499 993 4559 geniumre
1008 4497 1161 4546 mortalibus
1178 4497 1309 4546 addimur:
1329 4496 1373 4546 VI.
1390 4498 1424 4546 Μ
1442 4497 1474 4544 ir.

190 4582 229 4629 91.
248 4581 305 4630 285.
323 4581 384 4637 4283
404 4580 514 4627 fortasse
533 4591 637 4640 quoqne
657 4578 685 4626 V.
706 4580 746 4626 sl.
766 4604 796 4613 -
814 4578 1033 4640 c.ed1qudpigr.
1052 4579 1083 4626 δι
1103 4580 1130 4625 et
1149 4579 1188 4625 lo.
