3090 5294
47 482 109 543 III.
136 480 269 541 10-13
671 477 711 537 51

50 673 136 732 rent.
168 670 293 730 Recens
324 667 422 727 natus
455 662 571 738 Apollo
605 659 733 741 δέσματα
767 663 909 724 abiciens
943 667 976 725 et
1010 662 1132 743 ττείρατα
1162 668 1326 730 exclamat

51 773 174 849 (hymn.
197 770 233 830 111
257 769 355 846 Apoll.
380 783 429 830 vs.
456 768 546 837 lull:

282 869 346 949 „ai'q
370 891 420 948 μοι
442 868 563 948 κίθαρίς
586 890 615 928 τε
638 867 711 946 φίλη
734 865 784 928 καὶ
806 868 946 947 καμπύλα
967 869 1059 944 τόξα”

52 977 88 1037 et
123 989 197 1035 ecce
233 973 325 1035 adest
359 987 435 1034 cum
471 971 595 1032 cithara
625 986 730 1032 arcus.
763 971 954 1033 Meminerat
984 975 1095 1035 noster
1126 974 1327 1050 praeclarum

53 1091 189 1138 versum
214 1078 248 1136 et
270 1075 330 1135 hoc
353 1074 422 1136 loco
447 1074 481 1135 in
504 1089 600 1134 usum
620 1090 717 1135 suum
737 1075 907 1151 convertit,
927 1075 1026 1136 simul
1047 1076 1210 1151 epitheton
1230 1078 1328 1138 notis·

53 1180 179 1239 simum
210 1175 419 1254 καμπύλον
443 1176 612 1237 illustrans
635 1177 792 1238 adiectivo
816 1176 925 1238 miuus
946 1177 1087 1254 vulgato,
1111 1179 1188 1241 licet
1207 1180 1247 1240 ab
1277 1180 1329 1240 ho·

55 1280 189 1341 mericis
219 1294 282 1339 non
314 1277 419 1338 alieno
453 1272 653 1355 εὐκαμπὲς
673 1272 692 1349 ¹)
725 1279 758 1339 et
786 1293 863 1340 voce
887 1278 1056 1340 rarissima
1079 1295 1192 1341 arcum
1220 1281 1330 1342 dicens

55 1377 193 1458 ἅεμμα,
226 1379 264 1439 de
294 1395 360 1453 qua
388 1396 452 1441 non
482 1381 585 1441 habeo
617 1380 701 1454 quod
732 1381 838 1441 dicam
868 1380 933 1441 nisi
955 1381 1039 1454 quod
1061 1384 1190 1456 propter
1210 1383 1251 1444 ΙΙ.
1277 1385 1329 1444 33.

60 1481 112 1559 ,τό
136 1475 157 1540 τ’
189 1477 286 1558 cloppe
313 1479 346 1541 τὸ
370 1482 524 1541 Λύκτιον”
549 1482 688 1543 fortasse
719 1482 877 1557 suspicari
900 1482 1006 1557 possis
1034 1498 1146 1544 rocem
1171 1483 1330 1546 Creticam

56 1586 170 1646 ruisse.
202 1582 354 1644 ceterum
384 1599 583 1658 quamquam
614 1585 820 1658 quaestiones
852 1585 1089 1660 mythologicae
1116 1585 1155 1647 ab
1179 1587 1238 1648 hoc
1262 1587 1332 1648 loco

56 1687 184 1748 alienae
207 1687 295 1761 sunt,
319 1701 382 1745 non
406 1688 517 1746 tamen
542 1701 675 1761 possum
700 1687 805 1747 iacere
825 1686 902 1760 quin
924 1687 1020 1747 verbo
1039 1703 1191 1750 moneam
1212 1691 1333 1762 quanta

57 1787 227 1862 diligentia
264 1787 298 1847 in
336 1788 397 1848 hac
431 1803 556 1862 quoque
590 1804 625 1849 re
661 1788 877 1850 Callimachus
913 1789 1086 1850 minimum
1125 1791 1263 1864 quidque
1300 1791 1333 1850 in

58 1891 203 1952 Homero
238 1890 337 1950 curet·
373 1890 444 1951 Noli
476 1891 564 1951 enim
594 1892 719 1968 putare,
750 1890 931 1951 inconsulte
963 1890 1069 1964 egisse
1100 1893 1230 1966 poetam
1260 1907 1336 1952 cum

59 1991 216 2066 chiopes
239 1991 449 2052 fabricatores
472 1993 559 2053 dicat
581 1992 716 2055 deorum
739 1993 935 2067 armaturae,
956 1980 1031 2052 cum
1052 1994 1136 2068 apud
1156 1993 1336 2055 Homerum

59 2093 227 2154 Vulcanus
259 2107 351 2154 arma
381 2094 515 2155 deorum
546 2094 695 2155 fabricari
720 2092 860 2169 fingatur
890 2095 937 2164 (O.
963 2095 1028 2155 310
1051 2097 1089 2155 Σ.
1120 2097 1205 2167 369).
1229 2096 1336 2171 Ipsius

59 2195 198 2256 Vulcani
234 2193 381 2256 officinas
414 2212 490 2258 cum
524 2196 756 2271 posterioribus
789 2195 894 2271 poetis
928 2195 967 2256 ab
999 2195 1136 2272 Olympo
1166 2212 1338 2259 removens

63 2298 286 2360 Callimachus
310 2299 399 2359 addit
421 2299 480 2360 deo
504 2314 617 2373 operas
642 2297 806 2376 cyclopes,
830 2298 870 2360 ci.
896 2313 943 2360 vs.
969 2300 1022 2360 46.

106 2400 219 2461 Obiter
249 2401 379 2461 tantum
411 2416 527 2461 moneo
554 2404 775 2478 τεχνᾶσθατ
799 2416 836 2461 11
859 2416 958 2461 sensu
982 2416 1044 2475 quo
1067 2401 1119 2461 hic
1143 2403 1337 2477 usurpatum

62 2506 114 2563 est
148 2503 182 2562 in
209 2501 310 2564 Iliade
340 2517 520 2576 numquam
544 2515 709 2563 occurrere
734 2506 821 2573 (nam
849 2503 886 2563 Φ.
911 2503 976 2563 415
1008 2502 1225 2577 metaphorice
1253 2503 1337 2564 adhi-

63 2606 181 2676 bitum)
213 2605 247 2665 in
276 2604 467 2678 Odysseae.
493 2604 557 2664 259
581 2604 620 2665 (11
645 2603 726 2664 velis
749 2604 830 2664 ratis
856 2599 890 2680 „d
915 2597 943 2662 δ’
969 2594 1003 2663 εὖ
1025 2602 1182 2682 τεχνήσατο
1208 2599 1258 2662 καὶ
1280 2600 1337 2661 τά”

64 2709 156 2778 (11.1.
170 2709 245 2769 613.
265 2722 363 2781 quem
386 2721 519 2768 versum
539 2706 748 2766 Aristarchus
763 2706 960 2781 damnavit);
984 2721 1031 2766 vs.
1048 2707 1086 2765 11
1109 2704 1338 2784 φαεσφαρίη

62 2812 103 2870 ut
133 2810 205 2885 ipsa
234 2823 288 2870 res
310 2810 343 2869 in
374 2808 434 2869 dea
457 2808 559 2868 Diana
582 2821 667 2867 nova
692 2807 740 2867 ita
763 2823 882 2868 nomen
905 2808 945 2868 ab
970 2808 1111 2869 Homero
1134 2806 1294 2883 alienum;
1319 2823 1339 2869 a

64 2911 200 2985 tragicis
230 2925 307 2971 vero
337 2909 410 2985 plns
441 2924 540 2984 quam
572 2907 674 2969 semel
702 2909 881 2969 adhibitum
912 2911 1094 2982 estusque
1125 2925 1200 2971 cum
1232 2910 1340 2984 eplcae

64 3013 217 3074 dictionis
235 3010 361 3086 legibus
381 3011 486 3071 iorma
505 3012 636 3086 pugnat.
658 3010 798 3071 Parvula
817 3024 943 3084 quoque
963 3026 1016 3071 res
1036 3014 1088 3072 est
1106 3026 1205 3085 quam
1227 3014 1339 3072 tamen

64 3116 176 3176 omitti
210 3129 274 3175 non
308 3115 443 3190 oportet,
467 3112 675 3174 collocatione
705 3111 793 3172 vocis
827 3107 938 3189 μέχρι
961 3109 1023 3188 qia
1053 3111 1127 3191 γόνυ
1158 3109 1260 3192 μέμαθ’
1289 3112 1339 3184 (11.

65 3218 120 3280 VI.
159 3219 222 3278 130
256 3212 324 3276 ττοτ1
353 3213 407 3275 τὰν
435 3213 511 3275 θεὸν
540 3211 632 3293 ἄχρις)
664 3213 799 3275 indicari
829 3214 906 3287 quid
938 3215 1100 3275 censuerit
1124 3212 1342 3276 callimachus

66 3321 106 3382 de
129 3319 295 3380 homerico
320 3333 417 3379 versu
442 3319 483 3378 Π.
507 3318 572 3378 324

269 3414 357 3500 δρύψ’
384 3416 444 3480 ἀπὸ
467 3418 617 3497 μυιώνων,
639 3414 698 3478 ἀπὸ
722 3411 750 3477 δ’
777 3413 879 3478 ὀστέον
902 3414 984 3496 ἄχρις
1007 3414 1106 3497 ἄραξε,

66 3540 185 3600 nempe
219 3519 286 3602 ἄχρι
320 3539 384 3584 non
414 3523 545 3583 tantum
575 3521 718 3582 adverbii
751 3521 856 3581 vicem
888 3520 972 3595 apud
995 3520 1175 3581 Homerum
1199 3519 1342 3581 obtinere

68 3627 125 3687 sed
144 3625 308 3686 interdum
322 3639 447 3698 quoque
459 3623 681 3698 accipiendum
694 3637 766 3683 esse
787 3623 959 3695 tamquam
978 3616 1042 3698 ἕως,
1065 3620 1105 3682 11.
1119 3620 1223 3682 Schol.
1240 3620 1343 3680 BLV

72 3726 122 3804 „ab
147 3721 180 3786 δὲ
203 3722 285 3804 ἄχρις
308 3723 374 3785 ἀντὶ
393 3732 446 3784 τοῦ
467 3721 521 3795 ἕως
545 3718 678 3783 ὀστὲο11”.
700 3719 834 3801 μέχρις
858 3724 970 3784 autem
994 3725 1027 3784 et
1052 3719 1167 3802 μέχρι
1189 3723 1259 3783 sine
1283 3723 1342 3783 dis·

1 3840 3 3896 ζ
69 3827 205 3889 crimine
229 3827 359 3888 adhibet
378 3828 498 3887 noster.
515 3825 688 3886 -Eodem
714 3840 809 3889 versu
832 3824 930 3885 verbo
952 3823 1077 3884 καίνω
1097 3840 1177 3885 usus
1198 3825 1344 3898 estquod

1 3920 3 4005 ff
69 3945 89 3990 a
111 3929 246 4003 tragicis
268 3929 373 4005 poetis
395 3928 565 3990 desumsit.

1 4011 3 4092 ᾗ
112 4031 184 4091 Non
219 4030 446 4106 suppeditabat
479 4029 576 4090 dictio
611 4027 701 4102 epica
735 4041 853 4087 nomen
884 4042 947 4100 quo
979 4025 1092 4087 Dianei
1114 4026 1214 4086 thiasi
1238 4027 1345 4088 socias

1 4178 2 4181 ¹
69 4132 257 4209 appellaret.
281 4134 395 4206 Itaque
415 4134 472 4193 aut
491 4131 632 4205 sumpsit
651 4129 780 4191 aliunde
802 4131 860 4189 aut
883 4129 952 4203 ipse
976 4127 1037 4188 sibi
1057 4127 1212 4187 formavit
1231 4143 1345 4189 vocem

68 4232 276 4314 χαρίττδας
300 4235 537 4309 (1113111111
558 4233 645 4293 recte
665 4246 685 4290 a
708 4229 913 4290 substantivo
926 4229 1077 4304 formata,
1102 4244 1166 4289 non
1189 4231 1226 4289 ut
1245 4250 1348 4309 χορευ-

68 4334 121 4414 τὴς
165 4335 357 4396 saltatorem
392 4334 449 4394 sed
483 4333 606 4394 sociam
641 4332 728 4392 chori
759 4330 889 4390 indicat.
933 4329 973 4389 ut
1008 4345 1208 4404 quamquam
1243 4331 1348 4392 forma

1 4613 2 4625 1
104 4579 124 4648 ¹)
142 4583 265 4641 εὐκαμπέα
290 4578 346 4635 τόξα
369 4579 448 4628 habet
471 4581 548 4640 poeta
565 4576 652 4636 hymni
671 4575 758 4622 XXVI.
776 4575 802 4621 iu
819 4574 928 4621 Dianam
947 4586 985 4622 vs.
1007 4575 1045 4633 13,
1066 4574 1224 4622 Oallimaeho
1242 4576 1351 4623 11111111

1 4684 2 4696 1
69 4663 148 4724 paulo
167 4660 307 4720 antiquior.
