3068 5288
819 434 860 494 26

204 621 341 682 comites
370 622 525 682 itinerum
550 616 610 699 (vs.
632 623 697 697 13),
722 624 755 682 at
779 621 1000 698 Amnisiades,
1025 623 1190 684 minorum
1213 625 1362 699 gentium
1385 641 1478 700 nym-

202 724 284 797 phas
307 738 349 783 ex
372 722 468 784 (ireta
490 724 655 800 oriundas,
680 723 863 798 duodecim,
887 739 970 799 quae
992 725 1164 786 humiliore
1187 727 1366 802 iungantur
1383 728 1477 787 mini·

202 826 302 885 sterio
326 829 384 895 (vs.
412 826 462 887 15.
486 826 669 887 clai-45
694 828 727 886 et
750 841 798 886 vs.
826 826 909 896 162).
934 824 997 886 (lur
1019 827 1067 887 ita
1089 827 1263 889 distinxit?
1295 829 1479 905 Oceapinas

202 942 333 986 summo
364 927 462 987 habet
491 927 524 986 in
555 928 675 988 honore
706 928 919 1002 omnibusque
949 930 1104 1004 nymphis
1133 933 1317 1008 praeponit,
1355 932 1478 1007 partim

203 1027 336 1087 Hesiodi
377 1029 620 1104 auctoritatem,
667 1029 794 1104 partim*
830 1029 993 1090 Arcadum
1036 1031 1142 1091 cultus
1180 1047 1292 1093 sacros
1332 1036 1477 1093 secutus.

203 1129 332 1189 Adsunt
355 1129 454 1205 igitur
476 1129 586 1190 Rheae
609 1131 643 1189 in
665 1130 846 1205 puerperio,
871 1130 994 1204 hymno
1016 1131 1051 1190 iu
1074 1131 1135 1191 Ιοο.
1162 1134 1192 1193 3.
1206 1135 1240 1209 5,
1267 1134 1320 1193 ubi
1344 1136 1478 1195 nomine

202 1231 362 1291 indicatur
385 1230 474 1290 Neda
497 1231 548 1291 cui
573 1231 802 1291 custodiendus
825 1231 964 1292 traditur
987 1232 1130 1308 Iuppiter
1153 1249 1267 1295 recens
1291 1237 1410 1296 natus:

424 1330 610 1416 πρεσβυτάτῃ
632 1329 786 1409 νυμφέων,
809 1329 846 1391 αἴ
862 1355 914 1409 μιν
936 1331 999 1393 τότε
1022 1333 1189 1405 μαιώσανσο

423 1431 570 1517 προτίσας]
592 1432 698 1513 γενεήν
721 1455 750 1493 τε
773 1431 844 1510 μετὰ
866 1434 970 1514 Στύγα
992 1456 1022 1494 τε
1049 1436 1186 1515 Φιλύρην
1208 1459 1245 1498 τε.

202 1551 306 1610 neque
329 1534 511 1596 inconsulto
535 1536 620 1596 hunc
643 1536 800 1597 honorem
824 1536 931 1597 Nedao
953 1537 1068 1598 tribuit
1089 1541 1198 1616 poeta,
1222 1541 1378 1614 quoniam
1403 1558 1478 1617 gau·

202 1637 257 1697 det
280 1652 318 1697 ea
341 1636 430 1697 cultu
452 1637 663 1698 sanctissimo
687 1640 757 1698 tam
781 1638 864 1713 apud
888 1638 1100 1714 Phigaleuses
1128 1655 1225 1714 quam
1249 1643 1335 1717 apud
1359 1643 1478 1718 Tegea·

201 1741 255 1798 tas
290 1733 320 1809 ¹).
362 1738 484 1799 Dianas
525 1741 636 1799 autom
678 1755 715 1799 eo
755 1738 909 1800 libentius
944 1741 1094 1801 adiunxit
1130 1742 1310 1804 Oceaninas
1345 1747 1382 1805 ut
1419 1746 1480 1806 hac

203 1855 328 1915 quoque
362 1855 397 1900 re
427 1840 487 1900 doa
517 1855 599 1913 quac
631 1840 777 1915 professa
808 1844 896 1902 esset
928 1838 1003 1918 ,eoi
1032 1840 1088 1921 ylo
1120 1840 1176 1923 ἐγὼ
1207 1843 1349 1922 Λητωιὰς
1380 1845 1479 1923 ὥσπερ

203 1940 371 2002 Ἀπόλλων’
403 1946 462 2012 (vs.
496 1942 559 2018 83),
595 1942 759 2003 videretur
788 1943 923 2004 fratrem
955 1944 1114 2005 aemulari
1148 1947 1209 2022 cui,
1244 1948 1332 2008 tosta
1363 1949 1480 2009 eodem

203 2044 357 2120 Hesiodo,
383 2043 554 2104 adiunctae
578 2047 671 2105 eraut
695 2045 875 2106 Oceauinaa

835 2148 867 2206 αἳ
889 2145 964 2206 κατὰ
986 2153 1075 2227 γαῖαν

424 2243 536 2326 ἄνδρας
559 2248 730 2327 κουρίζουσι
754 2248 810 2309 σὺν
834 2248 994 2309 Ἀπόλλωνι
1016 2247 1128 2310 ἄνακτι.

247 2349 307 2410 Sed
338 2348 401 2408 alio
433 2364 558 2424 quoque
589 2353 782 2425 argumento
813 2352 928 2413 nititur
958 2352 1131 2430 MaassiuS,
1164 2354 1259 2429 idque
1291 2356 1482 2417 corroborat

203 2451 300 2513 solita
330 2449 495 2511 doctrinas
527 2453 627 2528 copia.
663 2452 894 2529 ,domoque
923 2460 1150 2515 enumerantur
1174 2456 1208 2515 ιἰι
1232 2460 1337 2516 ocare
1361 2458 1480 2534 hymno

203 2555 344 2614 calaum
374 2553 448 2628 locu,
476 2569 513 2614 eo
539 2559 594 2615 out
623 2556 667 2616 od
697 2571 787 2616 more
816 2556 876 2616 eto
897 2561 971 2617 cunt
993 2561 1047 2617 oui
1068 2558 1156 2632 sacili
1178 2574 1272 2632 opero
1295 2575 1370 2618 cum
1394 2560 1481 2620 litore

202 2656 303 2716 moria
333 2653 599 2730 contundantur&
631 2657 702 2717 Hoc
728 2672 770 2717 no
792 2658 821 2717 si
844 2672 958 2718 varum
982 2661 1069 2719 esset
1102 2659 1247 2734 quidem,
1283 2660 1478 2736 quidquam,

201 2758 322 2834 opinor,
362 2755 504 2838 valeret,
540 2773 619 2818 nam
651 2758 707 2832 qui
744 2759 839 2819 deam
869 2767 1010 2836 νησιῶιιν
1045 2762 1169 2837 cantat,
1206 2760 1332 2820 insulas
1367 2762 1481 2823 laudet

201 2874 334 2920 necesse
358 2860 425 2931 est;
454 2861 622 2921 nonsatis
645 2862 721 2938 erit,
751 2862 780 2921 si
803 2860 899 2921 urbes
921 2861 1017 2922 modo
1036 2861 1194 2935 laudabit,
1216 2876 1299 2935 quae
1318 2861 1354 2922 in
1378 2865 1478 2924 conti·

201 2962 292 3023 nanti
322 2961 387 3020 sita
417 2961 558 3021 suntad
582 2962 677 3024 litora
700 2963 812 3023 maris.
838 2962 899 3023 Sed
922 2963 1058 3023 minime
1082 2978 1197 3023 verum
1220 2964 1280 3024 ast.
1305 2963 1368 3024 Per
1390 2964 1479 3025 haud

202 3066 357 3139 exiguam
387 3062 474 3124 euim
506 3065 621 3140 hymni
651 3066 778 3140 partem
808 3064 966 3124 Arcadiae
995 3066 1125 3125 montes
1148 3065 1363 3126 celebrantur.
1388 3065 1479 3141 Quod

202 3182 267 3228 non
300 3166 385 3241 fugit
419 3172 527 3231 virum
561 3166 796 3242 clarissimum,
834 3167 887 3240 qui
921 3166 1027 3226 addit:
1065 3164 1252 3243 ,Arkadiea
1281 3165 1371 3228 tona
1401 3168 1479 3228 ohne

201 3273 333 3334 wettenae
364 3275 427 3350 cus
453 3270 565 3334 Somou
595 3269 723 3345 beeopca
753 3269 908 3329 undena
937 3268 1055 3329 Itane?
1079 3266 1138 3343 Qui
1162 3268 1299 3329 Samum
1322 3269 1479 3345 Samique

203 3373 327 3434 cultum
361 3375 493 3436 laudaro
515 3371 667 3447 voluerit,
695 3385 803 3431 noune
827 3369 934 3444 inepto
957 3373 1046 3446 aget,
1070 3370 1099 3429 si
1123 3371 1228 3445 ipsam
1252 3371 1396 3432 insulam
1421 3373 1479 3431 vix

202 3474 327 3535 duobus
343 3477 492 3538 versibus
508 3472 702 3549 dignabitur,
724 3473 758 3532 at
777 3471 965 3547 Arcadiam,
987 3471 1063 3545 quia
1074 3471 1155 3532 haec
1173 3472 1261 3547 ragio
1281 3473 1322 3533 ad
1340 3472 1478 3533 Samum

201 3577 376 3655 pertineat,
400 3594 457 3654 per
481 3578 613 3639 centum
636 3589 752 3635 versus
776 3574 973 3635 celebrabit?
996 3573 1093 3634 Porro
1116 3576 1252 3635 tantane
1275 3576 1338 3635 fuit
1361 3576 1395 3636 in
1419 3576 1477 3651 cy·

201 3680 341 3741 renaicis
364 3680 489 3742 civibus
509 3694 585 3740 cum
602 3677 782 3752 sagacitate
801 3677 947 3737 doctrina
967 3676 1152 3752 coniuncta,
1173 3678 1210 3736 ut
1229 3677 1365 3738 docente
1381 3681 1480 3753 poeta

206 3781 340 3857 ,rottae
371 3779 404 3842 δέ
429 3803 474 3841 ισι
496 3777 585 3841 εὔαδε
608 3775 732 3858 Πέργη”
756 3777 871 3838 statim
895 3793 1007 3839 secum
1031 3777 1172 3852 cogitare
1195 3781 1343 3855 possent,
1370 3780 1480 3854 qualia

203 3883 422 3945 eruditissime
445 3883 538 3945 nobis
561 3880 696 3957 exponit
718 3879 896 3940 Maassius:
923 3893 1034 3955 ,saepe
1056 3879 1155 3939 cadas
1173 3879 1336 3956 Perpenna
1356 3880 1479 3942 Danae

202 4067 314 4114 Homero
337 4067 405 4114 cuim
427 4067 568 4127 nymphae,
594 4078 660 4126 quaa
682 4065 789 4112 Dianam
813 4064 976 4122 comitantur,
999 4068 1059 4112 sunt
1083 4072 1163 4128 ιισοραι
1181 4065 1237 4118 Διὸς
1260 4066 1378 4126 αἰγιόχοιο
1398 4067 1436 4125 (at
1452 4069 1478 4114 in

202 4147 297 4204 hymno
313 4146 340 4193 ιἰι
358 4144 408 4194 Cer.
422 4148 469 4194 418
486 4161 520 4209 aq.
536 4146 717 4205 Proserpinam
731 4143 831 4190 videbis
848 4145 977 4198 παίζουσαι
994 4147 1089 4208 κούρῃσι
1107 4145 1149 4191 cdv
1163 4144 1274 4192 Ὠκεανοῦ
1290 4148 1477 4207 βαθυκόλπου

202 4226 290 4272 noster
305 4239 366 4273 vero
384 4224 540 4273 Hesiodeum
560 4225 732 4285 nympharum
750 4224 894 4282 catalogum
916 4222 999 4286 Pheop.
1018 4225 1123 4288 tdieqq.
1141 4223 1270 4272 consuluit
1286 4224 1374 4272 Nedao
1392 4225 1476 4274 locum

202 4304 318 4351 tribuens
335 4306 421 4352 atatim
440 4308 499 4365 post
516 4305 620 4364 Stygem
638 4303 672 4364 „ti
689 4304 717 4363 δή
735 4320 811 4366 σφισι
827 4307 1002 4367 σρσφιρισιάιιι
1020 4306 1083 4351 levir
1099 4300 1232 4351 laeciori&
1250 4301 1374 4364 Philyram
1390 4309 1475 4354 autam

202 4383 260 4429 idco
285 4383 394 4431 tortasse
420 4383 556 4444 aequalem
582 4384 652 4443 Stygi
680 4383 742 4430 lecit
768 4383 940 4430 Oallimachas
964 4384 1033 4443 quod
1063 4397 1095 4431 ex
1118 4398 1149 4432 aa
1174 4384 1282 4444 (ihirou,
1304 4385 1366 4432 Iove
1388 4386 1475 4447 maior,

202 4465 278 4508 natus
295 4475 352 4510 esse
369 4461 510 4510 dicabatur.

237 4537 256 4602 ¹)
276 4541 313 4588 Oi.
341 4542 506 4589 Immarwahr
527 4541 543 4588 l.
559 4541 576 4588 l.
600 4555 626 4602 p.
650 4542 712 4603 ala,
736 4542 799 4604 28⁷,
821 4542 878 4590 288.
905 4542 1013 4590 Omnino
1037 4544 1123 4591 autom
1140 4543 1280 4590 usandum
1298 4547 1339 4592 est
1355 4544 1406 4591 iam
1424 4545 1473 4591 vita

203 4621 255 4668 irai
272 4622 411 4682 nympham
429 4623 567 4681 eumquam
585 4623 705 4668 nascatur
721 4621 817 4669 flumen
834 4621 912 4669 Neda.
