3068 5294
806 465 867 525 188
1215 467 1269 528 lv.
1293 468 1472 528 alo-315

200 657 262 715 tur.
297 656 433 729 Insuper
463 654 493 714 id
524 655 662 715 suadent
694 653 790 714 verba
822 652 1012 730 ,χαλεπόν
1038 651 1164 713 τεκαὶ
1187 651 1363 735 ἄγριον”,
1388 669 1472 728 quae

200 756 240 816 ab
271 757 339 831 ipso
370 756 511 816 Homero
538 756 667 830 saepius
691 755 887 817 coniunctim
911 755 997 816 dicta
1019 757 1154 817 omnino
1172 757 1382 818 distrahenda
1407 773 1470 818 non

199 861 286 919 sunt.
323 858 519 935 Quapropter
550 859 695 933 suspicor
718 874 751 918 re
777 873 852 918 vera
872 857 966 918 illum
985 859 1172 934 mugitcrem
1194 859 1358 919 monetam
1381 862 1472 933 alque

198 962 372 1022 immonem
405 960 582 1021 indicatum
618 974 690 1020 esse
725 973 744 1017 a
775 960 870 1033 poeta
901 974 939 1020 eo
966 960 1170 1020 substantivo
1195 960 1279 1032 quod
1303 961 1472 1034 proposuit

199 1062 422 1138 Schneidorus‚
450 1077 566 1134 nempe
587 1061 714 1138 μύκητα,
736 1061 793 1121 sed
818 1060 1085 1139 προπαροξυτόνως
1111 1061 1142 1120 id
1166 1062 1373 1121 scribendum
1398 1076 1471 1121 esse

198 1167 369 1238 tamquam
393 1180 412 1224 a
435 1163 635 1223 nominativo
660 1161 754 1239 μύκης
778 1163 971 1223 derivatum.
997 1163 1132 1224 Obstare
1151 1163 1235 1237 quod
1263 1163 1336 1223 inde
1360 1178 1470 1223 nasce·

198 1268 287 1327 retur
320 1266 527 1342 ambiguitas,
562 1265 638 1338 quia
673 1267 801 1325 extaret
835 1265 1078 1325 substantivum
1109 1265 1206 1342 μύκης
1234 1263 1472 1339 significatione

198 1368 291 1442 longe
322 1369 462 1445 diversa,
493 1383 588 1428 nemo
620 1368 793 1428 contendat
817 1368 871 1441 qui
896 1368 1023 1427 noverit
1045 1367 1118 1428 illos
1140 1367 1379 1428 Alexandrinos
1403 1382 1471 1427 eru·

197 1471 299 1530 ditam
341 1470 589 1544 ambiguitatem
631 1472 824 1544 quaerentes
859 1468 953 1544 ultro,
994 1484 1057 1529 non
1100 1470 1272 1530 evitantes.
1312 1469 1472 1544 Exempla

197 1573 309 1632 autem
332 1572 408 1632 talis
431 1572 579 1632 licentiae
609 1586 674 1631 non
697 1570 838 1631 defuisse
861 1572 975 1645 poetae
999 1571 1089 1631 vides
1113 1572 1144 1631 in
1168 1572 1263 1631 verbo
1283 1575 1469 1644 niceronta,

197 1688 217 1733 a
240 1689 302 1746 quo
325 1676 394 1733 tam
418 1671 531 1750 πλάνης
555 1688 653 1745 quarn
677 1670 827 1749 πλανήτης
852 1673 1068 1747 formabatur3
1094 1688 1198 1746 neque
1218 1687 1295 1733 vero
1319 1686 1358 1731 ea
1378 1671 1468 1732 liber·

198 1778 265 1835 tate
295 1790 458 1849 nusquam
481 1775 557 1835 alibi
581 1789 660 1834 usus
683 1776 734 1835 est
762 1776 881 1849 noster,
906 1789 982 1834 nam
1007 1774 1045 1834 lr.
1073 1775 1136 1835 472
1161 1788 1279 1834 nomen
1303 1774 1469 1848 proprium

198 1874 303 1955 Κόμης
323 1875 460 1954 Κόμηιος
479 1876 633 1937 formavit
652 1892 708 1951 pro
729 1876 824 1936 solito
840 1873 991 1953 Κομήοης,
1011 1877 1125 1948 quade
1142 1891 1176 1936 re
1189 1874 1473 1936 conferendasunt

198 1995 281 2052 quae
308 1978 457 2053 exposuit
481 1978 683 2039 Herodianus
706 1977 758 2048 (Il.
781 1977 855 2038 678.
882 1978 944 2047 25).
970 1976 1119 2037 Ceterum
1144 1978 1172 2037 ai
1195 1978 1281 2037 recte
1304 1976 1385 2037 haec
1409 1976 1471 2036 dis·

198 2082 312 2155 putata
349 2083 435 2156 sunt,
467 2079 605 2140 fortasse
635 2080 709 2139 inde
741 2077 824 2140 effici
859 2079 968 2139 licebit
1007 2080 1208 2140 homericum
1243 2078 1472 2148 accusativum

199 2181 332 2259 εὐρύοπα
357 2197 376 2242 a
399 2183 599 2242 nominativo
625 2179 741 2260 ιύρύοψ
765 2181 930 2241 derivasse
953 2182 1113 2254 nostrum.

242 2284 372 2358 Vulgati
402 2284 468 2344 iere
499 2283 659 2344 sermonis
686 2283 793 2344 verbis
816 2282 968 2344 describit
992 2282 1207 2343 Callimachus
1232 2281 1473 2356 labyrinthum

198 2385 290 2447 euius
320 2383 474 2465 γναμπτὸν
503 2381 569 2456 ἕδος
584 2373 587 2377 ’
604 2387 638 2445 et
673 2381 790 2455 σκολιὰς
822 2380 911 2455 ὁδοὺς
943 2386 1016 2459 post
1047 2399 1123 2445 eum
1154 2385 1335 2445 tractarunt
1359 2383 1472 2444 Diodo-

197 2502 253 2570 ms
282 2486 336 2548 IV.
363 2488 380 2548 7
407 2488 441 2547 et
469 2486 681 2562 Apollodorus
711 2487 768 2546 ill.
799 2488 838 2545 14
870 2489 1010 2562 (καμπαῖς
1042 2484 1240 2556 πολυπλόκοις
1270 2488 1404 2562 πλανῶν,
1428 2485 1469 2546 cf.

197 2589 254 2650 111.
278 2589 328 2649 15.
342 2590 383 2659 8).
409 2589 469 2650 Hic
492 2589 559 2650 illic
582 2589 751 2664 paululum
774 2590 952 2663 adsurgens
976 2588 1075 2663 lyrico
1098 2589 1168 2649 sive
1191 2588 1312 2662 tragico
1336 2587 1474 2648 flosculo

197 2693 333 2752 exornat
363 2692 552 2752 orationem.
585 2692 636 2751 Ita
666 2687 927 2770 ἐγειρομένου
950 2694 1200 2769 κιθαρισμοῦ
1225 2705 1272 2750 vs.
1298 2689 1362 2749 312
1387 2690 1473 2750 dixit

197 2793 372 2853 Pindarum
403 2793 607 2867 tragicosque
631 2797 773 2854 secutus.
798 2793 882 2853 Nam
906 2792 1048 2853 Homero
1075 2788 1214 2872 „tyetpnv
1237 2790 1392 2866 φύλοπιν”
1417 2790 1472 2851 vel

200 2891 328 2973 „blanc”
352 2895 482 2955 tantum
504 2896 538 2955 in
560 2911 621 2954 usu
641 2894 712 2955 fuit.
737 2896 808 2955 lam
828 2894 924 2969 paulo
943 2892 1043 2954 latius
1062 2895 1151 2954 verbi
1171 2909 1251 2954 usus
1270 2895 1362 2969 patet
1385 2894 1473 2968 apud

198 2997 371 3057 Pindarum
401 2995 457 3066 (Ol.
481 2997 538 3057 IX.
561 2999 601 3057 47
638 2990 737 3076 »ἔγειρ’
772 2993 866 3055 ἐπέων
898 3012 970 3071 σφιν
999 2987 1113 3072 οἷμον
1144 2994 1251 3075 λιγὺν”
1275 2996 1405 3071 legitur,
1438 2998 1472 3056 et

196 3097 272 3157 alibi
296 3097 418 3176 λύραν
442 3095 593 3177 ἐμοίρειν1;
617 3098 732 3171 tragici
755 3099 867 3158 autem
891 3100 1009 3175 θρῆνον
1033 3099 1066 3158 et
1089 3096 1201 3157 κιύπον
1222 3112 1470 3170 nonnumquam

197 3195 368 3277 ἐγείρουσιν.
386 3232 422 3242 -
437 3198 550 3260 Cetera
569 3215 651 3272 quae
674 3200 819 3260 versibus
840 3199 903 3259 314
924 3201 958 3259 et
978 3201 1041 3259 315
1063 3200 1210 3274 exposita
1224 3202 1311 3274 sunt,
1325 3199 1469 3275 etiamsi,

197 3299 279 3371 quod
310 3301 485 3375 nescimus,
519 3301 610 3361 attici
634 3302 795 3362 sermonis
818 3316 881 3361 non
905 3301 949 3360 sit
972 3299 1096 3378 κοπήιον
1119 3306 1244 3376 (parum
1266 3302 1352 3363 enim
1377 3301 1469 3376 prod·

197 3401 302 3460 cimus
332 3402 526 3464 scholiastae
559 3404 783 3464 adnotatione:
823 3399 923 3481 „acad
953 3407 1013 3474 τοῖς
1045 3403 1220 3473 Aaronem
1247 3396 1278 3479 ¹),
1307 3404 1469 3464 eiusmodi

197 3503 304 3562 verbis
338 3505 502 3564 enarravit
537 3504 754 3566 Callimachus
789 3506 825 3564 ut
868 3519 932 3564 non
966 3506 1079 3579 poetae
1111 3520 1226 3565 verum
1256 3505 1470 3567 historiarum

197 3604 326 3664 cuidam
360 3605 508 3680 scriptori
542 3606 650 3666 deberi
684 3622 722 3666 ea
753 3606 884 3666 dixeris.
920 3605 1078 3682 Quoniam
1102 3621 1178 3666 vero
1201 3608 1306 3667 totam
1330 3622 1406 3668 eam
1429 3609 1470 3669 de

197 3721 290 3766 sacra
323 3708 400 3767 navi
433 3708 589 3768 Theseide
624 3708 841 3768 narrationem
873 3708 956 3768 unde
991 3709 1136 3769 hauserit
1167 3711 1277 3770 noster
1300 3712 1470 3786 tantopere

197 3810 356 3870 incertum
390 3811 450 3885 est,
485 3809 703 3883 suspicionem
735 3810 773 3870 de
805 3810 865 3870 hac
897 3825 931 3870 re
955 3810 1036 3871 milri
1059 3811 1205 3871 obortam
1227 3826 1292 3871 non
1315 3812 1469 3882 reticebo.

198 3910 273 3970 licet
304 3910 389 3970 haud
421 3910 611 3971 firmissima
634 3913 687 3972 sit.
720 3911 767 3971 Ex
798 3912 839 3972 iis
863 3928 944 3987 quae
968 3913 1006 3973 de
1030 3914 1147 3974 Thesei
1170 3913 1373 3988 expeditione
1398 3930 1468 3974 nar·

197 4013 248 4072 rat
280 4011 474 4072 Plutarchus
503 4013 535 4073 in
559 4014 621 4073 otto
647 4013 730 4074 lires.
755 4030 781 4074 c.
807 4015 848 4074 23
877 4018 970 4087 (quae
993 4017 1146 4076 revocant
1169 4016 1201 4075 in
1226 4018 1371 4076 mentem
1402 4016 1470 4077 (lal-

196 4113 329 4173 limachi
363 4110 539 4190 „dertoiovca
568 4115 708 4192 τοπήϊα”)
742 4115 825 4176 efflei
848 4132 942 4192 posse
966 4117 1122 4193 suspicor,
1146 4118 1251 4192 egisse
1274 4118 1313 4179 de
1337 4119 1399 4179 hac
1422 4135 1470 4196 re,

197 4215 306 4276 nescio
349 4229 411 4289 quo
450 4216 540 4293 libro,
575 4218 773 4280 Denabaran
815 4219 1030 4280 Palaemon.
1078 4217 1138 4296 „Tb
1182 4214 1213 4279 δὲ
1248 4221 1386 4295 πλοῖον”,
1423 4221 1472 4282 ita

196 4318 334 4392 scriptor
368 4317 611 4396 Chaeronensis
651 4317 702 4396 „tv
737 4315 760 4405 ᾧ
798 4319 868 4399 μετὰ
904 4331 962 4381 τῶν
997 4318 1098 4405 quibo
1135 4320 1256 4381 ἔπλευσε
1293 4318 1343 4380 καὶ
1378 4321 1471 4381 πάλιν

200 4415 312 4493 ἐσώθη,
345 4415 411 4498 ἀχρὶ
443 4428 502 4480 τῶν
537 4421 775 4504 Δημητρίου
810 4431 878 4482 τοῦ
916 4421 1131 4503 Φαληρέως
1166 4421 1281 4503 χρόνων
1312 4422 1473 4500 διεφύλατ-

234 4636 252 4699 1)
270 4640 387 4687 conferri
404 4642 499 4701 poterit
517 4641 549 4689 de
566 4655 628 4690 voce
646 4652 738 4692 ιοπιτυν
756 4642 858 4693 Erednu
875 4643 892 4690 l.
911 4644 927 4692 l.
946 4644 986 4692 ab.
