3068 5294
816 442 880 507 212
1282 443 1324 508 ΙΙ.
1352 444 1485 509 72-78

211 637 285 713 poet
314 650 448 699 versum
474 637 525 698 72.
558 634 705 710 Plerique
730 667 771 679 -
795 635 829 695 ni
860 634 954 696 fallor
982 636 1070 696 recte
1095 669 1136 680 -
1158 634 1192 695 in
1222 634 1384 696 vocabulo
1409 634 1486 706 τάδε,

207 739 291 812 quod
321 737 462 799 moleste
494 737 646 813 abundat,
671 736 888 811 corruptelam
911 737 1161 813 deprehendunt,
1185 737 1218 797 et
1241 737 1397 797 certatim
1420 753 1484 799 cor·

207 840 316 918 rigunt
333 836 543 916 adleqaolt,
565 832 645 913 aori,
670 837 726 897 alii
749 852 875 912 quoque
895 834 963 898 πέλε
982 840 1207 913 proponentes.
1232 837 1393 912 Equidem
1413 855 1483 900 rem

207 956 290 1016 quae
320 942 451 1002 criticen
482 941 587 1001 solam
619 940 744 1013 spectet
775 941 810 999 at
844 940 901 999 vix
933 939 1121 1001 Callimachi
1144 940 1319 1002 dictionem
1343 942 1482 1016 epicam,

205 1059 270 1104 non
300 1057 518 1103 memorarem
547 1041 609 1101 nisi
640 1041 877 1115 quodammodo
908 1056 927 1101 a
956 1042 1044 1102 vocis
1066 1039 1191 1101 ἔδεθλον
1214 1042 1483 1117 interpretatione

207 1145 345 1220 pendere
380 1145 543 1205 videretur
575 1143 768 1205 emendandi
802 1144 885 1203 ratio
921 1159 1000 1204 sane
1034 1158 1134 1216 quam
1168 1143 1301 1204 incerta.
1336 1144 1424 1205 Nam
1455 1146 1483 1204 si

207 1244 341 1323 ἔδεθλον,
361 1248 400 1306 ut
422 1247 552 1320 saepius
574 1241 650 1320 ἕδος,
673 1245 777 1319 ipsam
799 1244 910 1305 urbem
930 1245 981 1306 dei
1004 1260 1131 1306 sacram
1151 1246 1282 1322 indicat,
1303 1246 1482 1308 tolerabilis

206 1348 368 1408 sententia
400 1348 514 1408 evadet
542 1347 571 1407 si
601 1362 675 1407 cum
708 1347 898 1408 Ruhnkenio
930 1344 1037 1424 „atla”
1059 1347 1251 1422 legerimue;
1272 1363 1346 1408 eam
1368 1351 1481 1408 autem

205 1450 403 1511 substantivi
437 1449 737 1525 interpretationem
768 1447 899 1510 firmare
929 1449 1109 1524 poterimus
1141 1464 1237 1509 versu
1261 1449 1481 1525 Lycophronis

207 1551 281 1614 987.
309 1550 429 1611 Verum
454 1566 494 1610 ne
517 1552 578 1611 hoo
610 1550 742 1623 quidem
773 1549 868 1610 dubio
900 1551 1005 1610 vacat.
1037 1550 1110 1625 lpse
1142 1549 1359 1612 Callimachus
1384 1568 1482 1628 supra

185 1640 255 1715 vs.
280 1654 321 1715 62
348 1668 425 1714 urae
455 1651 544 1712 turia
576 1648 712 1710 ἐδέθλιον
741 1652 863 1711 dixisse
887 1652 1031 1727 videtur;
1063 1650 1251 1726 Apollonius
1274 1653 1481 1716 substantivo

205 1752 331 1814 ἔδεθλον
351 1753 501 1828 templum
522 1753 677 1814 indicavit
688 1752 742 1813 IV.
757 1755 818 1841 331
841 1756 909 1823 (τῶν
930 1746 960 1811 δ’
985 1748 1050 1830 ἤτοι
1070 1748 1152 1834 {cipp
1171 1747 1224 1827 μὲν
1245 1750 1277 1812 ἐν
1296 1751 1378 1834 ἱερὸν
1397 1753 1481 1816 ἔσκεν

205 1853 358 1931 idatium
383 1855 497 1917 eodem
521 1856 616 1937 modo
640 1854 858 1916 Antimachus
877 1869 1003 1928 quoque
1028 1854 1077 1922 (fr.
1103 1853 1143 1912 28
1167 1853 1274 1925 Κίον.)
1301 1855 1481 1935 ηΔήμηορος

205 1956 295 2017 τόθι
327 1954 420 2034 φασὶν
449 1950 586 2033 Ἐρινύος
621 1948 697 2015 εἶναι
728 1953 885 2016 ἔδεθλον”.
914 1955 1001 2015 Num
1025 1955 1107 2016 sorte
1129 1957 1240 2015 noster
1260 1958 1425 2032 templum
1447 1960 1480 2020 in

206 2059 289 2120 urbe.
316 2058 431 2133 Sparta
462 2059 639 2135 conditum,
667 2074 731 2121 non
755 2073 882 2119 sacram
906 2058 1020 2119 urbem
1045 2058 1150 2133 ipsam
1174 2057 1321 2119 indicans
1343 2061 1392 2121 ita
1415 2061 1481 2123 iere

207 2160 307 2221 dixit:
343 2161 478 2236 ,sparta
508 2162 568 2221 tibi
600 2161 721 2222 Carnes
747 2161 892 2236 primam
927 2161 1062 2221 corradi
1090 2160 1238 2221 aedem'’t
1273 2160 1309 2221 ld
1344 2176 1423 2223 vero
1453 2163 1481 2222 si

206 2261 299 2343 dixit,
330 2261 412 2322 latet
441 2262 475 2322 in
511 2262 625 2323 vocula
656 2265 804 2338 corrupta
830 2263 963 2324 verbum
988 2263 1132 2338 activum,
1154 2262 1187 2322 et
1209 2262 1350 2336 supicari
1373 2264 1481 2338 possis

208 2363 335 2424 dedisse
358 2366 488 2438 poetam
511 2366 581 2425 sive
608 2364 724 2440 „eldea”
749 2366 819 2425 sive
846 2361 966 2441 ,dipe't

251 2463 364 2527 Cetera
394 2466 586 2527 brevissime
616 2466 741 2527 absolvi
772 2466 917 2540 possunt.
942 2463 1046 2524 Verbo
1079 2464 1221 2524 notanda
1244 2465 1350 2526 torma
1377 2465 1482 2526 Oida-

205 2565 331 2627 πόδαο
366 2584 448 2642 quae
479 2568 680 2628 homericum
707 2567 905 2643 exemplum,
934 2567 1109 2638 sedemque
1132 2566 1164 2626 in
1190 2581 1286 2628 versu
1309 2568 1483 2642 antiquam

205 2672 332 2744 servat;
366 2671 439 2730 tum
470 2685 595 2744 quoque
618 2671 733 2731 notatu
757 2669 892 2742 dignum
920 2668 1004 2741 quod
1027 2656 1233 2741 antiquorum
1257 2667 1427 2730 licentiam
1450 2672 1482 2731 in

205 2771 410 2842 substantivo
437 2768 521 2849 γένος
542 2770 746 2844 aliquantum
765 2770 942 2845 amplificat
962 2766 1013 2828 τὸν
1033 2765 1117 2828 ἕκτον
1140 2763 1186 2828 ἀπ’
1212 2768 1374 2842 Οἰδίποδος
1397 2788 1483 2834 nove

204 2867 300 2946 plane
334 2887 523 2947 nuncupans
562 2868 694 2946 ,inrue
729 2868 843 2950 γένος
880 2869 1066 2932 οἰδιοόδαο”
1099 2865 1136 2944 1);
1168 2872 1267 2932 simul
1297 2874 1481 2937 orationem

190 2973 348 3041 ,relevare
370 2976 505 3034 conatur
535 2989 618 3034 novo
642 2974 815 3035 vocabulo:
846 2989 923 3034 nam
946 2989 1045 3048 quam
1068 2974 1167 3035 ceteri
1190 2976 1347 3036 mortales
1373 2974 1481 3053 ,daor-

205 3074 295 3134 κίαν”
319 3074 423 3135 dicere
447 3075 563 3151 solent,
588 3075 694 3148 magis
714 3075 805 3150 epioe
828 3090 914 3135 nunc
937 3077 1031 3149 vocat
1056 3072 1249 3152 „daducium”
1274 3068 1308 3148 2).

250 3177 287 3237 In
322 3192 357 3236 ea
390 3179 503 3238 autem
537 3174 725 3254 ,denarium
757 3178 874 3237 Battus
905 3178 1088 3252 Apollinem
1114 3177 1361 3257 ,hedouville
1388 3180 1480 3260 πάρ-

205 3280 298 3349 θετο
331 3276 457 3360 μοῖρ’,
492 3279 539 3339 ita
569 3280 680 3340 narrat
703 3280 814 3340 noster
839 3295 886 3340 vs.
913 3281 965 3355 76,
990 3280 1087 3340 verbo
1111 3295 1200 3357 usus,
1226 3282 1310 3354 quod
1335 3282 1479 3346 Homero

205 3395 244 3440 ea
278 3380 397 3440 saltem
427 3380 662 3454 significatione
686 3381 886 3455 incognitum
913 3382 1040 3455 egregie
1064 3381 1132 3442 loco
1157 3383 1325 3457 convenit;
1350 3385 1477 3447 adhibe·

204 3483 257 3542 tur
275 3482 362 3541 enim
387 3480 575 3543 Callimachi
599 3484 706 3544 aetate
730 3497 793 3542 non
818 3484 924 3544 solum
949 3484 987 3543 de
1007 3485 1143 3559 pecunia
1162 3484 1300 3545 rebusve
1321 3486 1478 3561 depositis

203 3580 415 3662 (παραθήκαις)
451 3585 508 3645 sed
542 3585 582 3645 de
612 3585 758 3659 personis
790 3600 915 3659 quoque
947 3601 1028 3658 quae
1059 3600 1155 3646 curae
1178 3585 1316 3660 fideique
1338 3588 1478 3650 alicuius

201 3686 460 3745 committuntur.
497 3686 600 3746 Simul
633 3702 708 3747 vero
743 3687 898 3747 Herodoti
929 3687 1035 3748 locum
1066 3687 1227 3760 quendam
1259 3689 1314 3761 qui
1346 3691 1416 3763 agit
1438 3691 1477 3752 de

200 3786 335 3860 Asbytis
371 3785 434 3857 (IV.
474 3789 535 3847 170
571 3787 765 3865 Ἀσβύται...
806 3786 838 3847 τὸ
877 3782 952 3866 ὑπὲρ
987 3787 1131 3866 Κυρήνης
1167 3785 1307 3860 οἰκέουσι)
1345 3793 1478 3867 corrigit

200 3890 418 3964 Lycophronis
442 3890 573 3963 auxilio,
599 3891 654 3963 qui
678 3890 794 3963 Libyes
817 3888 974 3967 Ἀσβύσοας
998 3889 1218 3965 appellaverat
1240 3907 1288 3952 ve.
1315 3893 1391 3954 895.

244 3990 350 4050 Nihilo
374 3991 478 4064 magis
502 3991 649 4065 sequenti
675 4007 770 4052 versu
795 3994 940 4052 sectatus
964 3994 1015 4052 est
1036 3992 1227 4069 Homerum,
1252 4008 1328 4054 cum
1349 3995 1418 4068 agit
1437 3996 1476 4056 de

199 4092 358 4168 Apollinis
384 4091 497 4153 Carnei
521 4093 652 4169 templo,
677 4094 760 4167 quod
783 4095 914 4155 uberius
940 4096 1139 4155 tractaverat
1158 4098 1190 4155 et
1213 4095 1476 4169 magnificentius

201 4194 359 4254 Pindarus
389 4193 478 4271 Pyle.
502 4193 540 4255 V.
566 4197 607 4256 98
638 4210 703 4269 sqq.
736 4195 825 4255 Licet
849 4196 936 4257 enim
960 4198 994 4257 et
1021 4192 1286 4276 „eventuque”
1311 4199 1475 4260 homerico

201 4299 293 4357 sonet
329 4298 362 4356 et
391 4296 631 4375 οελεσφορίη
662 4301 721 4368 (vs.
753 4299 804 4368 78)
829 4298 868 4357 ab
893 4298 1051 4359 adiectivo
1075 4299 1237 4360 homerico
1261 4300 1359 4361 ducat
1382 4301 1474 4375 origi-

235 4540 253 4602 ι)
272 4542 311 4590 ci.
328 4541 370 4589 IV.
390 4542 437 4589 109
457 4547 580 4600 ,novatae
596 4539 676 4602 rivo?
694 4555 752 4604 pag.
772 4542 829 4600 135,
846 4545 873 4590 et
889 4556 948 4604 pag.
968 4544 1024 4592 151.

232 4617 254 4691 ²)
271 4623 310 4672 De
327 4622 398 4671 vocis
416 4616 482 4677 οὖλος
500 4621 686 4682 significatione
703 4622 864 4684 disputatum
881 4627 922 4672 est
939 4637 997 4685 pag.
1015 4626 1055 4673 lt.
