3320 5432
86 543 134 611 lv.
159 545 331 610 220-221
687 543 750 608 lca

87 738 143 798 Iris
165 738 281 799 Iunoni
316 733 399 814 ,καὶ
432 733 476 796 οὐ
507 731 599 814 χέρα
623 733 805 811 δείδιμεν
828 730 950 813 ἄλλην
972 732 1232 815 θηλυτέρηυ”.
1266 735 1351 798 Nam

86 839 253 900 notissima
274 854 313 900 ea
337 838 465 912 quidem
491 840 542 898 est
565 837 648 912 apud
673 849 786 897 omnes
810 836 982 911 scriptores
1005 838 1087 900 ratio
1115 839 1352 914 loquendique

85 943 250 1014 tamquam
285 940 384 1013 digito
419 939 492 1012 quis
526 939 736 1015 monstratur,
771 954 847 999 cum
877 954 941 999 non
972 940 1086 1001 statim
1114 941 1185 1015 ipsa
1215 957 1352 1016 persona

33 1117 39 1132 ι
85 1043 211 1103 nomine
241 1057 301 1102 suo
330 1040 500 1116 indicatur,
531 1040 588 1101 sed
610 1040 824 1115 praemittunt
850 1037 925 1116 ,οὐκ
948 1037 1066 1116 ἄλλος’,
1089 1057 1218 1117 semper
1240 1046 1352 1104 autem

85 1145 228 1218 sequitur
244 1145 302 1204 aut
325 1139 442 1218 „cipri”
465 1147 522 1202 aut
545 1137 667 1216 „ditat
680 1141 781 1215 Saepe
793 1141 930 1203 adicitur
941 1139 1029 1203 τόσον
1041 1133 1097 1202 ὧδε
1109 1143 1243 1221 πρόσθεν
1254 1146 1351 1221 talia;

84 1261 144 1307 non
177 1262 253 1308 roro
285 1247 333 1306 sio
363 1244 458 1320 nude,
490 1243 519 1303 si
545 1244 619 1317 quis
642 1243 746 1304 dicere
771 1243 851 1303 velit
876 1241 932 1319 ,σὺ
956 1240 1118 1321 ἐποίησας”
1142 1246 1247 1308 dicere
1270 1246 1354 1308 solet

87 1345 158 1422 ,οὐκ
182 1345 269 1420 ἄλλος
293 1345 463 1425 ἐπαίροιμ’.
488 1347 626 1409 Gravius
649 1351 760 1408 autern
784 1348 953 1421 peccatum
977 1348 1038 1407 erit
1061 1347 1100 1424 si,
1124 1348 1228 1410 dicere
1249 1350 1353 1411 volen-

85 1451 132 1509 tes
169 1445 299 1524 ,οὐδένα
334 1452 482 1527 μᾶλλον
512 1446 632 1526 δέδιμεν
662 1443 682 1526 ἢ
713 1443 766 1506 σέ”
798 1449 856 1508 aut
890 1443 1019 1524 ,οὐδένα
1059 1456 1202 1509 τοσοῦτον
1236 1447 1354 1528 δέδιμεν

84 1547 152 1609 ὅσον
172 1547 237 1627 σθ’,
254 1551 445 1626 simpliciter
464 1550 644 1610 dixerimus
666 1545 742 1624 ,οὐκ
761 1543 851 1607 ἄλλον
863 1545 1012 1626 ditmar&
1034 1549 1144 1623 Neque
1164 1551 1210 1611 ita
1229 1551 1353 1614 solebat

82 1650 167 1726 loqui
207 1652 378 1714 Homerus.
418 1653 501 1713 Rem
541 1651 766 1726 planissimam
799 1651 958 1726 exemplis
987 1651 1151 1713 illustrare
1182 1653 1239 1714 vix
1274 1669 1354 1730 opus

84 1755 140 1814 est.
166 1753 278 1814 Unum
301 1757 431 1816 tantum
454 1754 535 1815 dabo
558 1753 642 1828 quod
665 1752 704 1812 de
728 1752 799 1826 ipsa
821 1753 943 1812 Iunone
967 1752 1083 1814 dicitur
1109 1757 1144 1814 Φ.
1172 1756 1253 1817 275:

327 1853 414 1928 ἄλλος
437 1850 466 1915 δ’
491 1851 528 1917 οὔ
551 1853 594 1927 τίς
617 1875 669 1932 μοι
691 1852 778 1914 τόσον
802 1852 894 1926 αἴτιος
920 1852 1123 1933 Οὐρανιώνων

327 1953 423 2017 ἀλλὰ
446 1955 542 2034 φίλη
565 1955 701 2035 μήτηρ.

83 2059 295 2134 Aliquantum
315 2058 355 2119 ab
375 2059 435 2119 hoc
455 2073 551 2119 versu
563 2057 688 2118 dicendi
712 2056 836 2117 ratione
856 2055 957 2118 distat
975 2056 1066 2118 locus
1085 2072 1148 2132 quo
1167 2058 1200 2119 in
1213 2075 1354 2121 errorem

84 2161 318 2223 Callimachum
349 2161 518 2222 inductum
549 2175 621 2220 esse
649 2159 804 2233 suspicor.
829 2158 951 2219 Versus
975 2159 1169 2237 exscribam,
1192 2161 1268 2234 quia
1291 2178 1354 2223 oer-

83 2269 152 2326 tum
185 2279 259 2326 esse
294 2263 431 2324 arbitror
459 2277 515 2324 eos
547 2263 660 2336 poetae
690 2263 801 2321 nostro
831 2261 982 2321 continuo
1015 2262 1089 2322 ante
1121 2262 1232 2323 oculos
1255 2263 1356 2325 luisse

82 2366 198 2428 haecce
230 2365 436 2440 componenti
461 2358 496 2440 ¹);
530 2363 643 2437 hymni
674 2362 828 2424 homerici
852 2363 886 2422 ιἰι
909 2358 1086 2438 Apollinem
1111 2379 1224 2424 versus
1250 2367 1290 2426 bl
1325 2370 1357 2427 et

83 2470 258 2542 sequentes
276 2468 369 2528 sunt:

333 2560 423 2646 „Apr’
448 2564 475 2626 εἰ
495 2565 551 2646 γάρ
575 2559 599 2626 κ’
625 2563 739 2639 ἐθέλοις
763 2563 829 2638 ἕδος
853 2564 975 2644 ἔμμεναι
999 2559 1064 2638 υίος
1088 2564 1181 2646 έμοῖο,

332 2669 447 2748 Φοίβου
470 2667 660 2746 Ἀπόλλωνος,
681 2666 794 2729 θέσθαι
818 2663 837 2729 τ’
864 2666 908 2728 lvi
930 2668 1022 2728 πίονα
1044 2667 1127 2747 νηόν·

329 2767 415 2843 ditos
439 2765 467 2829 δ’
494 2767 596 2843 οὔτις
619 2769 679 2831 σεῖό
703 2765 775 2830 ποθ’
799 2769 916 2849 ἅψεται,
935 2768 1007 2831 οὐδέ
1029 2786 1061 2831 σε
1083 2769 1165 2848 τίσει,

330 2866 397 2934 οὐδ’
424 2868 535 2951 εδβουν
558 2888 590 2932 σε
613 2869 735 2932 ἔσεσθαι
758 2868 868 2950 ὀίομαι,
885 2868 923 2933 οὔ
945 2867 965 2931 τ’
993 2869 1132 2950 εὔμηλον,

329 2969 400 3036 οὐδέ
422 2973 535 3054 τρύγην
554 2971 677 3052 πολλὴν,
700 2968 757 3035 οὔτ’
784 2969 820 3053 διρ
845 2972 924 3051 φυτὰ
947 2973 1039 3053 μυρία
1062 2974 1175 3050 φύσεις·

296 3077 300 3084 ’
329 3074 362 3135 αδ
383 3072 416 3135 δέ
438 3069 461 3135 κ’
488 3073 667 3147 Ἀπόλλωνος
691 3072 832 3155 ἑκαέργου
855 3073 932 3152 νηδν
954 3072 1079 3160 έχησθα,

328 3174 489 3257 ἄνθρωποί
508 3197 553 3236 τοι
575 3176 682 3249 πάντες
706 3171 882 3257 ἀγινήσουσ’
908 3173 1082 3256 ἑκατόμβας,

330 3273 436 3339 ἐνθάδ’
464 3275 678 3358 ἀγειρόμενοι.”

82 3383 210 3445 Videtis
240 3381 361 3456 aliquid
392 3382 549 3442 interesse
579 3381 665 3442 inter
695 3380 805 3441 Iliadis
836 3380 944 3441 locum
975 3394 1073 3455 quem
1104 3382 1235 3443 laudavi
1261 3385 1359 3457 atque

83 3485 142 3546 hos
166 3499 294 3546 versus.
318 3484 499 3559 Ethemon,
519 3484 671 3557 quoniam
693 3484 753 3544 hoc
775 3483 840 3543 lere
863 3483 965 3543 voluit
984 3484 1089 3544 dicere
1109 3485 1224 3558 hymni
1246 3487 1358 3560 poeta:

86 3588 190 3665 „Quia
232 3602 334 3660 neque
378 3585 537 3647 armentis
578 3600 722 3658 unquam
763 3584 892 3644 florebis
921 3600 1024 3657 neque
1061 3585 1226 3646 fructuum
1258 3587 1359 3663 copia,

82 3705 181 3752 nemo
206 3704 349 3762 unquam
373 3690 407 3749 te
430 3687 575 3749 colet-
596 3686 658 3747 υιόι·
681 3703 733 3761 opo
757 3687 812 3760 qui
830 3701 916 3746 ιιιιιιο
934 3690 960 3746 le
979 3688 1086 3764 odeo”‚
1110 3689 1236 3762 poterat
1259 3688 1361 3749 videri

84 3791 284 3852 Callimacho
315 3791 361 3851 ita
391 3790 458 3850 iam
489 3787 669 3861 antiquitus
700 3789 825 3850 locutos
857 3803 929 3849 esse
959 3792 1072 3864 poetas
1108 3792 1145 3849 ut
1174 3791 1248 3864 post
1285 3785 1360 3864 ,οὐκ

81 3889 193 3965 ἄλλοθ’
221 3892 320 3953 verba
349 3889 376 3950 εἰ
404 3889 444 3968 μὴ
478 3890 529 3951 vel
557 3891 628 3952 dccv
658 3892 857 3952 omitterent.
894 3890 1040 3951 Ulterius
1078 3891 1188 3964 itaque
1215 3889 1360 3964 progredi

83 3995 184 4057 licere
215 3994 364 4070 opinatus
388 3994 454 4054 iam
485 3995 590 4056 dicere
617 4009 679 4055 non
714 3994 885 4054 verebatur
906 3990 981 4069 ,οὐκ
1001 3989 1114 4068 ἐδίην’
1148 3992 1200 4052 ubi
1233 3991 1361 4052 volebat

87 4095 162 4174 ,τὴν
188 4093 245 4173 σὴν
267 4094 437 4174 μάλιστα
460 4093 540 4175 (γέρα
564 4095 755 4173 δείδιμευ)”.“

127 4300 185 4361 VS.
211 4299 286 4361 222.
336 4297 445 4374 ,Λητώ
469 4320 513 4359 τοι
537 4299 643 4379 μίτρην
666 4295 825 4358 ἀναλύεται
849 4295 953 4356 ἔνδοθι
977 4295 1080 4372 νήσου.

335 4397 420 4460 ἄλλαι
443 4397 497 4480 μὲν
519 4401 614 4462 πᾶσαί
634 4423 685 4479 μιν
708 4397 873 4478 ἀπέστυγον
897 4392 966 4458 οὐδ’
993 4395 1135 4476 ἐδέχοντο·

120 4657 128 4688 ¹
157 4660 198 4708 Ol.
216 4671 274 4707 enm
289 4658 375 4719 hymn.
390 4659 459 4707 hom.
474 4673 511 4707 ra.
521 4663 552 4707 46
569 4660 632 4708 Oall.
642 4660 699 4719 222,
714 4661 786 4705 etro.
797 4658 845 4704 222
857 4656 953 4714 ,Ινδοσι
964 4655 1051 4716 νιξσου”
1060 4655 1258 4714 minusvulgata
1267 4654 1363 4701 locutio

86 4754 146 4787 cum
165 4740 253 4800 hymn.
270 4752 308 4786 vs.
327 4737 359 4785 62
377 4742 404 4785 et
422 4741 463 4786 92.
