3104 5296
833 460 895 519 114
1280 463 1334 524 IV.
1362 463 1482 522 12-14

216 663 316 722 quam
346 646 477 722 passiva
507 646 653 720 contulit,
685 645 954 706 Hemsterhusius
984 647 1028 707 od
1061 646 1166 708 Thoen.
1200 648 1284 726 Μορ.
1305 667 1336 726 p.
1370 652 1422 711 24.
1448 684 1483 694 -

260 748 413 822 Sequenti
445 762 542 808 versu
573 747 728 808 adludens
760 748 800 808 ad
831 748 993 809 Minervae
1025 749 1064 810 de
1098 750 1205 812 insula
1228 752 1342 815 Ithaca
1365 753 1485 814 dictum

218 857 255 923 (v.
279 852 354 922 242)

461 941 480 1028 ἦ
505 949 551 1009 τοί
571 971 624 1026 μεν
649 955 765 1029 τρηχεῖα
788 948 837 1009 καὶ
861 949 916 1030 οὐχ
938 951 1102 1029 ἱππήλατός
1126 951 1194 1031 ἔστι,

216 1061 424 1130 (quamquam
457 1052 556 1112 simul
586 1053 747 1127 spectavit
777 1053 886 1129 hymn.
919 1055 954 1113 ι’νι
986 1054 1084 1130 Apoll.
1123 1058 1175 1132 54,
1201 1058 1253 1126 66)
1290 1057 1491 1117 adiectivum

216 1158 345 1219 adhibet
379 1155 462 1229 quod
497 1155 600 1214 semel
633 1156 812 1228 eademque
845 1171 958 1217 versus
990 1158 1066 1218 sede
1102 1158 1140 1219 de
1175 1159 1283 1219 Iliacis
1320 1160 1492 1220 moenibus

215 1261 343 1320 dixerat
377 1258 540 1318 Homerus
563 1259 597 1317 Z.
622 1258 687 1317 434
715 1253 895 1335 ,ἐπίδρομον
920 1255 1019 1317 ἔπλετο
1043 1261 1165 1336 τεῖχος”.

260 1361 363 1421 Versu
400 1361 439 1419 13
471 1373 546 1419 cum
578 1357 616 1418 de
647 1358 754 1445 insula
785 1374 868 1432 quae
900 1362 969 1420 tam
994 1360 1049 1421 diu
1072 1362 1177 1422 maria
1199 1363 1376 1436 pervagata
1400 1363 1493 1421 esset

221 1461 368 1545 ,πόντῳ
396 1456 697 1536 ἐνεστήριιιται”
724 1461 817 1536 dixit,
842 1460 939 1522 verbo
963 1476 1043 1522 usus
1067 1463 1119 1522 est
1142 1464 1175 1523 et
1198 1462 1280 1522 satis
1301 1465 1376 1538 apto
1401 1464 1436 1523 st
1458 1464 1492 1522 in

216 1564 388 1627 homericis
422 1562 507 1622 haud
541 1561 713 1637 incognito,
749 1562 787 1623 de
818 1577 880 1636 quo
913 1563 1006 1636 plura
1037 1563 1184 1624 dicentur
1206 1564 1290 1625 inira
1313 1565 1354 1625 ad
1377 1565 1420 1624 ΙΙ.
1449 1565 1491 1624 23

216 1667 269 1728 ubi
302 1664 443 1739 simplex
478 1663 657 1723 adhibitum
693 1666 753 1724 est.
791 1664 949 1741 Quoniam
986 1667 1097 1725 autem
1134 1667 1350 1740 compositum
1385 1666 1494 1727 semel

217 1771 346 1829 tantum
372 1768 408 1824 Φ.
431 1766 493 1827 168
516 1767 599 1840 apud
623 1766 802 1827 Homerum
825 1768 973 1842 occurrit,
994 1767 1173 1841 elegantiae
1192 1768 1337 1829 eruditae
1357 1769 1493 1829 laudem

216 1871 365 1944 captasse
388 1867 515 1927 videtur
533 1869 653 1943 noster,
677 1868 875 1941 oppositione
900 1868 1039 1943 quadam
1064 1869 1097 1928 in
1120 1869 1277 1931 imitando
1297 1871 1493 1932 observata:

216 1973 379 2032 Homerus
402 1970 490 2030 enim
514 1969 641 2029 dixerat
667 1969 755 2052 ,γαίῃ
780 1967 994 2049 ἐνεστήρικτο”.

260 2073 379 2139 Eodem
415 2087 512 2131 versu
537 2104 577 2114 —
602 2086 679 2131 nam
711 2072 749 2131 de
780 2072 982 2133 nominativo
1009 2071 1123 2144 πουλὺς
1146 2088 1278 2134 monere
1297 2088 1493 2149 supervaca-

216 2191 314 2236 neum
344 2173 393 2246 (ci.
421 2187 493 2248 pag.
519 2174 571 2242 20)
598 2173 861 2247 —oppositione
893 2171 1135 2250 πουλὺς-πολλὴν
1166 2173 1347 2248 elegantiae
1378 2176 1495 2237 studet

216 2292 315 2350 quam
345 2275 458 2336 tollere
489 2275 606 2334 iniuria
632 2274 845 2335 Ruhnkenius
872 2276 1057 2336 coniectura
1079 2272 1187 2352 πολιὴν
1210 2278 1347 2337 conatus
1369 2279 1434 2354 est,
1459 2280 1494 2338 et

215 2378 399 2438 libertatem
413 2376 613 2437 homericam
625 2377 768 2438 sectatur
781 2378 878 2450 atque
891 2379 998 2452 auget,
1013 2392 1087 2437 cum
1105 2377 1201 2438 verbo
1221 2374 1398 2437 ἓλίτσιιν
1418 2381 1493 2441 sine

215 2481 340 2541 obiecto
375 2479 485 2539 ut'tur.
513 2478 675 2539 Homerus
703 2477 791 2538 enim
819 2480 859 2539 Ψ.
884 2478 958 2554 300,
984 2478 1048 2539 366
1086 2475 1171 2557 ,aspi
1202 2475 1291 2556 τέρμα
1316 2475 1491 2557 ἕλισσέμεν”

216 2582 352 2657 dixerat,
376 2581 430 2640 ubi
454 2579 548 2640 facile
572 2596 614 2640 ex
633 2581 898 2655 praecedentibus
919 2580 1071 2655 suppleas
1091 2578 1186 2659 ἅρμα;
1212 2583 1323 2641 contra
1344 2582 1377 2641 iu
1397 2580 1491 2642 Galli·

216 2683 324 2744 machi
357 2697 451 2742 versu
486 2681 699 2756 supplendum
733 2682 794 2742 erit
824 2680 906 2759 ὕδωρ
942 2683 1025 2754 quod
1057 2682 1206 2756 sequenti
1234 2698 1330 2743 versu
1354 2683 1492 2744 demum

215 2786 341 2860 legitur.
377 2783 481 2845 Simul
517 2799 634 2843 seusus
665 2784 819 2845 homerici
845 2784 932 2844 verbi
960 2784 1156 2845 immutatur
1185 2785 1236 2846 vel
1270 2783 1492 2859 amplificatur

216 2903 255 2948 ex
280 2886 461 2961 tragoedia;
495 2900 572 2945 nam
595 2885 803 2962 Tragicorum
828 2887 889 2961 est,
913 2900 977 2946 non
1002 2885 1135 2946 Homeri
1160 2886 1270 2964 ,ὕδωρ
1289 2891 1381 2962 κῦμα,
1404 2885 1492 2959 δίνας

215 2985 371 3064 ἕλίσσειν”,
404 2986 504 3046 veluti
532 2985 691 3061 Euripidis
723 2986 834 3062 (iptio.
870 2985 966 3047 Τοιιν.
995 2988 1012 3045 7
1045 2985 1130 3058 δίνας
1161 2984 1305 3057 ἑλίσσων).
1337 2988 1491 3062 Impense

214 3092 327 3164 postea
360 3088 482 3163 placuit
515 3087 594 3147 haec
629 3088 746 3149 locutio
780 3088 969 3149 Callimachi
996 3090 1150 3149 sectatori
1182 3089 1346 3166 Dionysio,
1375 3091 1489 3162 quiin

215 3190 374 3264 Periegesi
414 3184 520 3264 ,itale
555 3185 710 3266 iilooav”,
744 3186 1060 3264 „adrumetinam”
1096 3190 1200 3251 dicere
1224 3206 1288 3252 non
1315 3191 1488 3268 dubitavit,

215 3294 427 3364 nostrumque
461 3305 594 3349 versum
616 3291 776 3366 imitatus
811 3306 857 3350 vs.
885 3290 947 3350 104
980 3290 1076 3351 habet
1107 3292 1154 3359 de,
1179 3294 1263 3353 mari
1295 3292 1418 3371 ,νοτίην
1443 3291 1490 3353 ἐντὶ

214 3392 327 3470 Σύρτιν
362 3389 515 3452 ἕλίσσαν”.
551 3392 723 3452 Passivum
752 3392 859 3465 magis
891 3392 931 3451 ad
959 3407 1109 3452 normam
1133 3394 1316 3455 homericae
1340 3395 1491 3456 dictionis

212 3495 360 3565 ¹adhibuit
383 3493 600 3555 Callimachus
619 3493 673 3553 IV.
702 3495 763 3553 106
787 3493 871 3554 iufra
896 3508 968 3568 pag.
996 3495 1058 3554 134
1083 3494 1134 3565 (ci.
1159 3495 1212 3556 Ν.
1238 3496 1324 3566 263).

258 3594 378 3656 Verum
403 3595 504 3655 alium
527 3611 653 3669 quoque
680 3610 810 3657 versum
836 3596 1038 3656 homericum
1063 3599 1190 3671 spectat
1212 3599 1264 3658 hic
1288 3599 1322 3658 et
1345 3598 1492 3660 illustrat

214 3698 333 3758 noster.
357 3696 489 3756 Dixerat
512 3697 675 3757 Homerus
699 3701 735 3758 Δ.
761 3698 825 3757 426

859 3793 937 3875 ἀμφὶ
962 3794 995 3857 δέ
1016 3791 1037 3857 τ’
1062 3794 1155 3878 ἄκροις

460 3897 568 3979 κυρτὸν
591 3897 638 3960 ἰὸν
661 3906 856 3977 κορυφοῦται,
879 3896 1079 3959 ἀποπτύει
1104 3895 1133 3959 δ’
1160 3896 1229 3973 ἁλὸς
1249 3898 1379 3980 ἄχνην,

215 4002 271 4062 sed
303 4003 382 4062 haec
414 4016 455 4061 ex
479 4004 570 4076 parte
593 4003 723 4062 tantum
746 4002 938 4076 placuerunt
961 4002 1082 4061 nostro.
1107 4002 1177 4064 Non
1203 4003 1290 4064 enim
1314 4005 1421 4064 solum
1446 4006 1490 4065 in·

214 4105 320 4165 dicare
357 4105 485 4165 volebat
519 4119 672 4180 spumam
706 4104 774 4178 cici;
810 4104 841 4164 id
871 4118 997 4177 quoque
1028 4105 1278 4189 memorandum
1299 4109 1380 4180 erat,
1404 4107 1491 4179 quod

214 4227 234 4266 ε.
255 4207 319 4267 403
343 4196 542 4267 iudicaverat
567 4206 629 4267 alio
652 4206 747 4268 verbo
768 4206 948 4267 Homerus:
977 4189 1090 4281 ,siloa
1112 4202 1144 4266 dl
1172 4200 1264 4265 πάνθ’
1286 4202 1357 4279 ἁλὸς
1380 4204 1488 4292 dms&

210 4308 327 4368 >Maluit
374 4311 485 4369 noster
528 4309 633 4369 dicere
684 4305 1004 4384 ἀπομάττεσθαι,
1054 4309 1138 4380 quod
1184 4308 1320 4368 verbum
1362 4310 1489 4384 vulgari

213 4411 356 4471 sermoni
395 4412 503 4487 potius
541 4426 639 4484 quam
678 4412 782 4485 poetis
820 4411 953 4470 debetur
991 4410 1041 4480 (ci.
1073 4425 1145 4486 pag.
1171 4410 1214 4469 80
1244 4408 1284 4469 ad
1314 4410 1372 4470 ΠΙ.
1404 4411 1488 4480 124).

214 4512 318 4572 Minus
360 4513 507 4586 probavit
553 4514 612 4574 hoc
655 4513 845 4574 Callimachi
883 4512 1061 4585 discipulus
1094 4511 1301 4586 Apollonius;
1336 4513 1367 4572 is
1401 4514 1489 4574 enirn

216 4612 342 4691 ,ὕδατος
369 4610 485 4693 ἅχνην”
518 4615 665 4676 consulto
693 4618 842 4690 repetens
866 4615 1036 4675 lenissima
1063 4613 1302 4689 immutatione,
1331 4615 1432 4676 simul
1456 4615 1488 4675 in
