3090 5294
833 466 873 523 28
1301 462 1326 522 1.
1352 463 1485 521 56-57

214 648 326 723 poetas
360 649 399 709 de
430 649 480 709 dis
509 650 543 709 in
572 650 763 711 universum
797 666 893 727 saepe
928 653 1087 713 diceretur
1115 647 1183 711 θεολ
1213 647 1359 730 οὐράνιοι,
1387 651 1424 710 at
1447 650 1486 711 de

215 765 279 810 uno
313 750 390 810 Iove
422 752 497 811 ante
531 752 824 815 Alexandrinorum
847 755 977 829 tempus
1000 754 1031 814 id
1056 753 1117 814 dici
1141 768 1204 814 non
1227 752 1362 812 solitum
1385 754 1485 829 esset,

215 851 264 921 (ci.
303 850 378 912 Gall.
414 851 470 927 Ep.
507 855 559 914 53.
595 856 628 915 et
662 855 860 916 imitatorem
891 856 994 917 nostri
1028 855 1179 916 Nonnum
1202 854 1290 916 XXI.
1315 856 1353 928 43
1382 854 1486 916 XXV.

217 953 313 1022 348³.
341 988 380 997 -
409 955 513 1015 Aliter
536 955 575 1015 de
598 956 659 1016 hac
682 972 716 1018 re
739 957 861 1018 iudicat
882 957 922 1018 de
944 958 1011 1018 Ian.
1036 971 1106 1031 pag.
1133 956 1184 1016 50.

259 1049 327 1126 ὀξὺ
350 1051 559 1135 ἀνηβῆσαι,
582 1072 630 1119 vs.
650 1059 701 1135 56,
726 1059 819 1119 nobis
841 1059 946 1132 magis
965 1074 1007 1118 ex
1024 1057 1316 1119 Alexandrinorum
1335 1056 1486 1130 loquendi

214 1171 304 1217 mors
334 1157 457 1218 dictum
488 1158 616 1219 videtur
646 1176 743 1234 quam
775 1177 816 1222 ex
839 1177 901 1221 usu
924 1161 1097 1221 homerico.
1128 1159 1260 1234 Verum,
1283 1173 1486 1232 quamquam

213 1258 300 1319 haud
323 1258 417 1319 dubie
441 1255 493 1332 ὀξὺ
517 1261 661 1340 προϊδεῖν,
683 1257 736 1334 ὀξὺ
760 1259 927 1341 δέρκεσθαι,
951 1265 1023 1323 tum
1046 1257 1099 1333 ὀξὺ
1119 1261 1206 1340 βοᾶν,
1225 1255 1278 1332 ὀξὺ
1298 1258 1425 1319 κωκύειν
1448 1261 1487 1321 de

213 1360 282 1419 acri
315 1360 387 1421 visu
418 1362 452 1421 et
474 1362 626 1423 clamoris
648 1379 727 1425 sono
751 1368 840 1424 acuto
863 1381 883 1424 a
906 1364 1005 1425 Poeta
1028 1364 1150 1424 dictum
1174 1364 1260 1423 recte
1284 1362 1488 1437 accipiebant

213 1461 284 1521 eius
318 1463 436 1523 aetatis
467 1465 683 1541 grammatici,
720 1468 790 1527 erat
824 1469 946 1541 tamen,
977 1465 1032 1525 ubi
1059 1465 1253 1540 dubitarent,
1284 1463 1385 1524 veluti
1410 1480 1488 1524 cum

214 1566 244 1624 P.
270 1564 333 1624 256
356 1564 502 1637 legerent

457 1657 497 1738 ὧς
520 1661 614 1744 ἔφατ’,
633 1663 689 1748 ὀξὺ
712 1661 743 1727 δ’
770 1664 898 1728 δι’κουσεν
916 1662 1033 1746 Ὀϊλῆος
1055 1665 1144 1746 ταχὺς
1168 1664 1253 1738 Αἴας.

214 1765 333 1841 Quodsi
352 1768 419 1828 iam
439 1784 476 1830 eo
489 1784 585 1830 versu
598 1770 761 1830 adiectum
775 1764 828 1842 ὀξύ
848 1771 888 1831 de
908 1769 1138 1830 celeritate
1158 1769 1394 1830 observationis
1409 1771 1489 1830 acci·

214 1884 288 1944 pere
308 1871 466 1946 poterant,
479 1871 605 1932 facilius
619 1885 657 1932 eo
669 1872 909 1933 adducebantur
921 1871 954 1932 in
965 1871 1127 1932 locutione
1143 1870 1188 1947 ,ri
1199 1868 1239 1948 μὴ
1251 1863 1295 1951 ἄρ’
1310 1865 1363 1943 ὀξὺ
1375 1870 1489 1948 νόησε”

213 1962 254 2031 (v.
265 1986 291 2032 c.
301 1973 334 2030 Γ.
347 1973 427 2047 374;
442 1973 478 2030 Ε.
492 1973 566 2043 680)
579 1974 664 2046 quod
676 1974 834 2047 quomodo
847 1973 1029 2048 acceperint
1040 1973 1329 2047 grammaticorum
1341 1975 1490 2036 nonnulli

214 2072 338 2133 videbis
370 2089 411 2134 ex
443 2075 542 2137 schol.
566 2076 603 2137 D.
627 2076 668 2136 ad
691 2077 725 2137 Γ.
752 2078 816 2137 374
852 2071 960 2151 »ὀξέως
982 2071 1031 2133 καὶ
1055 2071 1200 2154 ταχέως
1223 2071 1398 2135 ireddere?
1430 2076 1491 2137 Vo-

214 2175 367 2236 cabulum
390 2172 623 2254 ὀξυβοολία,
648 2193 710 2252 quo
733 2179 836 2238 utitur
859 2178 959 2238 schot.
980 2177 1060 2239 Ven.
1085 2179 1125 2239 ad
1147 2179 1185 2238 ii.
1207 2177 1270 2237 204
1292 2179 1325 2238 et
1344 2177 1492 2240 Psalmo-

213 2293 286 2337 rum
311 2278 417 2339 versio
440 2279 473 2339 in
496 2279 594 2340 LXX.
619 2280 671 2339 Pa.
697 2280 749 2340 44.
776 2281 795 2363 2
828 2274 876 2356 (νδ
907 2279 1024 2359 γλῶσσά
1058 2301 1116 2357 μον
1140 2277 1271 2356 κάλαμος
1296 2276 1492 2358 γραμματέως

214 2374 429 2459 ὀξογράφου.”)
465 2383 614 2457 exemplo
647 2381 762 2442 docent
792 2381 977 2455 quomodo
1008 2375 1061 2453 ὀξὺ
1088 2396 1109 2441 a
1131 2380 1332 2454 sequioribus
1357 2380 1493 2443 Graecis

213 2496 309 2555 saepe
342 2482 562 2559 adhiberetur;
589 2483 823 2545 callimachum
847 2484 957 2544 autom
981 2483 1094 2544 eodem
1118 2483 1213 2543 modo
1238 2482 1491 2557 interpretatum

213 2597 286 2644 esse
311 2579 364 2656 ὀξὺ
394 2589 485 2663 νοεῖν,
507 2587 564 2645 vix
587 2586 721 2647 dubium
745 2585 881 2646 videtur.
907 2617 947 2628 -
971 2585 1009 2644 In
1033 2585 1130 2644 verbo
1154 2580 1271 2662 ἀνηβᾶν
1294 2599 1357 2644 non
1380 2585 1492 2646 solum

213 2685 252 2745 ab
276 2685 416 2747 Homero
448 2687 573 2748 decedit
592 2687 646 2761 qui
666 2703 704 2749 eo
723 2687 901 2762 composito
921 2701 1053 2761 prorsus
1079 2701 1144 2745 non
1168 2686 1279 2761 utitur,
1307 2686 1490 2748 sedetiam

213 2800 233 2846 a
256 2788 372 2847 ceteris
395 2789 499 2863 poetis
518 2790 762 2863 antiquioribus,
786 2790 813 2849 Ii
833 2789 921 2849 enim
941 2788 1330 2862 (er.uneogn.vs.1ooa)
1350 2803 1489 2850 sensum

212 2891 548 2963 repuerascendi
571 2891 618 2951 illi
638 2892 736 2952 verbo
755 2891 896 2952 tribuere
916 2891 1030 2952 solent.
1050 2892 1160 2964 Aeque
1179 2890 1327 2964 ignotum
1344 2889 1489 2952 Homero

213 2982 406 3051 vocabulum
440 2992 612 3071 ταχινός,
642 2993 725 3067 quod
757 2994 934 3053 formatum
965 2994 1016 3053 est
1038 2992 1078 3052 ad
1102 3006 1253 3052 normam
1275 2999 1328 3051 τοο
1351 2991 1492 3070 eomodo,

214 3092 247 3152 et
277 3092 394 3153 talium
427 3094 576 3169 inprimis
608 3095 841 3156 adiectivorum
872 3109 954 3168 quae
988 3096 1120 3168 tempus
1148 3094 1292 3155 indicent
1321 3089 1491 3172 ἕστερινός,

214 3188 369 3272 ὀττορινός.
395 3229 435 3239 -
459 3195 594 3257 ἴουλοι
618 3213 694 3259 vero
718 3198 844 3272 spectat
867 3197 923 3257 Od.
948 3199 974 3254 λ.
1000 3196 1063 3256 319
1139 3194 1142 3201 ”

567 3297 639 3379 πρίν
659 3308 757 3375 σφωϊν
775 3297 836 3358 ὑπὸ
859 3296 1052 3378 κροτάφοισιν
1076 3295 1196 3368 ἰούλους

459 3398 593 3478 ἀνθῆσαι
615 3400 747 3461 πυκάσαι
768 3422 798 3461 τε
820 3398 908 3481 γένυς
932 3396 1055 3460 εὐανθὲι
1081 3398 1181 3484 λάχνῃ.

258 3500 379 3562 Eodem
402 3503 498 3563 modo
521 3519 583 3577 quo
606 3501 722 3581 ταχινός
745 3503 867 3565 indicet
885 3503 970 3578 apud
990 3504 1139 3563 nostrum
1162 3502 1195 3562 id
1218 3501 1304 3574 quod
1322 3500 1360 3560 fit
1371 3499 1494 3580 ταχέως,

213 3603 260 3663 ita
285 3601 443 3675 παιδνὸς
470 3605 692 3679 accipiendum
715 3605 745 3666 ei
764 3604 892 3665 videtur
915 3605 954 3665 de
977 3606 1140 3679 tempore:
1164 3601 1291 3674 παιδνὸς
1314 3599 1371 3663 ἐὼν
1392 3604 1492 3666 intar-

213 3706 405 3780 pretandum
435 3707 486 3767 est
519 3721 613 3782 ,oum
644 3722 734 3768 esses
765 3706 880 3781 puerili
912 3707 1053 3767 aetate''.
1090 3706 1238 3766 sectatur
1270 3705 1304 3764 in
1335 3704 1426 3766 bisce
1459 3709 1494 3767 et

216 3806 356 3882 explicat
380 3808 436 3868 Od.
462 3829 494 3883 φ.
519 3808 570 3868 21.

437 3916 495 3968 τῶν
518 3903 590 3968 ἕνεκ’
616 3906 730 3987 ἐξεσίην
754 3907 867 3987 πολλὴν
892 3905 965 3969 triv
988 3898 1082 3986 ἦλθεν
1102 3902 1265 3980 Ὀδυσσεὺς

438 4009 565 4084 παιδνὸς
589 4009 653 4072 ἰών.
679 4045 719 4056 -
745 4012 794 4083 (of.
819 4034 851 4071 οο.
879 4013 964 4082 338).

258 4108 386 4172 τέλεια
420 4115 532 4174 autem
566 4115 668 4190 accipi
702 4114 817 4176 debere
851 4114 890 4175 de
925 4113 976 4190 iis,
1012 4127 1113 4189 ,quae
1146 4113 1256 4174 adulto
1289 4112 1357 4172 viro
1393 4111 1494 4186 digna

215 4214 324 4291 sunt,”
353 4231 395 4275 ex
418 4216 488 4290 ipsa
511 4217 710 4291 oppositione
734 4213 870 4288 (παιδνὸς
894 4212 951 4276 ἐὼν
975 4212 1125 4294 ἐφράσσαο
1149 4212 1247 4274 πάντα
1269 4209 1372 4283 τέλεια)
1398 4212 1493 4275 disci·

214 4331 298 4377 mue.
334 4316 448 4377 Stabat
477 4318 576 4393 igitur
606 4320 702 4393 poeta
736 4318 776 4378 ab
800 4333 913 4379 eorum
936 4317 1083 4392 partibus
1106 4317 1162 4389 qui
1185 4320 1223 4377 A.
1249 4316 1290 4376 66
1318 4310 1439 4393 »ἀρνῶν
1464 4337 1494 4375 τε

214 4417 353 4479 πλείον’
386 4419 680 4495 interpretabantur
710 4421 749 4481 de
779 4421 897 4482 aetate.
930 4418 1080 4479 Ceterum
1112 4433 1153 4478 ex
1176 4419 1287 4478 nostro
1310 4416 1379 4476 loco
1403 4430 1493 4490 aper·

217 4523 290 4581 tum
313 4536 438 4595 quoque
462 4520 500 4582 fit
524 4521 760 4584 Callimachum
780 4537 856 4583 oum
881 4521 916 4582 Θ.
941 4522 1004 4582 247
1021 4521 1108 4581 Iovis
1129 4520 1241 4582 alitem
1261 4518 1385 4579 dictum
1405 4517 1493 4580 inve·

218 4623 303 4683 niret
329 4621 526 4700 ,τελειότατον
557 4625 728 4702 ιιιτεηνον”
752 4624 938 4700 repudiasse
963 4639 1076 4685 eorum
1103 4621 1413 4698 interpretationem,
1438 4624 1496 4695 qui
