3068 5288
843 436 881 494 16

220 623 311 682 illam
336 623 431 682 deam
455 637 497 681 ex
520 622 643 683 oriente
667 623 701 682 in
724 622 864 682 Graecas
887 623 1035 697 regiones
1059 623 1246 697 advectam,
1273 625 1367 684 cuius
1391 626 1498 686 cultus

220 723 370 784 Deliacos
394 725 596 782 memoratur
618 723 671 783 IV.
697 724 762 783 308
778 718 809 794 ¹).

264 825 468 886 Conveniunt
490 826 557 885 fere
582 825 662 884 haee
685 824 796 885 omnia
816 840 890 885 oum
911 840 949 886 ea
968 826 1184 902 mythologie,
1206 842 1305 899 quam
1326 830 1495 902 poetarum

219 928 350 1002 scriptis
373 927 529 987 traditam
551 928 711 987 noverant
734 942 849 988 omnes
870 928 1021 988 homines
1040 928 1249 1002 eruditioree;
1275 929 1380 989 immo
1404 932 1493 990 tauta

219 1031 322 1091 estin
343 1029 384 1088 iis
404 1044 479 1088 curn
499 1028 643 1103 vulgatis
664 1029 966 1105 mythologumenie
984 1030 1168 1105 eoncordia,
1189 1032 1226 1090 ut
1242 1046 1344 1106 neges
1357 1032 1491 1092 fortasse

218 1131 376 1207 singulari
406 1129 631 1203 disquisitione
662 1130 760 1205 digna
789 1147 872 1192 esse.
906 1132 967 1191 Sed
999 1134 1088 1192 certa
1118 1135 1169 1191 est
1199 1132 1297 1207 ratio,
1331 1149 1432 1207 quam
1462 1134 1489 1191 in

217 1234 313 1294 rebus
344 1231 463 1291 divinis
494 1232 693 1306 exponendis
723 1234 870 1306 sequitur
896 1236 1007 1307 poeta;
1033 1235 1121 1293 oerto
1145 1233 1279 1293 oonsilio
1304 1249 1347 1292 ex
1371 1233 1488 1309 ingenti

218 1337 251 1394 et
274 1333 408 1395 confusa
430 1331 613 1392 fabularum
638 1332 798 1407 farragine
822 1334 887 1394 alia
909 1334 1002 1394 reicit
1024 1334 1089 1393 alia
1112 1333 1219 1408 elegit.

264 1436 345 1495 Eam
379 1433 540 1493 rationem
572 1448 733 1508 exponere
764 1449 880 1508 operae
910 1435 1050 1510 pretium
1080 1437 1144 1510 est,
1169 1437 1206 1494 ut
1228 1437 1335 1510 possit
1359 1437 1486 1511 disquiri

220 1535 349 1611 qualem
374 1535 440 1595 iere
462 1534 628 1608 religionis
651 1535 791 1595 formam
815 1535 1046 1596 Alexandrinis
1069 1537 1194 1596 civibus
1213 1539 1486 1599 commendaverit

220 1638 449 1699 Callimachus,

255 1896 274 1956 ¹)
296 1896 436 1956 Aphrodite
459 1895 564 1943 Deliaca
587 1896 708 1959 „tippula”
732 1896 826 1942 dieitur
848 1899 963 1955 aposto.
981 1896 1122 1955 Antiquom
1140 1896 1196 1943 sins
1218 1897 1385 1945 simulacrum
1402 1911 1483 1945 eume

220 1977 320 2023 Theseo
338 1989 352 2022 e
371 1976 446 2022 Oreta
463 1975 599 2021 advectum
617 1987 674 2021 esse
692 1977 830 2034 memorat,
847 1975 941 2034 premit
959 1975 1067 2032 vestigia
1083 1975 1235 2023 Dionearohi
1250 1977 1321 2037 opud
1334 1978 1403 2025 Pint
1424 1975 1482 2023 Ther.

220 2069 242 2102 o.
261 2057 300 2102 21.
321 2056 445 2111 Quoniam
465 2068 525 2102 vero
544 2080 573 2088 —
592 2056 658 2101 teste
675 2053 802 2100 Pausania
819 2053 865 2115 Ili2
881 2056 920 2100 40.
940 2055 954 2100 3
971 2080 1001 2088 -
1017 2054 1149 2101 Deliaonm
1164 2055 1271 2102 Veneris
1286 2057 1388 2116 signum
1404 2060 1480 2104 κάτιιοι

220 2136 271 2180 ἀντὶ
292 2136 371 2180 ποδῶν
387 2137 418 2188 εἰς
440 2137 582 2196 τυράγωνον
602 2140 683 2192 σχῆμα
698 2133 784 2192 (aienti
802 2133 828 2179 τὸ
846 2141 886 2192 τῆς
904 2137 1018 2195 Οὐρανίας
1035 2134 1171 2197 Ἀφροδίτης
1187 2134 1281 2194 ἄγαλμα
1299 2136 1368 2194 quod
1385 2136 1481 2182 Athenin

220 2214 400 2259 asservabatur
421 2213 445 2258 in
469 2213 566 2272 templo
588 2212 694 2258 Veneris
717 2225 783 2271 qnae
802 2211 897 2259 dicitnr
915 2215 938 2257 tr
955 2213 1044 2271 κήποις)
1062 2217 1168 2260 externe
1182 2214 1260 2261 huius
1279 2214 1343 2262 dene
1360 2216 1430 2275 origo
1445 2214 1479 2260 vir

219 2293 295 2339 lotnit
313 2292 510 2349 Callimachum,
527 2294 572 2351 qni
590 2292 650 2338 alibi
668 2304 770 2350 qnoque
786 2292 891 2338 orientis
905 2305 968 2339 usne
982 2294 1008 2338 in
1026 2292 1129 2339 Veneris
1144 2293 1215 2341 onltn
1229 2294 1290 2352 (non
1304 2295 1360 2342 sine
1374 2295 1478 2340 irrisione

220 2366 342 2434 quadam)
360 2374 486 2417 memorat
503 2371 533 2416 fr.
551 2369 604 2418 dib.
624 2373 659 2416 De
678 2371 783 2417 Arsinoe
801 2369 941 2429 Aphrodite
959 2371 1025 2417 infra
1043 2372 1092 2417 erit
1108 2370 1211 2419 dioendi
1228 2373 1309 2420 loeus.
