3320 5432
887 540 949 599 110
1298 539 1355 600 ΙΙΙ.
1381 539 1556 602 aea-268

328 727 461 789 Rectius
483 726 610 802 spectat
632 725 721 799 leges
743 725 904 786 sermonis
929 726 1084 787 homerici
1104 728 1214 788 noster
1232 727 1266 787 in
1286 728 1394 790 verbis
1417 726 1557 808 ἐλαφη-

284 829 427 908 βοίίην
461 825 690 909 ἐριδαίνειν.
727 826 817 889 Solet
852 827 984 902 quidem
1022 827 1186 890 Homerus
1219 831 1289 891 tam
1323 831 1384 893 hoc
1420 831 1556 893 verbum

283 945 383 1006 quam
416 927 520 1011 ἐρίζειν
553 931 612 992 aut
645 944 720 990 eum
752 924 837 988 ivano
868 930 938 990 sive
969 926 1036 1008 υερί
1066 931 1259 1006 coniungere
1289 934 1318 994 si
1341 947 1412 994 rem
1435 934 1557 996 indicat

283 1035 412 1110 propter
442 1047 541 1109 quam
572 1031 715 1094 certatur
745 1033 794 1102 (A.
819 1031 883 1092 574
915 1027 1000 1091 ἕνεκα
1031 1035 1164 1110 θνητῶν)
1195 1035 1253 1094 aut
1279 1050 1354 1096 oum
1378 1036 1488 1098 dativo
1511 1037 1556 1096 in·

281 1136 489 1197 strumentall
529 1135 566 1195 ut
601 1135 640 1192 Ψ.
675 1133 738 1194 792
769 1128 877 1192 κοσσίν
908 1129 1116 1211 ἐριδήσασθαι,
1154 1135 1212 1196 sed
1247 1137 1386 1199 habebat
1420 1153 1482 1212 quo
1519 1154 1555 1198 se

282 1237 468 1299 defenderet
493 1237 604 1297 noster
629 1237 652 1294 l.
677 1235 759 1296 389:
785 1232 940 1318 Ἀφροδίτῃ
969 1234 1074 1308 κάλλος
1097 1233 1193 1316 ἐρίζοι.
1222 1271 1264 1278 -
1288 1239 1333 1299 nt
1355 1238 1556 1316 κομπάσαι

283 1343 341 1410 (vs.
368 1340 442 1409 263)
471 1338 632 1412 tragicum
663 1337 715 1396 est
737 1335 949 1411 vocabulum;
973 1351 1077 1412 neque
1102 1336 1216 1415 κόμπος
1239 1341 1297 1401 aut
1320 1344 1444 1416 ιομκεῑν
1467 1341 1555 1401 adhi-

282 1439 352 1501 buit
371 1440 533 1502 Homerus
556 1439 619 1500 nisi
643 1439 680 1498 ut
702 1437 846 1499 sonitum
866 1438 1038 1514 indicaret;
1071 1440 1105 1500 et
1126 1439 1231 1502 denuo
1254 1440 1384 1502 aberret
1407 1439 1555 1502 Callima·

282 1543 363 1604 chus
392 1541 540 1616 sequenti
571 1555 678 1616 versu,
709 1539 861 1612 quemvis
892 1540 980 1600 euim
1012 1541 1163 1614 frequens
1186 1543 1219 1602 in
1251 1542 1396 1618 Odyssea
1418 1542 1463 1603 sit
1486 1559 1555 1605 ver-

282 1644 360 1705 bum
391 1646 577 1720 μνᾶσθαι,
607 1642 723 1703 merito
746 1642 858 1702 tanmn
881 1641 1009 1703 dubites
1033 1658 1112 1704 num
1137 1658 1293 1717 umquam
1316 1645 1350 1706 id
1372 1645 1556 1706 adhibuerit

282 1745 445 1806 Homerus
468 1744 506 1805 de
530 1759 567 1805 so
590 1743 645 1818 qui
668 1759 731 1804 non
754 1743 878 1804 iustum
903 1745 993 1820 petat
1013 1745 1258 1806 matrimonium
1278 1747 1335 1807 sed
1355 1763 1556 1824 eorrumpere

282 1846 453 1906 mulierem
476 1845 606 1906 studeat
628 1847 665 1907 ut
688 1845 740 1906 hie
763 1845 926 1922 „integrae
947 1848 1090 1907 tentator
1110 1846 1206 1908 Orion
1226 1847 1379 1909 Dianae”.
1402 1849 1555 1924 suspicor

281 1950 393 2010 tamen
416 1949 582 2024 spectasse
606 1949 755 2009 nostrum
778 1947 943 2022 Odysseae
967 1970 994 2007 α.
1019 1950 1061 2010 39

527 2044 588 2127 μήτ’
615 2046 707 2109 αὐτὸν
729 2047 853 2109 κτείνειν
877 2047 948 2127 μήτε
971 2047 1126 2126 μνάασθαι
1149 2046 1272 2126 ἄκοιτιν,

282 2154 316 2213 et
347 2167 384 2212 eo
415 2151 521 2225 magis
548 2151 687 2212 adducor
716 2152 754 2211 ut
783 2150 912 2212 credam
944 2151 1116 2213 nonnullos
1146 2151 1178 2212 ln
1210 2152 1270 2213 hoc
1293 2168 1389 2213 versu
1412 2169 1553 2214 corrum-

281 2253 376 2328 pendi
406 2254 473 2314 vim
506 2253 602 2314 verbo
636 2253 789 2314 tribuisse
823 2253 899 2327 quia
931 2255 1064 2328 apparet
1094 2269 1135 2314 ex
1167 2253 1304 2315 Scholiis
1332 2254 1431 2316 talem
1457 2256 1553 2316 inter·

282 2355 496 2430 pretationem
518 2355 754 2428 grammaticos
777 2354 903 2416 dedisse
927 2370 1043 2416 versus
1065 2378 1089 2434 χ.
1114 2357 1155 2417 38

527 2453 621 2516 αὐτοῦ
645 2452 677 2516 oi
701 2454 827 2528 ζώοντος
850 2453 1045 2533 ὑπεμνάασθε
1068 2461 1204 2537 γυναῖκα.
1649 2529 1650 2544 ρ

283 2559 432 2621 Ceterum
456 2559 488 2619 in
512 2558 731 2635 sequentibus,
763 2558 817 2619 ubi
840 2558 982 2619 nominis
1005 2559 1110 2620 forma
1132 2553 1261 2639 Ὠαρίων
1281 2563 1410 2635 propter
1428 2562 1465 2618 Σ.
1487 2562 1552 2622 486

280 2661 499 2723 memorabilis
542 2662 602 2736 est,
644 2660 738 2720 facile
775 2659 992 2722 Callimachus
1028 2661 1198 2722 adducitur
1232 2663 1268 2722 ut
1307 2661 1553 2724 substantivum

279 2760 403 2841 γάμον
428 2778 554 2836 quoque
585 2761 692 2822 latiori
723 2776 821 2821 sensu
847 2763 958 2821 utatur
981 2777 1080 2836 quam
1104 2762 1167 2822 fert
1196 2777 1275 2822 usus
1299 2763 1495 2840 homericae,
1520 2765 1553 2824 in

278 2880 342 2938 qua
364 2881 398 2926 re
421 2868 532 2925 tamen
555 2863 686 2936 respicit
710 2862 793 2922 haud
819 2861 914 2922 dubie
938 2861 1182 2942 „aanpoyoipovg”
1208 2878 1321 2938 procos
1343 2864 1530 2940 Penelopes.

323 2967 487 3028 Extremis
512 2964 658 3026 versibus
686 2962 719 3022 in
743 2959 913 3022 οἰκίαυσί
937 2977 1033 3024 nemo
1057 2965 1215 3040 offendat3
1240 2981 1438 3040 quamquam
1463 2967 1552 3028 enim
1648 2977 1649 3028 l

279 3068 467 3129 adverbium
498 3066 583 3142 apud
613 3065 791 3127 Homerum
823 3080 887 3125 non
918 3065 1046 3142 legitur,
1079 3067 1192 3127 eodem
1223 3082 1322 3128 sensu
1352 3066 1378 3126 d.
1403 3069 1467 3129 494
1497 3069 1553 3129 ille

279 3169 406 3229 dixerat
431 3164 522 3244 „odii
540 3183 572 3226 σε
592 3162 670 3243 φημί
689 3163 746 3242 δὴν
769 3161 917 3225 dialeucon
940 3163 1094 3242 ίσεσθαι”,
1119 3183 1181 3241 quo
1203 3167 1272 3229 loco
1291 3169 1390 3243 igitur
1402 3169 1550 3232 caiuma·

279 3271 360 3331 chus
401 3266 549 3329 ἄκλαυτον
589 3268 707 3341 legisse
750 3267 878 3327 videtur
919 3282 1023 3342 neque
1066 3265 1240 3329 ίκίαυσοον.
1283 3270 1403 3332 Vocem
1438 3273 1551 3334 autem

278 3370 471 3451 κρείουσα
495 3385 593 3444 quam
619 3367 721 3430 semel
745 3370 780 3426 X.
805 3369 848 3429 48
874 3368 1035 3431 Homerus
1060 3371 1250 3432 adhibuerat
1273 3372 1422 3450 (κρείουσα
1446 3396 1551 3453 γυναι-

278 3471 351 3546 κῶν)
375 3473 500 3548 primus
522 3474 632 3533 noster
654 3486 692 3531 eo
716 3484 815 3531 sensu
838 3471 932 3544 quasi
956 3471 1094 3532 dixisset
1126 3468 1241 3532 άνασσα
1263 3489 1320 3548 pro
1344 3475 1551 3536 substantivo

279 3574 464 3635 adhibuisse
491 3573 618 3634 videtur
643 3566 680 3647 ¹);
704 3587 807 3647 neque
832 3589 907 3634 vero
932 3574 971 3634 ad
995 3573 1133 3650 κρείουσα
1157 3576 1351 3637 trahendum
1375 3592 1448 3638 osse
1470 3581 1551 3652 puto

279 3673 382 3755 μέγα,
413 3676 565 3749 quoniam
595 3674 740 3736 solemne
771 3677 822 3734 est
852 3675 885 3735 in
917 3676 1030 3749 hymni
1065 3675 1128 3737 flue
1155 3681 1253 3756 ,χαῖρε
1276 3674 1380 3757 μίμν’.
1403 3679 1550 3741 Tandem
1646 3741 1647 3756 ,

278 3794 362 3839 novo
396 3778 491 3839 verbo
529 3792 633 3852 neque
663 3777 835 3836 invenuste
866 3777 1004 3838 formato
1036 3779 1198 3853 poeticum
1232 3795 1416 3840 sermonem
1451 3783 1550 3854 auget

278 3878 505 3957 εὐάνιησον
536 3879 655 3955 diesne,
687 3880 724 3940 ut
754 3877 809 3939 alii
843 3876 1032 3956 „rievalle
1063 3878 1179 3955 ίσθι”,
1201 3881 1285 3955 quod
1308 3881 1342 3942 et
1363 3881 1472 3955 ipsum
1496 3896 1548 3942 no·

278 3981 398 4043 vicium
430 3982 482 4042 est
512 3982 545 4041 et
575 3980 738 4041 invenitur
767 3978 871 4054 Apoll.
900 3979 1000 4040 Rhod.
1025 3980 1078 4041 IV.
1107 3981 1178 4042 148.
1216 3981 1288 4042 Mox
1323 3985 1436 4043 secuta
1470 3985 1548 4043 suut

278 4081 447 4161 εὐάντηιος,
469 4079 627 4159 δοσοιντὴς,
650 4079 839 4159 δυσάνιητος.

312 4299 330 4363 ¹]
349 4304 387 4350 Oi.
405 4317 508 4365 qnoque
525 4305 567 4353 tv.
586 4307 643 4352 ale.
