3068 5288
827 455 869 515 24

210 641 353 703 vidimus
381 643 526 719 poetam,
558 642 652 704 unice
682 642 873 718 sollicitum,
904 643 943 704 ut
969 643 1009 702 ad
1031 641 1213 717 legitimam
1236 644 1380 719 patriam
1405 645 1479 706 deae

210 744 334 806 auitum
357 744 505 820 referret,
530 744 623 805 nihili
645 743 784 820 pendere
803 743 905 807 altam
924 742 1148 818 theologorum
1167 746 1379 821 sapientiam,
1400 761 1478 820 quae

208 846 300 906 varia
333 844 455 906 Dianae
496 856 634 907 munera
668 862 709 907 ex
743 862 808 907 una
843 846 1020 920 eademque
1053 846 1163 906 divina
1196 848 1360 923 potestate
1391 848 1476 908 nasei

207 947 347 1008 doceret.
382 947 509 1024 Nonne,
545 963 620 1009 cum
653 948 864 1026 λιμενοσκυπία
898 949 976 1009 deae
1014 948 1227 1009 memoranda
1263 951 1366 1023 esset,
1399 949 1476 1008 satis

207 1048 321 1108 habuit
350 1063 408 1124 pro
438 1063 537 1110 causa
566 1050 708 1111 indicare
738 1050 826 1112 Iovis
855 1050 1073 1124 voluntatem,
1098 1050 1153 1122 qui
1175 1047 1293 1109 filiolae
1316 1048 1476 1109 submisse

206 1150 350 1226 petentis
382 1147 493 1225 ,radio
522 1149 609 1209 τινά”
641 1152 802 1212 modestia
833 1150 1022 1227 delectatne,
1056 1150 1095 1211 de
1118 1165 1154 1211 ee
1176 1165 1242 1211 non
1264 1152 1397 1211 tantum
1418 1149 1475 1228 τρὶς

205 1248 279 1312 dias
302 1251 332 1312 ei
354 1251 492 1327 largitus
515 1254 603 1313 esset
626 1253 735 1329 urbes,
756 1253 814 1314 sed
833 1252 1010 1314 addidisset
1030 1257 1089 1323 (vs.
1110 1252 1179 1323 38iz
1201 1248 1276 1328 ,uei
1294 1247 1349 1328 μὲν
1362 1249 1474 1332 ἀγυιαῖς
1529 1263 1530 1327 ]

207 1350 278 1437 ἔσσῃ
300 1348 351 1412 καὶ
372 1348 538 1428 λιμένεσσιν
560 1350 765 1425 enmono&

250 1557 311 1619 Illa
341 1558 422 1618 artis
444 1556 553 1633 inopia
574 1558 712 1618 minime
734 1557 860 1620 laborat
882 1559 950 1619 iam
972 1558 1196 1634 progrediente
1222 1556 1346 1631 hymno
1374 1562 1472 1619 osten-

206 1661 299 1737 dens,
331 1674 429 1734 quam
461 1659 608 1721 celeriter
631 1675 688 1736 per
709 1662 817 1721 totum
841 1660 952 1721 orbem
974 1660 1087 1735 religio
1110 1659 1231 1720 Dianae
1255 1674 1297 1719 ex
1321 1659 1473 1722 Arcadiae

205 1761 372 1823 montibus
391 1775 427 1823 se
447 1760 606 1822 effuderit.
625 1759 721 1838 Eece,
742 1776 841 1836 quam
862 1763 995 1838 raptim,
1016 1761 1115 1822 simui
1135 1776 1234 1836 quam
1253 1760 1381 1822 abunde
1400 1762 1472 1823 deae

205 1863 268 1924 iter
301 1861 472 1924 describat.
508 1863 618 1937 Pergit
647 1863 751 1923 Diana
784 1863 824 1924 ad
856 1864 1020 1925 Haemum
1050 1878 1153 1937 nsque
1175 1856 1210 1939 ¹),
1243 1878 1376 1924 currum
1407 1879 1471 1925 eon-
1504 1862 1506 1867 ’

204 1965 343 2041 stendit,
375 1964 474 2026 Asiae
502 1964 599 2024 urbes
630 1963 786 2041 pervadit,
810 1964 935 2025 insulas
958 1964 1060 2025 sacris
1083 1964 1199 2041 replet,
1225 1979 1389 2038 nusquam
1412 1980 1471 2026 non

205 2065 368 2141 nymphas
398 2064 549 2126 heroinas
578 2079 657 2125 suae
688 2064 836 2139 religioni
868 2066 1063 2126 adsciscens.
1095 2064 1197 2125 Tenui
1219 2065 1297 2126 licet
1319 2064 1374 2126 filo
1398 2066 1472 2126 haec

205 2179 302 2242 saepe
322 2182 397 2229 cum
420 2167 558 2227 Arcadia
580 2167 753 2227 coniuncta
774 2167 854 2243 sint,
884 2166 995 2228 subtili
1018 2170 1088 2228 arte
1111 2170 1224 2230 tamen
1247 2164 1348 2227 efficit
1371 2169 1470 2242 poete,

205 2270 243 2329 ut
266 2283 340 2328 oum
365 2267 507 2342 antiquis
530 2268 727 2330 Graecorum
750 2269 960 2344 religionibus
979 2269 1150 2329 cohaerere
1169 2267 1342 2328 videantur
1362 2282 1470 2342 aequa·

204 2369 300 2430 libus.
330 2369 477 2430 Breviter
499 2384 560 2430 nos
590 2385 661 2430 rem
690 2369 859 2446 explorare
887 2372 1027 2447 oportet;
1051 2372 1084 2430 et
1106 2369 1228 2447 iicebit,
1253 2384 1331 2429 nam
1355 2370 1472 2432 diserta

206 2473 284 2532 sunt
306 2471 466 2546 exempla.
493 2471 608 2548 ,Unde
630 2472 703 2533 deae
726 2471 897 2533 Arcadicos
919 2471 1043 2533 lunaria
1061 2472 1216 2548 potestas?
1238 2478 1299 2530 που
1323 2465 1352 2530 d’
1375 2469 1471 2548 ἔταμες

204 2573 333 2650 πεύκην,
370 2569 430 2633 ἀπὸ
464 2569 497 2633 dt
527 2572 637 2653 φλογὸς
674 2571 758 2650 ἥψαο
795 2572 922 2649 ποίης;”
963 2574 1010 2635 ita
1049 2576 1142 2648 rogat
1179 2575 1275 2649 poeta
1313 2589 1364 2634 vs.
1402 2576 1469 2635 116.

203 2675 244 2735 Et
278 2676 353 2749 quia
386 2691 514 2738 memor
542 2676 618 2753 fuit,
650 2658 793 2737 Homero
811 2733 813 2736 ,
830 2676 969 2736 Dianam
1001 2674 1176 2754 φαεσφόρον
1207 2675 1352 2735 nondum
1376 2676 1471 2736 inisse

203 2779 330 2854 notam,
363 2793 401 2839 ao
431 2781 546 2854 postea
575 2778 708 2838 demum
730 2778 792 2839 hac
818 2778 980 2853 potestate
1003 2777 1099 2838 deam
1130 2779 1261 2838 auctam
1292 2791 1380 2854 esse,
1408 2779 1470 2853 ipse

204 2878 266 2939 sibi
289 2880 462 2955 respondet

426 2983 527 3065 Μυσῷ
550 2977 583 3041 ἐν
608 2979 778 3066 Οὐλύμπῳ,
801 2979 894 3057 φάεος
918 2974 945 3039 δ’
972 2976 1094 3058 ἔνὲηκας
1117 2976 1233 3056 ἀυυμήν

427 3077 585 3161 ἀσβέστου,
607 3081 639 3143 τό
662 3081 700 3162 ῥυ
724 3080 834 3161 πατρὸς
857 3078 1078 3154 denarratores
1099 3080 1247 3160 κεραυνοί.

248 3185 409 3244 Lunarem
440 3182 545 3244 ierem
579 3184 679 3260 igitur
713 3199 733 3244 a
765 3186 857 3260 petre
889 3184 1053 3260 accepisse
1084 3184 1179 3245 deam
1210 3184 1345 3261 indicat,
1383 3186 1473 3258 atque

204 3284 275 3345 ideo
291 3285 379 3345 reete
398 3299 417 3344 a
436 3285 540 3360 poetis
561 3286 680 3347 Atticis
699 3286 825 3346 Lunam
846 3301 921 3346 cum
938 3284 1042 3346 Diana
1062 3285 1224 3362 componi,
1246 3286 1343 3346 modo
1367 3288 1473 3346 teneas

203 3386 280 3447 talis
303 3386 493 3447 coniunctae
515 3387 681 3463 religionis
704 3387 844 3462 origines
868 3402 940 3448 esse
964 3388 1164 3461 quaerendas
1187 3388 1221 3447 in
1244 3389 1333 3464 Asia,
1360 3388 1394 3448 in
1417 3401 1475 3461 qua

204 3487 334 3563 regione
356 3486 480 3548 lunaris
499 3489 577 3549 deae
602 3488 725 3550 cultum
757 3489 874 3563 ubique
902 3489 1119 3565 invenissent,
1143 3489 1199 3563 qui
1222 3490 1295 3550 inde
1318 3489 1359 3551 ab
1384 3489 1474 3550 Alex·

204 3589 295 3651 andri
325 3590 433 3650 aetate
463 3590 645 3651 studiorum
673 3604 772 3651 eausa
795 3605 851 3651 eas
875 3592 979 3651 terras
1002 3592 1232 3665 peragrassent
1250 3583 1282 3661 ²).
1306 3590 1392 3651 Nem
1416 3603 1475 3651 non

235 3831 255 3896 ¹)
273 3835 340 3884 Num
365 3835 459 3883 montis
481 3835 573 3882 Haemi
588 3836 717 3883 mentione
735 3836 804 3883 taeta
820 3839 919 3894 oogitst
935 3836 968 3884 ds
985 3836 1068 3883 Diana
1087 3837 1206 3898 Thrsoia,
1224 3847 1290 3895 quae
1311 3833 1409 3883 Beudis
1425 3835 1475 3882 sive

204 3916 307 3975 (lotytto
332 3915 419 3962 audit?
441 3914 584 3962 Admodum
601 3915 742 3975 insertum,
769 3927 828 3962 nam
851 3916 978 3962 'l'hraoum
1004 3915 1053 3963 dea
1076 3915 1185 3975 ditono:
1208 3926 1284 3962 onrrn
1301 3927 1353 3962 non
1371 3915 1477 3971 vehitur,

204 3994 377 4042 Gallimaohus
399 3996 485 4040 autem
507 3994 534 4040 in
555 3994 612 4053 ipso
633 3994 732 4042 Haemo
748 3994 855 4041 Dianam
874 3995 986 4054 primurn
1005 3994 1055 4042 sibi
1071 4006 1175 4042 snrrum
1193 3993 1286 4041 desisse
1303 3997 1401 4052 narrat,
1418 3993 1478 4042 anti·

205 4086 282 4134 quam
292 4074 448 4121 Graeoorum
457 4072 620 4121 traditionem
630 4075 736 4121 seoutns
742 4110 749 4134 ,
759 4086 789 4121 ex
798 4085 850 4132 qna
860 4072 1031 4121 Artemisiam
1044 4073 1076 4120 ab
1085 4076 1198 4121 Homero
1206 4077 1332 4136 χρυσήνιος
1340 4073 1411 4121 diota
1419 4075 1477 4121 erat

239 4147 259 4211 ²)
275 4153 384 4201 Prorsus
405 4156 491 4200 tamen
513 4165 572 4201 enm
595 4154 678 4201 Diana
699 4152 852 4213 iampridem
875 4152 1001 4200 ooalnisse
1022 4153 1119 4199 lunaris
1136 4152 1200 4200 deae
1218 4165 1354 4213 personam
1373 4168 1408 4202 ne
1425 4154 1478 4202 Oai·

204 4233 331 4291 limaohns
348 4231 453 4293 quidem
474 4233 559 4292 negat
582 4233 647 4281 Nam
665 4246 697 4280 ex
714 4232 853 4280 Artemidis
870 4232 992 4292 epithetis
1008 4245 1088 4279 unum
1106 4232 1225 4279 oonsulto
1242 4231 1342 4280 derivat
1359 4246 1392 4281 ex
1409 4234 1478 4281 iana·

205 4312 242 4359 ris
264 4311 328 4360 deae
352 4311 504 4374 splendore,
527 4311 602 4359 deam
627 4324 665 4359 rs
684 4313 733 4360 204
761 4307 844 4367 ,olm
866 4311 954 4358 dsaoo'
979 4313 1049 4357 edom
1075 4311 1210 4375 putem?
1235 4311 1357 4359 salutans
1384 4313 1415 4359 In
1432 4326 1478 4373 qua

204 4404 233 4439 re
258 4404 308 4438 non
333 4391 489 4449 suffragatur
521 4390 554 4437 iis
587 4392 632 4449 qui
663 4393 782 4440 anetoree
808 4392 913 4438 inerunt
939 4390 1054 4438 (lioeroni
1081 4388 1153 4437 Deor.
1183 4389 1238 4438 Nat.
1254 4390 1301 4438 111
1320 4391 1353 4438 28
1381 4391 1478 4440 doesnti

205 4473 308 4532 praeter
325 4472 433 4531 primam
450 4471 558 4518 Dianam
567 4470 744 4533 Proserpinae,
766 4471 925 4530 alteramque
944 4470 1058 4517 Latonae
1075 4470 1164 4532 tiliam,
1182 4470 1263 4517 inisse
1278 4469 1382 4517 tertiam
1398 4471 1479 4527 „edat

201 4553 275 4613 pater
297 4549 353 4612 Upis
371 4549 487 4607 traditur,
513 4550 604 4598 (liesca
625 4548 718 4597 mater''
736 4563 812 4610 quam
830 4563 909 4608 saepe
927 4563 941 4596 a
959 4550 1065 4598 Graecis
1082 4549 1149 4611 Upin
1168 4553 1274 4610 paterno
1291 4551 1396 4598 nomine
1413 4550 1477 4612 apel·

216 4631 284 4676 atam
318 4641 382 4677 esse.
409 4655 440 4666 -
467 4630 587 4679 Euemeri
612 4629 716 4677 subolae
741 4629 806 4677 haee
831 4633 892 4677 sunt
914 4629 1018 4677 inventa
1040 4629 1134 4688 quibus
1156 4629 1220 4678 nihil
1241 4630 1324 4692 magis
1349 4634 1476 4678 aversatur
