3068 5294
59 459 115 523 IV.
141 459 317 521 214-215
666 457 726 521 161

58 650 167 727 dorus,
203 665 262 711 nso
295 648 401 710 multa
434 649 473 709 de
506 647 558 708 his
587 647 736 708 versibus
766 649 892 708 restant
921 649 1072 725 notanda,
1096 649 1158 710 nisi
1186 650 1269 725 quod
1293 649 1333 713 ad

59 767 159 812 usum
190 752 223 811 in
254 751 387 823 antiqua
410 749 500 824 opica
522 749 660 809 dictione
684 749 840 809 rariorem
863 749 995 824 respicit
1019 749 1235 813 Callimachus
1258 768 1333 815 cum

60 869 116 928 pro
148 857 208 912 καῖ
233 852 337 913 semel
360 854 457 925 atque
481 852 600 911 iterum
623 856 712 929 κοῦρε
735 850 822 926 dicit,
853 850 891 910 de
922 866 987 924 qua
1016 866 1051 912 re
1081 852 1208 925 egimus
1237 868 1336 929 supra

59 971 132 1030 pag.
160 956 232 1015 112.
267 953 313 1014 Ut
342 953 457 1028 praeiit
487 953 547 1014 hoc
576 968 638 1013 usu
669 953 765 1026 poeta
794 952 908 1026 hymni
939 953 972 1012 in
1003 952 1094 1014 Marc.
1119 955 1184 1015 490
1208 954 1336 1026 (καίτοι

58 1054 117 1135 ἐγὼ
145 1055 231 1116 δύσω
255 1054 365 1132 ταύτην
392 1050 464 1126 Διὸς
491 1049 580 1134 ἀγλαὲ
603 1058 713 1131 κοῦρε),
737 1054 785 1114 ita
807 1055 940 1114 secutus
963 1055 1014 1114 est
1032 1054 1222 1117 Theocritus
1240 1057 1273 1116 in
1297 1074 1335 1119 eo

58 1159 193 1234 hymno,
213 1173 276 1232 quo
299 1159 449 1217 nostrum
472 1156 664 1233 aemulatur,
686 1154 788 1231 XVII,
803 1171 850 1216 vs.
865 1158 907 1218 66
931 1151 1030 1234 ,ὄλβιε
1046 1163 1135 1235 κοῦρε
1147 1154 1277 1237 γένοιο”.
1292 1192 1332 1202 -

57 1260 104 1321 De
129 1260 226 1321 verbo
250 1257 385 1339 μαίνομαι
406 1260 474 1320 iam
497 1259 621 1319 dictum
645 1260 696 1318 est
719 1272 790 1331 pag.
816 1259 868 1318 54.

97 1463 153 1525 Vs.
179 1464 254 1525 215.
302 1462 420 1540 Νύμφα
440 1458 512 1533 Διὸς
531 1459 701 1540 βαρύθυμε,
719 1458 757 1520 σὺ
777 1454 805 1520 δ’
828 1457 885 1520 οὐκ
904 1453 947 1540 ἄρ’
970 1457 1084 1538 ἔμελλες
1103 1458 1234 1535 ἄπυστος

307 1562 363 1642 δὴν
385 1561 494 1641 ἔμεναι·
517 1561 582 1641 τοίη
606 1578 638 1622 σε
660 1559 865 1641 προσέδραμεν
893 1558 1069 1641 ἀμμελιῶτις,

306 1657 368 1724 είπε
393 1659 421 1724 δ’
448 1657 481 1723 ἔτ’
509 1659 730 1740 ἀσθμαίνουσα,
753 1661 839 1747 φόβῳ
864 1657 891 1722 b’
918 1660 1088 1744 ἀνεμίσγετο
1112 1669 1219 1742 μῦθος·

309 1760 400 1845 ,Ἥρη
423 1763 574 1843 τιμήεσσα,
595 1763 672 1824 πολὺ
696 1761 868 1843 προῦχουσα
890 1762 1003 1842 θεάων,

307 1864 343 1944 σὴ
367 1863 421 1945 μὲν
445 1864 511 1946 ἐγὼ,
533 1863 570 1925 σὰ
594 1861 626 1925 δὲ
648 1865 755 1943 πάντα,
777 1864 816 1925 σὺ
839 1860 872 1925 δὲ
895 1864 1034 1944 κρείουσα
1057 1864 1192 1944 κάθησαι

185 1970 252 2031 220
307 1966 414 2048 γνησίη
440 1965 615 2043 Οὐλύμποιο
638 1963 688 2026 καί
709 1965 745 2027 οὐ
771 1963 840 2045 χέρα
865 1965 995 2043 δείδιμεν
1021 1963 1113 2043 ἄλλην

306 2065 483 2148 θηλυτίρηυ.
507 2068 544 2128 σὺ
568 2063 597 2128 δ’
623 2064 740 2127 ἄνασσα
762 2065 814 2127 τὸν
838 2067 932 2127 αἴτιον
956 2067 1046 2128 εἴσεαι
1069 2065 1189 2149 ὀργῆς”.

59 2174 264 2236 substantivi
297 2172 401 2249 νύμφη
438 2187 534 2231 usum
570 2170 654 2245 apud
690 2169 924 2230 Callimachum
959 2185 1021 2231 non
1056 2186 1187 2245 prorsus
1218 2173 1335 2234 iisdem

59 2276 179 2337 finibus
210 2273 430 2336 circumscribi
461 2273 577 2346 quibus
605 2287 702 2332 usum
733 2273 933 2333 homericum
967 2273 1033 2333 iam
1066 2274 1207 2335 vidimus
1238 2291 1336 2350 supra

59 2394 130 2454 pag.
167 2378 247 2453 1383
279 2379 389 2437 nostro
420 2376 532 2434 autem
562 2374 631 2434 loco
663 2374 810 2434 consulto
844 2374 984 2434 formam
1019 2375 1150 2435 adhibet
1185 2378 1334 2449 vocativi,

59 2495 142 2554 quae
174 2481 225 2541 bis
255 2479 387 2540 tantum
417 2476 556 2537 occurrit
578 2477 662 2550 apud
687 2476 883 2536 Homerum:
916 2491 993 2536 nam
1017 2477 1168 2538 adludere
1195 2493 1271 2538 eum
1294 2479 1335 2540 ad

59 2583 261 2643 homericum
293 2581 371 2642 illud
399 2579 522 2657 ,νύμφα
545 2579 639 2657 φίιη”
664 2581 707 2649 (Γ.
736 2580 815 2654 130;
842 2578 867 2638 δ.
903 2581 976 2650 743)
1008 2596 1071 2642 non
1102 2581 1246 2642 dubium.
1271 2582 1334 2643 Sed

58 2685 91 2744 in
123 2699 163 2745 eo
195 2683 235 2744 ab
262 2683 441 2757 antiquiore
464 2697 525 2742 usu
549 2681 669 2742 recedit
692 2681 776 2755 quod
803 2678 895 2757 ,Διὸς
919 2681 1064 2759 νύμφην”
1085 2683 1173 2743 lovis
1196 2699 1333 2744 uxorem

58 2785 194 2862 salutat,
225 2800 308 2859 quae
342 2800 446 2859 neque
476 2799 588 2845 recens
618 2785 720 2858 nupta
751 2784 840 2843 esset
863 2798 967 2856 neque
990 2784 1061 2858 ipsa
1084 2784 1188 2858 primo
1212 2787 1331 2846 aetatis
1411 2801 1413 2804 ’

58 2887 137 2948 flore
161 2886 331 2947 frueretur.
355 2887 405 2946 Ad
428 2901 502 2946 eam
525 2900 595 2946 rem
618 2885 745 2946 ducitur
766 2883 983 2946 Callimachus
1006 2885 1212 2959 aliquatenus
1235 2888 1329 2961 tragi-

59 3003 174 3050 corum
215 2987 364 3063 exemplo
405 2988 523 3061 quibus
563 2988 693 3062 saepius
730 2987 852 3062 placuit
889 2986 1023 3048 dearum
1052 2988 1198 3061 reginam
1232 3003 1331 3062 quarn

62 3088 157 3167 ,Διὸς
190 3086 318 3168 ύλοχον”
354 3090 481 3151 dixerat
511 3086 683 3165 Homerus,
715 3089 875 3164 appellare
903 3086 975 3159 Διὸς
1004 3089 1074 3149 sive
1105 3088 1239 3169 δάμαρτα
1262 3092 1332 3151 sive

58 3192 236 3269 σύλλεκτρον
277 3193 354 3266 quin
392 3192 493 3253 etiam
527 3189 743 3271 ὑπαγκάλισμα.
779 3191 842 3252 llos
875 3191 1061 3263 aemulatus
1098 3206 1182 3253 nunc
1222 3196 1332 3253 noster

58 3295 203 3355 decrevit
220 3295 378 3355 Iunonem
397 3294 523 3372 νύμφην
542 3292 614 3365 Διὸς
634 3308 829 3367 nuncupare.
843 3292 987 3353 Eandem
1000 3294 1110 3353 autern
1124 3309 1199 3354 cum
1212 3295 1332 3357 diceret

58 3396 304 3474 βαρύθυμον
344 3393 503 3457 adiectlvo
537 3396 687 3456 utebatur
726 3395 759 3454 in
791 3409 853 3467 quo
884 3394 948 3454 alia
982 3395 1034 3454 est
1068 3395 1118 3454 vis
1151 3403 1204 3455 ιοο
1237 3395 1332 3476 βαρύς

58 3513 160 3574 quam
183 3513 267 3571 quae
291 3498 432 3559 Homero
455 3499 583 3572 cognita
606 3497 712 3558 iuerat
734 3497 768 3556 in
792 3497 863 3557 eius
886 3495 1037 3556 adiectivi
1056 3498 1254 3571 compositis.
1272 3499 1332 3560 No·

58 3605 154 3661 verat
172 3600 226 3660 ille
244 3597 390 3676 κακότητα
409 3599 542 3678 βαρεῖαν,
564 3595 638 3676 ἄτην
656 3599 780 3678 βαρεῖαν
800 3601 833 3658 et
852 3595 944 3674 ἔριδα,
962 3601 997 3657 at
1012 3599 1192 3671 composita
1214 3600 1331 3674 signifi·

58 3702 188 3763 catione
203 3700 362 3761 translata
377 3698 1333 3780 110111316111111η1α11131εσ111111βαρύκτυποςούβαρύφθογ-

57 3824 113 3883 ηος
132 3805 315 3879 occurrunt,
339 3802 454 3876 tragici
476 3807 587 3863 autem
612 3804 744 3863 demum
764 3805 797 3863 et
817 3801 975 3861 Pindarus
994 3799 1155 3879 βαρύδικος
1167 3802 1333 3883 βαρύλοηος

57 3903 230 3984 βαρύμηνις
253 3904 450 3978 formarunt3
472 3907 637 3965 eteorum
660 3904 810 3979 exempla
829 3905 963 3964 secutus
982 3903 1147 3977 Lycophro
1166 3904 1331 3983 βαρύζηιος

58 4009 94 4068 et
118 4008 178 4068 hoc
200 4007 310 4082 ipsum
332 4006 511 4086 βαρύθυμος
533 4007 687 4068 adhibuit.

99 4105 292 4180 Ἄκαστος
312 4111 483 4182 utramque
505 4109 571 4168 vim
591 4123 655 4181 qua
675 4108 777 4167 utitur
795 4107 878 4182 apud
902 4107 1082 4167 Homerum
1094 4107 1127 4166 in
1145 4105 1333 4167 Callimachi

58 4210 261 4272 carminibus
280 4211 413 4272 obtinet.
433 4210 558 4285 Actias,
583 4209 748 4283 decoqui
766 4224 834 4269 rem
853 4224 916 4268 κου
936 4209 1045 4284 audiit,
1066 4210 1169 4269 estin
1189 4207 1333 4282 Odyssea

58 4311 196 4388 ε.-127,
231 4312 317 4372 unde
350 4312 471 4371 sumsit
504 4313 614 4372 noster
647 4313 732 4371 hunc
762 4312 870 4386 ipsum
894 4325 1042 4370 versum:
1079 4306 1168 4386 ,οὐδὲ
1195 4307 1252 4387 δην
1280 4300 1333 4388 ἦεν

58 4410 190 4486 ἄπυστος
228 4413 334 4485 Ζεύς’.
368 4413 453 4473 Item
488 4414 525 4473 ut
555 4428 630 4472 curn
660 4413 810 4486 genetivo
843 4412 1007 4485 coniungit
1030 4412 1192 4474 Homerus
1215 4412 1242 4472 d.
1268 4413 1331 4474 675

64 4511 214 4591 ,ἄπυστος
234 4514 366 4594 μύθων’
389 4515 435 4576 ita
460 4514 677 4576 Callimachus
700 4515 739 4577 fr.
753 4515 817 4576 469
841 4511 947 4585 παιδὸς
971 4510 1110 4586 ύκυσιος.
1133 4516 1178 4576 At
1192 4515 1332 4590 passive,

60 4621 98 4677 ut
120 4620 235 4678 notum
259 4616 337 4678 illud
365 4610 463 4695 ,οἴχετ’
490 4613 588 4688 ι’ίιστος
612 4613 762 4687 dcccco?
788 4620 826 4686 (οι.
848 4617 933 4691 242),
957 4617 989 4675 in
1015 4617 1134 4689 hymno
1158 4617 1201 4676 Vl
1221 4619 1280 4684 (VS.
1302 4617 1332 4682 9)

1202 4722 1225 4764 11
