3104 5296
828 452 889 511 144
1234 451 1287 512 IV.
1315 455 1475 513 141-143

261 641 351 715 Ecce,
376 639 450 713 post
480 637 659 698 Homerum
691 639 725 698 et
755 639 905 713 tragicos,
938 638 1080 712 procedit
1104 638 1270 699 Pindarus
1298 640 1401 716 Quem
1423 658 1477 702 non

217 743 256 803 ad
292 740 427 803 verbum
457 739 587 813 quidem
617 740 721 802 reddit
744 744 864 816 noster,
889 755 993 813 neque
1012 739 1170 801 aemulari
1191 743 1311 818 studet,
1336 745 1479 804 sedante

216 844 326 906 oculos
355 847 467 905 tamen
495 841 593 903 habet
615 843 662 903 ita
692 844 729 903 ut
751 857 811 903 sua
835 844 904 902 arte
928 842 1060 915 suisque
1086 843 1192 902 verbis
1218 843 1397 918 imaginem
1421 846 1479 906 red·

216 948 281 1021 dat,
306 947 384 1008 olim
407 965 426 1009 a
449 949 586 1011 Pindaro
606 946 783 1006 inventam.
806 945 846 1004 Et
866 945 1016 1018 quamvis
1036 945 1258 1020 immutatam,
1279 949 1480 1021 agnoscimus

216 1052 380 1112 tamenin
402 1048 627 1111 Callimacheis
647 1046 847 1121 praeclaram
868 1048 992 1107 Aetnae
1013 1044 1262 1119 descriptionem
1281 1064 1382 1121 quam
1399 1051 1481 1111 dede·

216 1154 267 1213 rat
301 1151 458 1212 Pindarus
493 1151 582 1228 Pyth.
613 1150 638 1208 Ι.
671 1150 723 1208 21.
758 1148 913 1209 Summae
945 1148 1063 1222 lyrices
1097 1149 1261 1222 specimen
1293 1152 1481 1213 decurtando

216 1253 342 1314 laedere
376 1253 466 1328 nolo;
503 1252 686 1314 exscribam
720 1250 819 1325 igitur
852 1265 915 1324 quo
950 1249 1050 1310 simul
1085 1251 1118 1310 et
1149 1249 1324 1313 lectoribus
1352 1257 1386 1314 et
1409 1255 1481 1315 mihi

217 1355 324 1416 brevis
346 1355 390 1415 sit
413 1350 572 1414 ἀνάπαυλα
596 1353 636 1414 ab
661 1350 806 1414 artificiis
832 1351 1033 1412 Callimachi.

438 1463 490 1528 τᾶς
513 1452 684 1536 ἐρεύγονται
707 1449 761 1530 μέν
783 1450 916 1514 ἀπλάτου
940 1451 1034 1534 πυρός
1060 1447 1218 1532 ἁγνόταται

441 1555 472 1617 ἐκ
496 1565 596 1635 μυχῶν
619 1555 720 1635 παγαί.
743 1553 870 1632 ποταμοὶ
894 1550 924 1615 δ’
951 1551 1106 1635 ἁμέραισιν
1134 1552 1188 1632 μέν
1210 1576 1282 1636 προ-

844 1654 949 1736 [χέοντι
973 1655 1045 1736 ῥόον
1069 1667 1187 1720 καπνοῦ

443 1754 560 1820 αἴθων’·
583 1753 641 1818 ἀλλ’
669 1756 700 1818 έν
728 1756 887 1837 ὄρφναισιν
911 1756 1017 1837 πέτρας

440 1861 582 1938 φοίνισσα
605 1858 803 1936 κυλινδομένα
830 1859 904 1937 φλὸξ
929 1857 958 1932 ές
983 1862 1111 1939 βαθεῖαν
1134 1861 1217 1942 φέρει
1239 1862 1312 1924 πόν-

576 1976 577 1979 ’
848 1967 910 2035 [του
933 1961 1031 2022 πλάκα
1055 1963 1112 2025 σὺν
1134 1965 1264 2051 πατάγῳ.

440 2069 520 2125 κεῖνο
544 2059 572 2125 δ’
598 2064 765 2139 Ἁφαίστοιο
790 2063 938 2143 κρουνοὺς
963 2063 1084 2144 ἑρπετὸν

440 2166 626 2238 δεινοτάτους
649 2163 823 2244 ἀναπέμπει·
846 2162 930 2245 τέρας
955 2163 1008 2245 μέν
1032 2168 1205 2245 θαυμάσιον
1228 2170 1436 2249 προσιδέσθαι,

842 2272 959 2346 [θαῦμα
984 2264 1016 2328 δέ
1038 2266 1089 2328 καέ
1112 2269 1282 2350 παρεόντων
1305 2269 1442 2350 ἀκοῦσαι,

444 2363 509 2432 οέον
532 2370 643 2443 Αἴτνας
666 2368 698 2430 έν
721 2370 939 2449 μελαμφύλλοις
963 2368 1076 2431 δέδεται
1098 2377 1245 2451 κορυφαῖς

443 2469 493 2533 καὶ
515 2469 606 2557 πέδῳ,
628 2470 765 2551 στρωμνὰ
790 2468 822 2532 δέ
846 2467 1011 2552 χαράσσοιά
1038 2471 1119 2533 ἅπαν
1141 2483 1237 2534 νῶτον
1260 2495 1315 2535 πο,

850 2571 1059 2652 [τικεκλιμένον
1082 2581 1184 2636 κεντεῖ.

264 2679 300 2738 ln
333 2677 463 2737 brevius
494 2676 656 2737 contraxit
688 2675 905 2760 Callimachus
933 2675 1105 2749 magnifica
1127 2677 1218 2751 lyrici
1244 2679 1353 2756 verba,
1378 2682 1412 2741 et
1435 2695 1491 2740 suo

219 2780 314 2840 modo
348 2778 555 2853 immutavit;
590 2777 674 2838 redit
707 2779 819 2838 tamen
853 2778 962 2851 imago
1004 2779 1146 2853 gigantis
1181 2794 1277 2852 quem
1308 2782 1491 2844 describens

219 2896 283 2942 non
312 2880 501 2940 meminisse
532 2879 660 2940 Pindari
691 2894 755 2939 non
785 2879 899 2953 potuit.
923 2879 1021 2940 lllum
1044 2881 1210 2955 gigantem
1237 2883 1335 2943 variis
1358 2884 1491 2945 nomini·

220 2985 280 3043 bus
299 2982 456 3042 Pindarus
479 2981 640 3056 Typhoea,
666 2983 776 3040 noster
800 2981 941 3057 Briarea‚
965 2982 1078 3055 postea
1109 2981 1271 3056 Vergilius
1295 2984 1491 3047 Enceladum

219 3084 313 3159 dixit,
348 3084 475 3157 spectat
510 3086 620 3143 tamen
655 3081 872 3143 Callimachus
904 3098 1022 3143 nomen
1054 3085 1226 3156 antiquum
1257 3101 1330 3147 cum
1365 3087 1492 3149 Pindari

224 3185 362 3262 ,αἴθωνα
381 3183 452 3263 ῥόον
471 3187 610 3244 καπνοῦ”
632 3186 701 3245 suis
722 3185 825 3246 reddit
845 3186 969 3246 verbis:
995 3182 1096 3263 ,ὄρεος
1112 3183 1184 3262 πυρὶ
1207 3186 1490 3264 τυφομένοιο”.

222 3289 371 3347 Ceterum
406 3302 604 3360 quamquam
635 3303 698 3347 non
729 3287 837 3348 solum
868 3285 945 3365 μυχὰ
969 3287 1024 3349 illa
1048 3287 1192 3348 Αἰτναίου
1218 3286 1300 3367 ὄρεος
1324 3290 1491 3351 Pindarica

220 3389 396 3462 respiciunt
418 3389 474 3448 sed
509 3404 584 3463 prae
609 3389 726 3449 ceteris
752 3404 799 3449 vs.
830 3390 891 3448 142
917 3391 1048 3450 revocat
1071 3390 1247 3463 imaginem
1273 3392 1416 3466 Typhoei
1439 3392 1490 3465 qui

221 3490 386 3550 defessum
410 3489 497 3550 latus
521 3492 647 3551 mutare
671 3493 804 3550 conetur
823 3491 909 3566 quia,
927 3494 965 3550 ut
984 3492 1015 3552 id
1037 3492 1133 3553 habet
1154 3492 1321 3569 Pindarus,
1338 3493 1492 3572 ηχαράσσει

222 3587 357 3669 στρωμνὰ
376 3593 502 3667 νῶτον”,
522 3591 663 3651 multum
684 3594 795 3651 tamen
816 3592 909 3652 abest
928 3597 965 3653 ut
984 3595 1041 3653 aut
1060 3593 1178 3666 ubique
1193 3595 1369 3655 autsolum
1382 3611 1490 3670 sequa·

221 3696 275 3753 tur
286 3697 396 3754 noster
408 3695 537 3767 poetam
549 3693 748 3753 Thebanum.
762 3694 797 3754 Id
810 3695 918 3767 arguit
930 3695 1078 3768 inprimis
1090 3711 1154 3755 vox
1167 3697 1251 3757 haud
1265 3697 1492 3772 vulgatissima

221 3794 440 3854 κατυυδαῑο
450 3818 475 3871 ς,
499 3810 597 3868 quam
617 3796 675 3855 aut
694 3794 834 3855 Hesiodo
854 3796 959 3872 debet,
982 3798 1039 3856 aut
1052 3830 1092 3839 -
1105 3798 1188 3870 quod
1205 3799 1310 3873 magis
1331 3799 1492 3874 probabile

223 3896 412 3956 videtur-
437 3898 558 3969 hymno
593 3897 755 3957 homerico
779 3896 813 3956 τίι
844 3897 978 3958 Mercur.
1003 3914 1052 3959 vs.
1080 3901 1141 3960 112
1172 3896 1275 3970 (πολλὰ
1303 3895 1336 3960 δέ
1358 3900 1491 3980 κάγκανα

222 4001 296 4054 κᾶλα
319 3997 486 4082 κατουδαίῳ
511 3994 555 4057 tvi
578 3996 702 4082 βόθρῳ).
717 4032 758 4041 -
776 3999 821 4058 De
846 4014 923 4059 voce
947 3996 1095 4078 έπωμλς
1120 4017 1167 4062 vs.
1195 4002 1256 4061 143
1276 4002 1342 4062 iam
1363 4002 1493 4062 uberius

222 4098 374 4159 disseruit
404 4099 635 4174 Spanhemius;
669 4101 804 4161 verbum
833 4103 944 4162 autem
975 4100 1213 4179 acceptante
1237 4105 1350 4164 notare
1374 4104 1494 4165 sufficit

222 4201 305 4274 apud
331 4199 510 4261 Homerum
534 4217 598 4261 non
621 4202 684 4261 nisi
707 4205 764 4262 aut
786 4203 916 4277 passive
941 4207 998 4263 aut
1021 4205 1174 4266 reflexivs
1197 4205 1350 4267 adhiberi.

231 4325 421 4333 m..—

221 4407 282 4441 num
309 4399 456 4461 θερμότεραι
482 4411 529 4458 pro
546 4398 650 4459 vulgato
676 4404 839 4463 &caputcaput
857 4400 1257 4462 quoddeieuditSchueiderus,
1275 4403 1420 4463 etreliqua
1440 4404 1490 4466 ,ὑφ’

218 4473 360 4535 Ἡραλοτοιυ
376 4479 489 4539 πυράγρῃ,
507 4479 563 4541 ipro
581 4478 607 4525 θ’
627 4479 702 4537 δμου”
720 4479 756 4526 ita
776 4480 899 4526 mummia
917 4494 974 4527 esse
992 4483 1139 4542 suspicatus
1156 4496 1213 4530 sum
1229 4486 1260 4528 ut
1276 4495 1344 4529 nuuc
1363 4484 1494 4544 exscripsi,

222 4566 274 4612 quo
300 4553 367 4600 iacto
390 4554 431 4600 hic
449 4556 498 4602 erit
515 4569 605 4603 sensus
622 4557 774 4610 verborum:
793 4555 918 4619 „fremunt
939 4558 1036 4615 camini,
1050 4558 1164 4621 fremunt
1181 4560 1206 4606 in
1223 4559 1297 4622 ipsias
1319 4559 1425 4609 Vulcani
1437 4561 1492 4626 sor·

222 4631 289 4679 οἰδιιτ
305 4646 374 4694 opera
392 4631 439 4689 dei,
452 4631 609 4697 fremuntque
627 4639 702 4695 (quae
720 4639 772 4685 iam
791 4640 906 4698 perlecta
924 4635 1007 4704 eraut)
1025 4638 1129 4702 [τιμοάαι
1144 4643 1168 4686 αλ
1185 4639 1293 4687 slew
