3068 5288
818 455 860 515 46

200 646 344 721 Denique
375 645 508 706 tertiam
538 643 763 719 genealogiam
798 645 908 705 servat
935 644 1114 706 scholiasta
1136 648 1176 708 ad
1199 647 1413 709 Theocritum
1436 663 1481 709 ex

201 751 316 810 Iasone
345 745 510 808 Posidonii
540 744 696 820 discipulo
728 744 888 805 referens:
916 744 968 821 „th
992 740 1024 805 δὲ
1050 746 1192 825 Τριόπιον
1215 746 1404 828 ἀκρωτήριον
1426 757 1480 826 τῆς

200 849 332 926 Κνίδου,
362 845 422 908 όιπδ
456 845 588 924 Τριόπου
619 854 673 906 τοῦ
702 843 860 925 Ἄβαντος,
894 842 934 918 ὡς
965 844 998 906 ἕν
1028 852 1088 920 τοῖς
1118 848 1186 929 περὶ
1212 850 1329 912 Κνίδου
1361 845 1479 923 (Ῥόδου

200 952 314 1013 Mdller
347 948 565 1026 probabiliter)
590 942 696 1007 Ἰάσων
727 947 826 1025 φησί’
850 942 881 1018 ¹).
917 948 1074 1023 Equidem
1101 951 1161 1012 has
1192 967 1307 1014 omnes
1337 952 1479 1028 Triopas

198 1053 405 1129 genealogias
439 1051 506 1112 iam
540 1048 738 1111 Callimacho
772 1053 868 1111 notas
901 1051 1003 1113 luisse
1036 1067 1141 1128 neque
1175 1054 1334 1116 contendo
1370 1070 1478 1130 neque

198 1155 400 1231 negaverim,
432 1168 510 1214 nam
540 1152 642 1213 etiam
672 1152 781 1228 plures
812 1154 944 1228 extant;
981 1153 1057 1215 data
1084 1169 1181 1232 opera
1203 1159 1317 1218 entem
1340 1159 1478 1232 poetam

198 1259 231 1318 in
250 1259 362 1318 nostro
386 1256 509 1331 hymno
529 1255 676 1315 docuisse
696 1254 772 1328 quid
791 1254 853 1314 sibi
872 1255 1083 1316 statuendum
1096 1257 1270 1334 videretur,
1288 1257 1380 1319 dabit
1392 1259 1478 1318 mihi

198 1361 380 1434 quicunque
410 1357 678 1419 animadverterit
696 1371 795 1430 qnam
815 1358 965 1418 accurate
984 1357 1118 1433 Triopas
1137 1359 1175 1420 de
1198 1376 1316 1436 genere
1339 1375 1403 1421 sno
1422 1375 1477 1435 pa·

198 1467 284 1522 trem
302 1477 400 1522 suum
419 1460 566 1536 edoceat,
586 1459 685 1519 hnius
703 1459 750 1519 rei
769 1458 932 1520 mehercle
952 1474 1017 1520 non
1033 1460 1193 1536 ignarum.
1215 1463 1368 1538 Increpat
1384 1462 1476 1524 enim

196 1562 444 1639 Erysichthonis
466 1575 584 1637 parens
606 1560 813 1621 miserrimus
836 1560 1022 1635 Neptunum
1045 1562 1135 1624 hisce
1157 1563 1267 1624 verbis
1288 1579 1340 1625 vs.
1363 1564 1429 1625 97:

417 1659 469 1723 ιιαί
491 1656 519 1722 δ’
545 1659 635 1734 αὐτὸς
661 1660 791 1741 Τριόπας
814 1665 931 1733 πολιαῖς
954 1659 1003 1722 ἐπί
1024 1667 1121 1743 χεῖρας
1144 1661 1262 1743 ἔβαλλε,

419 1769 484 1826 τοῖα
506 1762 558 1825 τὸν
581 1761 638 1825 οὐκ
656 1760 761 1824 οἰίονια
785 1761 982 1824 Ποσειδάωνα
1004 1762 1190 1846 καίιοτρίιον·

421 1864 653 1946 „protendissem
674 1864 720 1926 ίδε
741 1863 827 1926 τόνδε
850 1873 918 1926 τεοῦ
941 1865 1053 1946 τρίτον,
1075 1866 1154 1949 εἴπερ
1177 1865 1233 1948 ἐγὼ
1259 1862 1314 1945 μὲν

419 1977 471 2058 σοῦ
494 1990 524 2029 τε
546 1964 597 2028 aot
619 1965 760 2040 Ἀίολίδος
783 1966 927 2039 Κανόνας
950 1964 1050 2048 γένος,
1072 1967 1165 2050 αὐτὰρ
1189 1967 1268 2048 ἐμεῖο

418 2080 504 2132 τοῦτο
528 2068 561 2131 τὸ
584 2068 714 2131 δείλαιον
737 2067 836 2150 γένετο
860 2068 1004 2149 βρέφος”.

241 2177 331 2237 Sicut
360 2175 407 2234 ita
437 2190 454 2234 e
484 2176 576 2249 patre
606 2173 755 2249 Neptuno
785 2174 855 2233 tam
886 2173 1013 2248 Minyas
1044 2190 1142 2249 quam
1169 2190 1228 2235 rex
1250 2173 1339 2235 Dotii
1363 2173 1475 2249 campi

196 2279 331 2354 Triopas
360 2276 430 2336 nati
457 2276 563 2350 erant,
596 2290 616 2335 a
638 2275 799 2335 matribus
822 2290 948 2349 quoque
971 2275 1202 2351 consanguinei
1229 2277 1316 2336 sunt.
1342 2276 1474 2352 Minyas

196 2381 284 2441 enim
304 2395 346 2440 ex
366 2377 522 2452 Chryside
540 2375 633 2437 Aeoli
651 2378 748 2452 nepte
759 2391 838 2437 mox
850 2378 1002 2438 nascetur
1013 2377 1172 2454 Neptuno.
1185 2377 1344 2438 Poseidon
1357 2380 1472 2438 autem

195 2482 249 2542 ille
280 2480 396 2555 ἴοιιιος,
430 2479 510 2539 deus
545 2478 728 2552 Minyarum
763 2478 896 2553 gentilis
918 2471 953 2554 ²),
987 2495 1084 2553 quem
1115 2480 1213 2541 simul
1245 2495 1321 2542 oum
1353 2479 1472 2541 Cerere

194 2585 227 2644 in
250 2598 343 2645 sacro
366 2582 494 2657 Triopio
524 2594 651 2655 quoqne
675 2579 798 2640 cultum
823 2595 897 2640 esee
927 2581 1051 2642 scholia
1073 2582 1114 2643 ad
1137 2582 1345 2644 Theocritum
1369 2597 1473 2658 supra

193 2687 325 2747 laudata
354 2686 527 2760 testantur,
559 2683 645 2743 haud
679 2682 846 2756 neglectus
877 2685 929 2743 est
958 2699 978 2744 a
1008 2682 1216 2745 Callimacho.
1247 2683 1332 2743 Eum
1363 2685 1472 2744 sacris

195 2788 318 2862 nuptiis
351 2801 426 2846 cum
461 2784 575 2846 Cerere
607 2785 816 2845 coniunctum
851 2784 912 2845 coli
944 2786 1028 2860 apud
1057 2785 1277 2860 Thelpusaeos
1307 2785 1471 2845 Arcadiae

195 2890 318 2950 incolas
351 2887 549 2948 memoravit
577 2886 616 2945 lr.
649 2887 724 2962 207,
757 2887 786 2945 ei
818 2885 921 2946 illium
950 2887 1072 2948 addidit
1102 2888 1261 2963 Lepreum
1293 2886 1388 2947 illum
1420 2888 1468 2959 (fr.

196 2992 258 3050 100
281 2983 328 3060 οὓ)
360 2989 493 3049 cuiusa
524 2988 655 3047 nomine
680 2988 767 3048 dicta
789 2991 878 3048 esset
907 2990 985 3049 urbs
1015 2989 1048 3048 in
1080 2988 1246 3065 Triphylia
1270 2988 1404 3049 condita
1428 2987 1468 3048 ab

191 3092 257 3152 illis
277 3092 395 3165 Minyis
413 3090 468 3164 qui
487 3104 529 3148 ex
548 3089 706 3149 Laconica
722 3089 916 3163 aufugerant
927 3093 1035 3150 aetate
1047 3090 1180 3150 Therae.
1193 3086 1469 3164 Denique'lrmrov

191 3193 415 3254 Battiadarum
436 3191 534 3251 deum
550 3190 706 3263 gentilem
730 3190 874 3264 respexit
895 3205 970 3251 cum
989 3190 1128 3251 Dianam
1140 3192 1310 3265 puerulam
1327 3191 1468 3252 Vulcani

192 3293 338 3355 officinas
367 3293 546 3352 intrantem
569 3290 754 3351 describens
778 3291 896 3352 adiecit
919 3307 1060 3366 quonam
1084 3308 1180 3368 opere
1202 3295 1380 3368 occupatos
1408 3293 1466 3367 Gy·

193 3397 300 3472 clopee
323 3411 362 3455 ea
384 3394 566 3454 invenisset
589 3392 656 3463 (ΙΙΙ.
682 3394 754 3462 tol:

414 3494 535 3572 ίιιιιείην
558 3494 712 3554 τετύκοντο
737 3493 927 3554 Ποσειδάωνι
950 3495 1117 3575 ποτίστριιν.
1140 3488 1161 3568 ⁸)

235 3599 325 3659 Haec
355 3598 454 3673 igitur
483 3597 561 3657 sunt
590 3611 673 3670 quae
697 3595 736 3655 de
763 3596 941 3657 Poseidone
964 3597 1082 3673 Hippio
1106 3598 1208 3671 deque
1232 3596 1359 3658 Cereris
1381 3599 1466 3660 sedi-

191 3701 251 3761 bus
274 3698 513 3775 antiquissimis
532 3698 693 3758 iudioasse
712 3697 849 3758 videtur.
876 3697 979 3774 Quam
1003 3699 1111 3775 deam,
1136 3699 1214 3759 licet
1244 3700 1315 3760 eius
1340 3715 1464 3761 numen

191 3995 248 4042 dam
272 3994 370 4055 patriae
392 3993 507 4052 gloriam.
534 3994 598 4041 Num
623 3993 667 4039 tali
685 3994 831 4053 suspicione
848 3993 943 4053 dignus
960 3995 994 4040 eit
1010 3995 1119 4053 scriptor
1137 4008 1212 4054 quem
1232 3995 1321 4043 laudet
1338 3996 1464 4055 Polybius

190 4076 277 4128 (XVII.
297 4075 336 4132 14)
354 4079 380 4121 et
397 4087 443 4132 per
460 4073 534 4132 plura
552 4073 674 4133 deinceps
693 4075 777 4134 capita
795 4080 927 4134 sequatur,
944 4073 1042 4122 dubito.

225 4153 243 4218 ¹)
261 4154 345 4202 Sobel.
363 4154 396 4200 ad
414 4153 616 4199 Theocr.XV1L
635 4155 675 4199 ee.

223 4230 242 4293 ¹)
259 4234 289 4280 Id
314 4233 383 4280 euim
409 4231 512 4291 egregie
537 4231 723 4279 demonstrarit
747 4232 913 4279 Immersrahr
930 4232 947 4278 l.
965 4232 981 4279 l.
1005 4246 1030 4293 p.
1049 4234 1081 4281 tt
1098 4249 1147 4297 sqq.
1167 4248 1192 4295 p.
1212 4237 1334 4299 riesqqa
1360 4238 1460 4285 etiami

189 4315 271 4362 mults
288 4312 375 4360 attulit
391 4324 457 4370 quas
471 4311 547 4357 nimis
561 4310 658 4358 incerta
677 4312 808 4371 propriam
825 4311 1075 4371 argumentationem
1093 4313 1233 4361 obscurant
1248 4315 1376 4376 (inprimis
1393 4329 1460 4377 quae

188 4393 221 4440 de
238 4391 353 4440 houibus
369 4390 550 4450 haanibneque
567 4404 593 4451 p.
613 4392 660 4438 114
676 4406 711 4454 aq.
730 4388 856 4453 protulit).

220 4468 242 4533 ³)
260 4471 299 4519 (ii.
315 4471 393 4518 etiam
410 4468 479 4517 seua.
502 4470 523 4516 Ι.
543 4483 568 4530 p.
587 4472 626 4518 60.
645 4496 678 4507 -
695 4471 853 4532 Delphorum
879 4472 992 4531 origines
1014 4471 1075 4521 huie
1096 4473 1145 4521 deo
1163 4474 1284 4523 tribuisse
1302 4475 1405 4524 ridetur
1427 4476 1456 4523 ir.

189 4549 235 4599 w
251 4564 283 4598 ex
301 4564 332 4598 eo
348 4545 446 4613 :natum
463 4549 594 4609 Delphnm
612 4550 717 4598 heroem
734 4564 893 4612 memorans,
909 4552 943 4599 oi.
961 4551 991 4599 ir.
1006 4553 1069 4610 2213
1091 4553 1204 4601 Lesbum
1222 4555 1332 4603 insulam
1350 4569 1409 4604 oum
1427 4567 1456 4603 eo

187 4631 320 4690 coniungit
338 4629 467 4677 Materies
484 4628 578 4691 Alopes
595 4642 652 4677 eam
670 4630 804 4678 nominans
823 4630 854 4677 ir.
873 4631 913 4678 88.
